time,closeAsk,closeBid,volume
2015-08-06T17:31:05.000000Z,2.37109375,2.369140625,3.0
2015-08-06T17:31:10.000000Z,2.37109375,2.369140625,2.0
2015-08-06T17:31:15.000000Z,2.37109375,2.369140625,1.0
2015-08-06T17:31:30.000000Z,2.37109375,2.37109375,4.0
2015-08-06T17:31:35.000000Z,2.37109375,2.369140625,4.0
2015-08-06T17:31:45.000000Z,2.37109375,2.369140625,3.0
2015-08-06T17:32:00.000000Z,2.37109375,2.369140625,1.0
2015-08-06T17:32:05.000000Z,2.37109375,2.369140625,13.0
2015-08-06T17:32:10.000000Z,2.37109375,2.369140625,3.0
2015-08-06T17:32:15.000000Z,2.37109375,2.369140625,1.0
2015-08-06T17:32:20.000000Z,2.37109375,2.369140625,1.0
2015-08-06T17:32:30.000000Z,2.37109375,2.369140625,1.0
2015-08-06T17:32:45.000000Z,2.37109375,2.369140625,2.0
2015-08-06T17:32:50.000000Z,2.37109375,2.369140625,11.0
2015-08-06T17:32:55.000000Z,2.37109375,2.369140625,1.0
2015-08-06T17:33:00.000000Z,2.37109375,2.369140625,3.0
2015-08-06T17:33:10.000000Z,2.37109375,2.369140625,3.0
2015-08-06T17:33:15.000000Z,2.37109375,2.369140625,2.0
2015-08-06T17:33:25.000000Z,2.37109375,2.369140625,8.0
2015-08-06T17:33:40.000000Z,2.37109375,2.369140625,2.0
2015-08-06T17:33:50.000000Z,2.37109375,2.369140625,3.0
2015-08-06T17:33:55.000000Z,2.37109375,2.369140625,6.0
2015-08-06T17:34:00.000000Z,2.37109375,2.369140625,5.0
2015-08-06T17:34:05.000000Z,2.37109375,2.369140625,1.0
2015-08-06T17:34:10.000000Z,2.37109375,2.369140625,4.0
2015-08-06T17:34:15.000000Z,2.37109375,2.369140625,2.0
2015-08-06T17:34:20.000000Z,2.37109375,2.369140625,8.0
2015-08-06T17:34:25.000000Z,2.37109375,2.369140625,4.0
2015-08-06T17:34:30.000000Z,2.37109375,2.369140625,5.0
2015-08-06T17:34:35.000000Z,2.37109375,2.369140625,2.0
2015-08-06T17:34:40.000000Z,2.37109375,2.369140625,1.0
2015-08-06T17:34:50.000000Z,2.37109375,2.369140625,2.0
2015-08-06T17:34:55.000000Z,2.37109375,2.369140625,4.0
2015-08-06T17:35:00.000000Z,2.37109375,2.369140625,4.0
2015-08-06T17:35:05.000000Z,2.37109375,2.369140625,2.0
2015-08-06T17:35:10.000000Z,2.37109375,2.369140625,2.0
2015-08-06T17:35:25.000000Z,2.37109375,2.369140625,1.0
2015-08-06T17:35:30.000000Z,2.37109375,2.369140625,5.0
2015-08-06T17:35:40.000000Z,2.37109375,2.369140625,2.0
2015-08-06T17:35:50.000000Z,2.37109375,2.369140625,2.0
2015-08-06T17:36:10.000000Z,2.37109375,2.369140625,3.0
2015-08-06T17:36:30.000000Z,2.37109375,2.369140625,3.0
2015-08-06T17:36:35.000000Z,2.37109375,2.369140625,5.0
2015-08-06T17:36:50.000000Z,2.37109375,2.369140625,12.0
2015-08-06T17:36:55.000000Z,2.37109375,2.369140625,2.0
2015-08-06T17:37:00.000000Z,2.37109375,2.369140625,7.0
2015-08-06T17:37:05.000000Z,2.37109375,2.369140625,4.0
2015-08-06T17:37:20.000000Z,2.37109375,2.369140625,5.0
2015-08-06T17:37:25.000000Z,2.37109375,2.369140625,2.0
2015-08-06T17:37:30.000000Z,2.37109375,2.369140625,2.0
2015-08-06T17:37:35.000000Z,2.37109375,2.369140625,2.0
2015-08-06T17:38:00.000000Z,2.37109375,2.369140625,2.0
2015-08-06T17:38:05.000000Z,2.37109375,2.369140625,1.0
2015-08-06T17:38:10.000000Z,2.37109375,2.369140625,9.0
2015-08-06T17:38:15.000000Z,2.37109375,2.369140625,2.0
2015-08-06T17:38:20.000000Z,2.37109375,2.369140625,2.0
2015-08-06T17:38:25.000000Z,2.37109375,2.369140625,1.0
2015-08-06T17:38:35.000000Z,2.37109375,2.369140625,1.0
2015-08-06T17:38:40.000000Z,2.37109375,2.369140625,4.0
2015-08-06T17:38:45.000000Z,2.37109375,2.369140625,6.0
2015-08-06T17:39:00.000000Z,2.37109375,2.369140625,3.0
2015-08-06T17:39:10.000000Z,2.37109375,2.369140625,1.0
2015-08-06T17:39:15.000000Z,2.37109375,2.369140625,3.0
2015-08-06T17:39:20.000000Z,2.37109375,2.369140625,2.0
2015-08-06T17:39:25.000000Z,2.37109375,2.369140625,2.0
2015-08-06T17:39:30.000000Z,2.37109375,2.369140625,2.0
2015-08-06T17:39:35.000000Z,2.37109375,2.369140625,2.0
2015-08-06T17:39:55.000000Z,2.37109375,2.369140625,13.0
2015-08-06T17:40:00.000000Z,2.37109375,2.369140625,1.0
2015-08-06T17:40:05.000000Z,2.37109375,2.369140625,3.0
2015-08-06T17:40:10.000000Z,2.37109375,2.369140625,9.0
2015-08-06T17:40:20.000000Z,2.37109375,2.369140625,1.0
2015-08-06T17:40:25.000000Z,2.37109375,2.369140625,3.0
2015-08-06T17:40:30.000000Z,2.37109375,2.369140625,2.0
2015-08-06T17:40:45.000000Z,2.37109375,2.369140625,1.0
2015-08-06T17:41:00.000000Z,2.37109375,2.369140625,1.0
2015-08-06T17:41:15.000000Z,2.37109375,2.369140625,1.0
2015-08-06T17:41:40.000000Z,2.37109375,2.369140625,2.0
2015-08-06T17:41:45.000000Z,2.37109375,2.369140625,2.0
2015-08-06T17:41:50.000000Z,2.37109375,2.369140625,1.0
2015-08-06T17:41:55.000000Z,2.37109375,2.369140625,12.0
2015-08-06T17:42:00.000000Z,2.37109375,2.369140625,2.0
2015-08-06T17:42:10.000000Z,2.37109375,2.369140625,6.0
2015-08-06T17:42:15.000000Z,2.37109375,2.369140625,7.0
2015-08-06T17:42:20.000000Z,2.37109375,2.369140625,1.0
2015-08-06T17:42:25.000000Z,2.37109375,2.369140625,4.0
2015-08-06T17:42:45.000000Z,2.37109375,2.369140625,6.0
2015-08-06T17:42:50.000000Z,2.37109375,2.369140625,2.0
2015-08-06T17:42:55.000000Z,2.37109375,2.369140625,1.0
2015-08-06T17:43:00.000000Z,2.37109375,2.369140625,1.0
2015-08-06T17:43:05.000000Z,2.37109375,2.369140625,5.0
2015-08-06T17:43:10.000000Z,2.37109375,2.369140625,4.0
2015-08-06T17:43:15.000000Z,2.37109375,2.369140625,4.0
2015-08-06T17:43:25.000000Z,2.37109375,2.369140625,4.0
2015-08-06T17:43:35.000000Z,2.37109375,2.369140625,1.0
2015-08-06T17:43:40.000000Z,2.37109375,2.369140625,4.0
2015-08-06T17:43:45.000000Z,2.37109375,2.369140625,1.0
2015-08-06T17:43:50.000000Z,2.37109375,2.369140625,2.0
2015-08-06T17:44:10.000000Z,2.37109375,2.369140625,1.0
2015-08-06T17:44:15.000000Z,2.37109375,2.369140625,3.0
2015-08-06T17:44:30.000000Z,2.37109375,2.369140625,1.0
2015-08-06T17:44:45.000000Z,2.37109375,2.369140625,1.0
2015-08-06T17:44:50.000000Z,2.37109375,2.369140625,2.0
2015-08-06T17:45:00.000000Z,2.37109375,2.369140625,6.0
2015-08-06T17:45:05.000000Z,2.37109375,2.369140625,4.0
2015-08-06T17:45:10.000000Z,2.37109375,2.369140625,2.0
2015-08-06T17:45:15.000000Z,2.37109375,2.369140625,1.0
2015-08-06T17:45:20.000000Z,2.37109375,2.369140625,1.0
2015-08-06T17:45:25.000000Z,2.37109375,2.369140625,3.0
2015-08-06T17:45:30.000000Z,2.369140625,2.369140625,1.0
2015-08-06T17:45:35.000000Z,2.369140625,2.369140625,11.0
2015-08-06T17:45:45.000000Z,2.37109375,2.369140625,1.0
2015-08-06T17:45:50.000000Z,2.37109375,2.369140625,2.0
2015-08-06T17:45:55.000000Z,2.37109375,2.369140625,6.0
2015-08-06T17:46:00.000000Z,2.37109375,2.369140625,4.0
2015-08-06T17:46:05.000000Z,2.37109375,2.369140625,1.0
2015-08-06T17:46:10.000000Z,2.37109375,2.369140625,1.0
2015-08-06T17:46:15.000000Z,2.37109375,2.369140625,2.0
2015-08-06T17:46:20.000000Z,2.37109375,2.369140625,3.0
2015-08-06T17:46:25.000000Z,2.37109375,2.369140625,2.0
2015-08-06T17:46:30.000000Z,2.37109375,2.369140625,1.0
2015-08-06T17:46:45.000000Z,2.37109375,2.369140625,3.0
2015-08-06T17:46:50.000000Z,2.37109375,2.369140625,6.0
2015-08-06T17:47:00.000000Z,2.37109375,2.369140625,4.0
2015-08-06T17:47:05.000000Z,2.369140625,2.369140625,18.0
2015-08-06T17:47:10.000000Z,2.369140625,2.369140625,6.0
2015-08-06T17:47:15.000000Z,2.369140625,2.369140625,4.0
2015-08-06T17:47:20.000000Z,2.369140625,2.369140625,1.0
2015-08-06T17:47:25.000000Z,2.369140625,2.369140625,4.0
2015-08-06T17:47:30.000000Z,2.369140625,2.369140625,1.0
2015-08-06T17:47:45.000000Z,2.369140625,2.369140625,1.0
2015-08-06T17:48:00.000000Z,2.369140625,2.369140625,3.0
2015-08-06T17:48:15.000000Z,2.369140625,2.369140625,2.0
2015-08-06T17:49:00.000000Z,2.369140625,2.369140625,5.0
2015-08-06T17:49:05.000000Z,2.369140625,2.369140625,1.0
2015-08-06T17:49:10.000000Z,2.369140625,2.369140625,1.0
2015-08-06T17:49:15.000000Z,2.369140625,2.369140625,2.0
2015-08-06T17:49:20.000000Z,2.369140625,2.369140625,2.0
2015-08-06T17:49:30.000000Z,2.369140625,2.369140625,1.0
2015-08-06T17:49:35.000000Z,2.369140625,2.369140625,6.0
2015-08-06T17:49:40.000000Z,2.369140625,2.369140625,2.0
2015-08-06T17:49:45.000000Z,2.369140625,2.369140625,4.0
2015-08-06T17:49:50.000000Z,2.369140625,2.369140625,12.0
2015-08-06T17:50:10.000000Z,2.369140625,2.369140625,2.0
2015-08-06T17:50:15.000000Z,2.369140625,2.369140625,13.0
2015-08-06T17:50:20.000000Z,2.369140625,2.369140625,2.0
2015-08-06T17:50:25.000000Z,2.369140625,2.369140625,6.0
2015-08-06T17:50:30.000000Z,2.369140625,2.369140625,2.0
2015-08-06T17:50:50.000000Z,2.369140625,2.369140625,1.0
2015-08-06T17:51:05.000000Z,2.369140625,2.369140625,2.0
2015-08-06T17:51:15.000000Z,2.369140625,2.369140625,1.0
2015-08-06T17:51:40.000000Z,2.369140625,2.369140625,3.0
2015-08-06T17:51:45.000000Z,2.369140625,2.369140625,1.0
2015-08-06T17:51:50.000000Z,2.369140625,2.369140625,1.0
2015-08-06T17:52:20.000000Z,2.369140625,2.369140625,6.0
2015-08-06T17:52:25.000000Z,2.369140625,2.369140625,4.0
2015-08-06T17:52:30.000000Z,2.369140625,2.369140625,1.0
2015-08-06T17:52:55.000000Z,2.369140625,2.369140625,6.0
2015-08-06T17:53:00.000000Z,2.369140625,2.369140625,1.0
2015-08-06T17:53:10.000000Z,2.369140625,2.369140625,1.0
2015-08-06T17:53:20.000000Z,2.369140625,2.369140625,4.0
2015-08-06T17:53:25.000000Z,2.369140625,2.369140625,1.0
2015-08-06T17:53:35.000000Z,2.369140625,2.369140625,1.0
2015-08-06T17:53:40.000000Z,2.369140625,2.369140625,2.0
2015-08-06T17:53:45.000000Z,2.369140625,2.369140625,2.0
2015-08-06T17:54:05.000000Z,2.369140625,2.369140625,2.0
2015-08-06T17:54:10.000000Z,2.369140625,2.369140625,3.0
2015-08-06T17:54:15.000000Z,2.369140625,2.369140625,7.0
2015-08-06T17:54:20.000000Z,2.369140625,2.369140625,4.0
2015-08-06T17:54:40.000000Z,2.369140625,2.369140625,4.0
2015-08-06T17:54:45.000000Z,2.369140625,2.369140625,5.0
2015-08-06T17:54:55.000000Z,2.369140625,2.369140625,1.0
2015-08-06T17:55:30.000000Z,2.369140625,2.369140625,3.0
2015-08-06T17:55:35.000000Z,2.369140625,2.369140625,1.0
2015-08-06T17:56:00.000000Z,2.369140625,2.369140625,1.0
2015-08-06T17:56:10.000000Z,2.369140625,2.369140625,3.0
2015-08-06T17:56:25.000000Z,2.369140625,2.369140625,4.0
2015-08-06T17:56:40.000000Z,2.369140625,2.369140625,1.0
2015-08-06T17:56:50.000000Z,2.369140625,2.369140625,5.0
2015-08-06T17:57:05.000000Z,2.369140625,2.369140625,3.0
2015-08-06T17:57:10.000000Z,2.369140625,2.369140625,1.0
2015-08-06T17:57:15.000000Z,2.369140625,2.369140625,1.0
2015-08-06T17:57:20.000000Z,2.369140625,2.369140625,3.0
2015-08-06T17:57:25.000000Z,2.369140625,2.369140625,1.0
2015-08-06T17:57:35.000000Z,2.369140625,2.369140625,4.0
2015-08-06T17:57:45.000000Z,2.369140625,2.369140625,1.0
2015-08-06T17:57:50.000000Z,2.369140625,2.369140625,3.0
2015-08-06T17:58:00.000000Z,2.369140625,2.3671875,8.0
2015-08-06T17:58:05.000000Z,2.369140625,2.3671875,8.0
2015-08-06T17:58:10.000000Z,2.369140625,2.3671875,4.0
2015-08-06T17:58:15.000000Z,2.369140625,2.3671875,14.0
2015-08-06T17:58:20.000000Z,2.369140625,2.3671875,8.0
2015-08-06T17:58:30.000000Z,2.369140625,2.3671875,2.0
2015-08-06T17:58:35.000000Z,2.369140625,2.3671875,2.0
2015-08-06T17:58:40.000000Z,2.369140625,2.3671875,1.0
2015-08-06T17:58:45.000000Z,2.369140625,2.3671875,12.0
2015-08-06T17:58:50.000000Z,2.369140625,2.3671875,5.0
2015-08-06T17:59:00.000000Z,2.369140625,2.3671875,1.0
2015-08-06T17:59:10.000000Z,2.369140625,2.3671875,9.0
2015-08-06T17:59:15.000000Z,2.369140625,2.3671875,9.0
2015-08-06T17:59:20.000000Z,2.369140625,2.3671875,1.0
2015-08-06T17:59:25.000000Z,2.369140625,2.3671875,1.0
2015-08-06T17:59:30.000000Z,2.369140625,2.3671875,6.0
2015-08-06T17:59:35.000000Z,2.369140625,2.3671875,3.0
2015-08-06T17:59:40.000000Z,2.369140625,2.3671875,4.0
2015-08-06T17:59:45.000000Z,2.369140625,2.3671875,6.0
2015-08-06T17:59:50.000000Z,2.369140625,2.3671875,2.0
2015-08-06T17:59:55.000000Z,2.369140625,2.3671875,3.0
2015-08-06T18:00:00.000000Z,2.369140625,2.3671875,15.0
2015-08-06T18:00:05.000000Z,2.369140625,2.369140625,5.0
2015-08-06T18:00:10.000000Z,2.369140625,2.369140625,1.0
2015-08-06T18:00:20.000000Z,2.369140625,2.369140625,3.0
2015-08-06T18:00:25.000000Z,2.369140625,2.369140625,2.0
2015-08-06T18:00:30.000000Z,2.369140625,2.369140625,1.0
2015-08-06T18:00:40.000000Z,2.369140625,2.369140625,4.0
2015-08-06T18:00:55.000000Z,2.369140625,2.369140625,2.0
2015-08-06T18:01:00.000000Z,2.369140625,2.369140625,2.0
2015-08-06T18:01:15.000000Z,2.369140625,2.369140625,2.0
2015-08-06T18:01:20.000000Z,2.369140625,2.369140625,1.0
2015-08-06T18:01:35.000000Z,2.369140625,2.369140625,1.0
2015-08-06T18:01:40.000000Z,2.369140625,2.3671875,6.0
2015-08-06T18:01:50.000000Z,2.369140625,2.369140625,1.0
2015-08-06T18:02:05.000000Z,2.369140625,2.369140625,1.0
2015-08-06T18:02:20.000000Z,2.369140625,2.3671875,2.0
2015-08-06T18:02:30.000000Z,2.369140625,2.3671875,1.0
2015-08-06T18:03:00.000000Z,2.369140625,2.3671875,3.0
2015-08-06T18:03:05.000000Z,2.369140625,2.3671875,2.0
2015-08-06T18:03:10.000000Z,2.369140625,2.3671875,4.0
2015-08-06T18:03:15.000000Z,2.369140625,2.3671875,5.0
2015-08-06T18:03:30.000000Z,2.369140625,2.3671875,1.0
2015-08-06T18:04:00.000000Z,2.369140625,2.3671875,4.0
2015-08-06T18:04:10.000000Z,2.369140625,2.3671875,4.0
2015-08-06T18:04:20.000000Z,2.369140625,2.369140625,6.0
2015-08-06T18:04:30.000000Z,2.369140625,2.369140625,4.0
2015-08-06T18:05:00.000000Z,2.369140625,2.369140625,2.0
2015-08-06T18:05:10.000000Z,2.369140625,2.369140625,1.0
2015-08-06T18:05:20.000000Z,2.369140625,2.369140625,1.0
2015-08-06T18:05:40.000000Z,2.369140625,2.369140625,1.0
2015-08-06T18:05:45.000000Z,2.369140625,2.3671875,2.0
2015-08-06T18:05:50.000000Z,2.369140625,2.3671875,7.0
2015-08-06T18:05:55.000000Z,2.369140625,2.369140625,4.0
2015-08-06T18:06:10.000000Z,2.369140625,2.369140625,3.0
2015-08-06T18:06:15.000000Z,2.369140625,2.369140625,1.0
2015-08-06T18:06:20.000000Z,2.369140625,2.369140625,3.0
2015-08-06T18:06:30.000000Z,2.369140625,2.369140625,1.0
2015-08-06T18:06:35.000000Z,2.369140625,2.369140625,4.0
2015-08-06T18:06:40.000000Z,2.369140625,2.369140625,4.0
2015-08-06T18:06:45.000000Z,2.369140625,2.369140625,3.0
2015-08-06T18:06:50.000000Z,2.369140625,2.369140625,5.0
2015-08-06T18:07:00.000000Z,2.369140625,2.369140625,3.0
2015-08-06T18:07:35.000000Z,2.369140625,2.369140625,4.0
2015-08-06T18:07:45.000000Z,2.369140625,2.369140625,1.0
2015-08-06T18:07:50.000000Z,2.369140625,2.369140625,3.0
2015-08-06T18:07:55.000000Z,2.369140625,2.369140625,2.0
2015-08-06T18:08:20.000000Z,2.369140625,2.369140625,2.0
2015-08-06T18:08:50.000000Z,2.369140625,2.369140625,11.0
2015-08-06T18:08:55.000000Z,2.369140625,2.369140625,4.0
2015-08-06T18:09:00.000000Z,2.369140625,2.369140625,2.0
2015-08-06T18:09:10.000000Z,2.369140625,2.369140625,1.0
2015-08-06T18:09:20.000000Z,2.369140625,2.369140625,3.0
2015-08-06T18:09:25.000000Z,2.369140625,2.369140625,3.0
2015-08-06T18:09:30.000000Z,2.369140625,2.369140625,1.0
2015-08-06T18:09:35.000000Z,2.369140625,2.369140625,1.0
2015-08-06T18:09:40.000000Z,2.369140625,2.369140625,4.0
2015-08-06T18:09:45.000000Z,2.369140625,2.369140625,1.0
2015-08-06T18:09:50.000000Z,2.369140625,2.369140625,2.0
2015-08-06T18:10:00.000000Z,2.369140625,2.369140625,2.0
2015-08-06T18:10:05.000000Z,2.369140625,2.369140625,6.0
2015-08-06T18:10:10.000000Z,2.369140625,2.369140625,2.0
2015-08-06T18:10:15.000000Z,2.369140625,2.369140625,3.0
2015-08-06T18:10:20.000000Z,2.369140625,2.369140625,2.0
2015-08-06T18:10:45.000000Z,2.369140625,2.3671875,9.0
2015-08-06T18:11:00.000000Z,2.369140625,2.3671875,1.0
2015-08-06T18:11:05.000000Z,2.369140625,2.3671875,1.0
2015-08-06T18:11:10.000000Z,2.369140625,2.3671875,1.0
2015-08-06T18:11:15.000000Z,2.369140625,2.3671875,8.0
2015-08-06T18:11:20.000000Z,2.369140625,2.3671875,1.0
2015-08-06T18:11:50.000000Z,2.369140625,2.3671875,2.0
2015-08-06T18:11:55.000000Z,2.369140625,2.3671875,1.0
2015-08-06T18:12:00.000000Z,2.369140625,2.3671875,2.0
2015-08-06T18:12:10.000000Z,2.369140625,2.3671875,1.0
2015-08-06T18:12:30.000000Z,2.369140625,2.3671875,3.0
2015-08-06T18:12:35.000000Z,2.369140625,2.3671875,3.0
2015-08-06T18:12:40.000000Z,2.369140625,2.3671875,1.0
2015-08-06T18:12:45.000000Z,2.369140625,2.3671875,2.0
2015-08-06T18:12:50.000000Z,2.369140625,2.3671875,2.0
2015-08-06T18:12:55.000000Z,2.369140625,2.3671875,1.0
2015-08-06T18:13:00.000000Z,2.369140625,2.3671875,3.0
2015-08-06T18:13:05.000000Z,2.369140625,2.3671875,2.0
2015-08-06T18:13:10.000000Z,2.369140625,2.3671875,6.0
2015-08-06T18:13:15.000000Z,2.369140625,2.3671875,1.0
2015-08-06T18:13:25.000000Z,2.369140625,2.3671875,1.0
2015-08-06T18:13:35.000000Z,2.369140625,2.3671875,2.0
2015-08-06T18:13:55.000000Z,2.369140625,2.3671875,2.0
2015-08-06T18:14:00.000000Z,2.369140625,2.3671875,1.0
2015-08-06T18:14:10.000000Z,2.369140625,2.3671875,4.0
2015-08-06T18:14:25.000000Z,2.369140625,2.3671875,4.0
2015-08-06T18:14:30.000000Z,2.369140625,2.3671875,3.0
2015-08-06T18:14:35.000000Z,2.369140625,2.3671875,4.0
2015-08-06T18:14:40.000000Z,2.369140625,2.3671875,8.0
2015-08-06T18:14:55.000000Z,2.369140625,2.3671875,10.0
2015-08-06T18:15:00.000000Z,2.369140625,2.3671875,5.0
2015-08-06T18:15:05.000000Z,2.369140625,2.369140625,5.0
2015-08-06T18:15:10.000000Z,2.369140625,2.3671875,2.0
2015-08-06T18:15:20.000000Z,2.369140625,2.3671875,2.0
2015-08-06T18:15:25.000000Z,2.369140625,2.3671875,5.0
2015-08-06T18:15:35.000000Z,2.369140625,2.3671875,3.0
2015-08-06T18:15:40.000000Z,2.369140625,2.369140625,9.0
2015-08-06T18:15:45.000000Z,2.369140625,2.369140625,1.0
2015-08-06T18:15:50.000000Z,2.369140625,2.369140625,5.0
2015-08-06T18:16:05.000000Z,2.369140625,2.369140625,1.0
2015-08-06T18:16:10.000000Z,2.369140625,2.369140625,5.0
2015-08-06T18:16:15.000000Z,2.369140625,2.369140625,5.0
2015-08-06T18:16:20.000000Z,2.369140625,2.369140625,1.0
2015-08-06T18:16:25.000000Z,2.369140625,2.369140625,1.0
2015-08-06T18:16:30.000000Z,2.369140625,2.3671875,1.0
2015-08-06T18:16:45.000000Z,2.369140625,2.3671875,7.0
2015-08-06T18:16:50.000000Z,2.369140625,2.3671875,3.0
2015-08-06T18:17:00.000000Z,2.369140625,2.3671875,2.0
2015-08-06T18:17:20.000000Z,2.369140625,2.3671875,2.0
2015-08-06T18:17:25.000000Z,2.369140625,2.3671875,1.0
2015-08-06T18:17:30.000000Z,2.369140625,2.3671875,6.0
2015-08-06T18:17:55.000000Z,2.369140625,2.3671875,1.0
2015-08-06T18:18:00.000000Z,2.369140625,2.3671875,1.0
2015-08-06T18:18:05.000000Z,2.369140625,2.3671875,2.0
2015-08-06T18:18:20.000000Z,2.369140625,2.3671875,8.0
2015-08-06T18:18:25.000000Z,2.369140625,2.3671875,1.0
2015-08-06T18:18:30.000000Z,2.369140625,2.3671875,4.0
2015-08-06T18:18:35.000000Z,2.369140625,2.3671875,1.0
2015-08-06T18:18:40.000000Z,2.369140625,2.369140625,2.0
2015-08-06T18:18:45.000000Z,2.369140625,2.369140625,10.0
2015-08-06T18:18:50.000000Z,2.369140625,2.369140625,3.0
2015-08-06T18:18:55.000000Z,2.369140625,2.369140625,1.0
2015-08-06T18:19:00.000000Z,2.369140625,2.369140625,1.0
2015-08-06T18:19:05.000000Z,2.369140625,2.369140625,2.0
2015-08-06T18:19:10.000000Z,2.369140625,2.3671875,1.0
2015-08-06T18:19:25.000000Z,2.369140625,2.369140625,1.0
2015-08-06T18:19:30.000000Z,2.369140625,2.369140625,6.0
2015-08-06T18:19:40.000000Z,2.369140625,2.369140625,3.0
2015-08-06T18:19:45.000000Z,2.369140625,2.369140625,2.0
2015-08-06T18:19:50.000000Z,2.369140625,2.369140625,4.0
2015-08-06T18:19:55.000000Z,2.369140625,2.3671875,10.0
2015-08-06T18:20:00.000000Z,2.369140625,2.3671875,1.0
2015-08-06T18:20:05.000000Z,2.369140625,2.3671875,13.0
2015-08-06T18:20:25.000000Z,2.369140625,2.3671875,1.0
2015-08-06T18:20:35.000000Z,2.369140625,2.3671875,3.0
2015-08-06T18:20:40.000000Z,2.369140625,2.3671875,1.0
2015-08-06T18:20:45.000000Z,2.369140625,2.3671875,3.0
2015-08-06T18:20:50.000000Z,2.369140625,2.3671875,1.0
2015-08-06T18:20:55.000000Z,2.369140625,2.3671875,3.0
2015-08-06T18:21:00.000000Z,2.369140625,2.3671875,2.0
2015-08-06T18:21:05.000000Z,2.369140625,2.3671875,1.0
2015-08-06T18:21:15.000000Z,2.369140625,2.3671875,1.0
2015-08-06T18:21:20.000000Z,2.369140625,2.3671875,5.0
2015-08-06T18:21:25.000000Z,2.369140625,2.3671875,9.0
2015-08-06T18:21:30.000000Z,2.369140625,2.3671875,7.0
2015-08-06T18:21:35.000000Z,2.369140625,2.3671875,4.0
2015-08-06T18:21:45.000000Z,2.369140625,2.3671875,6.0
2015-08-06T18:22:00.000000Z,2.369140625,2.3671875,4.0
2015-08-06T18:22:05.000000Z,2.369140625,2.3671875,3.0
2015-08-06T18:22:20.000000Z,2.369140625,2.3671875,8.0
2015-08-06T18:22:25.000000Z,2.369140625,2.3671875,1.0
2015-08-06T18:22:30.000000Z,2.369140625,2.3671875,1.0
2015-08-06T18:22:35.000000Z,2.369140625,2.3671875,3.0
2015-08-06T18:22:50.000000Z,2.369140625,2.3671875,4.0
2015-08-06T18:22:55.000000Z,2.369140625,2.3671875,1.0
2015-08-06T18:23:00.000000Z,2.369140625,2.3671875,5.0
2015-08-06T18:23:15.000000Z,2.369140625,2.3671875,2.0
2015-08-06T18:23:25.000000Z,2.369140625,2.3671875,6.0
2015-08-06T18:23:30.000000Z,2.369140625,2.3671875,5.0
2015-08-06T18:23:35.000000Z,2.369140625,2.3671875,3.0
2015-08-06T18:23:45.000000Z,2.369140625,2.3671875,3.0
2015-08-06T18:24:00.000000Z,2.369140625,2.3671875,4.0
2015-08-06T18:24:05.000000Z,2.369140625,2.3671875,3.0
2015-08-06T18:24:35.000000Z,2.369140625,2.3671875,6.0
2015-08-06T18:24:40.000000Z,2.369140625,2.3671875,9.0
2015-08-06T18:24:45.000000Z,2.369140625,2.3671875,2.0
2015-08-06T18:25:00.000000Z,2.369140625,2.3671875,1.0
2015-08-06T18:25:05.000000Z,2.369140625,2.3671875,6.0
2015-08-06T18:25:25.000000Z,2.369140625,2.3671875,1.0
2015-08-06T18:25:30.000000Z,2.369140625,2.3671875,3.0
2015-08-06T18:25:35.000000Z,2.369140625,2.3671875,5.0
2015-08-06T18:25:40.000000Z,2.369140625,2.3671875,2.0
2015-08-06T18:25:45.000000Z,2.369140625,2.3671875,1.0
2015-08-06T18:25:50.000000Z,2.369140625,2.3671875,2.0
2015-08-06T18:26:00.000000Z,2.369140625,2.3671875,4.0
2015-08-06T18:26:05.000000Z,2.369140625,2.3671875,1.0
2015-08-06T18:26:20.000000Z,2.369140625,2.3671875,6.0
2015-08-06T18:26:30.000000Z,2.369140625,2.3671875,2.0
2015-08-06T18:26:35.000000Z,2.369140625,2.3671875,2.0
2015-08-06T18:26:40.000000Z,2.369140625,2.3671875,1.0
2015-08-06T18:26:45.000000Z,2.369140625,2.3671875,8.0
2015-08-06T18:27:00.000000Z,2.369140625,2.3671875,1.0
2015-08-06T18:27:05.000000Z,2.369140625,2.3671875,1.0
2015-08-06T18:27:15.000000Z,2.369140625,2.3671875,2.0
2015-08-06T18:27:20.000000Z,2.369140625,2.3671875,3.0
2015-08-06T18:27:25.000000Z,2.369140625,2.3671875,3.0
2015-08-06T18:27:40.000000Z,2.369140625,2.3671875,5.0
2015-08-06T18:28:00.000000Z,2.369140625,2.3671875,3.0
2015-08-06T18:28:10.000000Z,2.369140625,2.3671875,3.0
2015-08-06T18:28:20.000000Z,2.369140625,2.3671875,11.0
2015-08-06T18:28:25.000000Z,2.369140625,2.3671875,2.0
2015-08-06T18:28:30.000000Z,2.369140625,2.3671875,1.0
2015-08-06T18:28:40.000000Z,2.369140625,2.3671875,4.0
2015-08-06T18:28:55.000000Z,2.369140625,2.3671875,1.0
2015-08-06T18:29:00.000000Z,2.369140625,2.3671875,2.0
2015-08-06T18:29:05.000000Z,2.369140625,2.3671875,1.0
2015-08-06T18:29:20.000000Z,2.369140625,2.3671875,2.0
2015-08-06T18:29:25.000000Z,2.369140625,2.3671875,9.0
2015-08-06T18:29:30.000000Z,2.369140625,2.3671875,3.0
2015-08-06T18:29:35.000000Z,2.369140625,2.3671875,3.0
2015-08-06T18:29:40.000000Z,2.369140625,2.3671875,10.0
2015-08-06T18:29:45.000000Z,2.369140625,2.3671875,2.0
2015-08-06T18:30:00.000000Z,2.369140625,2.3671875,2.0
2015-08-06T18:30:15.000000Z,2.369140625,2.3671875,2.0
2015-08-06T18:30:20.000000Z,2.369140625,2.3671875,4.0
2015-08-06T18:30:35.000000Z,2.369140625,2.3671875,7.0
2015-08-06T18:30:40.000000Z,2.369140625,2.3671875,10.0
2015-08-06T18:30:45.000000Z,2.369140625,2.3671875,3.0
2015-08-06T18:30:50.000000Z,2.369140625,2.3671875,2.0
2015-08-06T18:30:55.000000Z,2.369140625,2.3671875,2.0
2015-08-06T18:31:00.000000Z,2.369140625,2.3671875,2.0
2015-08-06T18:31:10.000000Z,2.369140625,2.3671875,4.0
2015-08-06T18:31:15.000000Z,2.369140625,2.3671875,1.0
2015-08-06T18:31:30.000000Z,2.369140625,2.3671875,4.0
2015-08-06T18:31:35.000000Z,2.369140625,2.3671875,1.0
2015-08-06T18:31:55.000000Z,2.369140625,2.3671875,1.0
2015-08-06T18:32:10.000000Z,2.369140625,2.3671875,2.0
2015-08-06T18:32:35.000000Z,2.369140625,2.3671875,3.0
2015-08-06T18:32:45.000000Z,2.369140625,2.369140625,2.0
2015-08-06T18:32:50.000000Z,2.369140625,2.3671875,4.0
2015-08-06T18:32:55.000000Z,2.369140625,2.3671875,4.0
2015-08-06T18:33:00.000000Z,2.369140625,2.3671875,3.0
2015-08-06T18:33:05.000000Z,2.369140625,2.3671875,1.0
2015-08-06T18:33:10.000000Z,2.369140625,2.3671875,2.0
2015-08-06T18:33:35.000000Z,2.369140625,2.3671875,8.0
2015-08-06T18:33:45.000000Z,2.369140625,2.3671875,2.0
2015-08-06T18:33:50.000000Z,2.369140625,2.3671875,2.0
2015-08-06T18:34:35.000000Z,2.369140625,2.3671875,1.0
2015-08-06T18:34:40.000000Z,2.369140625,2.3671875,1.0
2015-08-06T18:34:55.000000Z,2.369140625,2.3671875,9.0
2015-08-06T18:35:00.000000Z,2.369140625,2.3671875,4.0
2015-08-06T18:35:10.000000Z,2.369140625,2.3671875,2.0
2015-08-06T18:35:15.000000Z,2.369140625,2.3671875,1.0
2015-08-06T18:35:20.000000Z,2.369140625,2.3671875,1.0
2015-08-06T18:35:30.000000Z,2.369140625,2.3671875,3.0
2015-08-06T18:35:40.000000Z,2.369140625,2.3671875,1.0
2015-08-06T18:35:45.000000Z,2.369140625,2.3671875,2.0
2015-08-06T18:35:50.000000Z,2.369140625,2.3671875,1.0
2015-08-06T18:35:55.000000Z,2.369140625,2.3671875,1.0
2015-08-06T18:36:00.000000Z,2.369140625,2.3671875,5.0
2015-08-06T18:36:05.000000Z,2.369140625,2.3671875,2.0
2015-08-06T18:36:10.000000Z,2.369140625,2.3671875,1.0
2015-08-06T18:36:30.000000Z,2.369140625,2.3671875,1.0
2015-08-06T18:36:35.000000Z,2.369140625,2.3671875,1.0
2015-08-06T18:36:45.000000Z,2.369140625,2.3671875,7.0
2015-08-06T18:36:55.000000Z,2.369140625,2.3671875,4.0
2015-08-06T18:37:00.000000Z,2.369140625,2.3671875,5.0
2015-08-06T18:37:10.000000Z,2.369140625,2.3671875,1.0
2015-08-06T18:37:25.000000Z,2.369140625,2.3671875,2.0
2015-08-06T18:37:35.000000Z,2.369140625,2.3671875,2.0
2015-08-06T18:37:50.000000Z,2.369140625,2.3671875,1.0
2015-08-06T18:37:55.000000Z,2.369140625,2.3671875,3.0
2015-08-06T18:38:10.000000Z,2.369140625,2.3671875,8.0
2015-08-06T18:38:15.000000Z,2.369140625,2.3671875,3.0
2015-08-06T18:38:20.000000Z,2.369140625,2.3671875,8.0
2015-08-06T18:38:25.000000Z,2.369140625,2.3671875,1.0
2015-08-06T18:38:30.000000Z,2.369140625,2.3671875,1.0
2015-08-06T18:38:40.000000Z,2.369140625,2.369140625,1.0
2015-08-06T18:38:45.000000Z,2.369140625,2.3671875,2.0
2015-08-06T18:38:50.000000Z,2.369140625,2.369140625,1.0
2015-08-06T18:38:55.000000Z,2.369140625,2.369140625,1.0
2015-08-06T18:39:00.000000Z,2.369140625,2.369140625,3.0
2015-08-06T18:39:05.000000Z,2.369140625,2.3671875,1.0
2015-08-06T18:40:00.000000Z,2.369140625,2.3671875,1.0
2015-08-06T18:40:05.000000Z,2.369140625,2.3671875,2.0
2015-08-06T18:40:10.000000Z,2.369140625,2.3671875,1.0
2015-08-06T18:40:30.000000Z,2.369140625,2.369140625,3.0
2015-08-06T18:40:35.000000Z,2.369140625,2.369140625,5.0
2015-08-06T18:40:40.000000Z,2.369140625,2.369140625,5.0
2015-08-06T18:40:45.000000Z,2.369140625,2.369140625,1.0
2015-08-06T18:40:50.000000Z,2.369140625,2.369140625,3.0
2015-08-06T18:40:55.000000Z,2.369140625,2.369140625,5.0
2015-08-06T18:41:00.000000Z,2.369140625,2.369140625,10.0
2015-08-06T18:41:10.000000Z,2.369140625,2.369140625,3.0
2015-08-06T18:41:15.000000Z,2.369140625,2.369140625,1.0
2015-08-06T18:41:20.000000Z,2.369140625,2.369140625,1.0
2015-08-06T18:41:25.000000Z,2.369140625,2.369140625,3.0
2015-08-06T18:41:35.000000Z,2.369140625,2.369140625,5.0
2015-08-06T18:41:40.000000Z,2.369140625,2.369140625,3.0
2015-08-06T18:41:45.000000Z,2.369140625,2.369140625,5.0
2015-08-06T18:41:50.000000Z,2.369140625,2.369140625,2.0
2015-08-06T18:41:55.000000Z,2.369140625,2.369140625,1.0
2015-08-06T18:42:00.000000Z,2.369140625,2.369140625,8.0
2015-08-06T18:42:05.000000Z,2.369140625,2.369140625,3.0
2015-08-06T18:42:10.000000Z,2.369140625,2.369140625,1.0
2015-08-06T18:42:15.000000Z,2.369140625,2.369140625,7.0
2015-08-06T18:42:40.000000Z,2.369140625,2.369140625,1.0
2015-08-06T18:42:45.000000Z,2.369140625,2.369140625,3.0
2015-08-06T18:43:00.000000Z,2.369140625,2.369140625,5.0
2015-08-06T18:43:05.000000Z,2.369140625,2.369140625,1.0
2015-08-06T18:43:20.000000Z,2.369140625,2.369140625,1.0
2015-08-06T18:43:30.000000Z,2.369140625,2.369140625,1.0
2015-08-06T18:43:45.000000Z,2.369140625,2.369140625,4.0
2015-08-06T18:43:50.000000Z,2.369140625,2.369140625,3.0
2015-08-06T18:43:55.000000Z,2.369140625,2.369140625,2.0
2015-08-06T18:44:00.000000Z,2.37109375,2.369140625,3.0
2015-08-06T18:44:10.000000Z,2.37109375,2.369140625,2.0
2015-08-06T18:44:15.000000Z,2.37109375,2.369140625,15.0
2015-08-06T18:44:25.000000Z,2.37109375,2.369140625,14.0
2015-08-06T18:44:30.000000Z,2.37109375,2.369140625,3.0
2015-08-06T18:44:35.000000Z,2.37109375,2.369140625,2.0
2015-08-06T18:44:40.000000Z,2.37109375,2.369140625,9.0
2015-08-06T18:44:45.000000Z,2.37109375,2.369140625,6.0
2015-08-06T18:44:50.000000Z,2.37109375,2.369140625,3.0
2015-08-06T18:44:55.000000Z,2.37109375,2.369140625,3.0
2015-08-06T18:45:00.000000Z,2.369140625,2.369140625,7.0
2015-08-06T18:45:05.000000Z,2.37109375,2.369140625,2.0
2015-08-06T18:45:15.000000Z,2.37109375,2.369140625,4.0
2015-08-06T18:45:30.000000Z,2.37109375,2.369140625,1.0
2015-08-06T18:45:35.000000Z,2.37109375,2.369140625,1.0
2015-08-06T18:45:45.000000Z,2.369140625,2.369140625,4.0
2015-08-06T18:46:15.000000Z,2.37109375,2.369140625,4.0
2015-08-06T18:46:30.000000Z,2.37109375,2.369140625,4.0
2015-08-06T18:46:40.000000Z,2.37109375,2.369140625,1.0
2015-08-06T18:46:50.000000Z,2.37109375,2.369140625,4.0
2015-08-06T18:47:00.000000Z,2.37109375,2.369140625,2.0
2015-08-06T18:47:20.000000Z,2.37109375,2.369140625,1.0
2015-08-06T18:47:40.000000Z,2.37109375,2.369140625,1.0
2015-08-06T18:47:45.000000Z,2.369140625,2.369140625,1.0
2015-08-06T18:48:05.000000Z,2.369140625,2.369140625,5.0
2015-08-06T18:48:10.000000Z,2.369140625,2.369140625,4.0
2015-08-06T18:48:15.000000Z,2.369140625,2.369140625,4.0
2015-08-06T18:48:25.000000Z,2.369140625,2.369140625,1.0
2015-08-06T18:48:45.000000Z,2.369140625,2.369140625,3.0
2015-08-06T18:49:00.000000Z,2.369140625,2.369140625,1.0
2015-08-06T18:49:45.000000Z,2.37109375,2.369140625,2.0
2015-08-06T18:50:00.000000Z,2.37109375,2.369140625,7.0
2015-08-06T18:50:10.000000Z,2.37109375,2.369140625,3.0
2015-08-06T18:50:45.000000Z,2.37109375,2.369140625,3.0
2015-08-06T18:50:50.000000Z,2.37109375,2.369140625,2.0
2015-08-06T18:50:55.000000Z,2.37109375,2.369140625,5.0
2015-08-06T18:51:00.000000Z,2.37109375,2.369140625,2.0
2015-08-06T18:51:05.000000Z,2.37109375,2.369140625,1.0
2015-08-06T18:51:10.000000Z,2.37109375,2.369140625,1.0
2015-08-06T18:51:15.000000Z,2.37109375,2.369140625,1.0
2015-08-06T18:51:20.000000Z,2.37109375,2.369140625,12.0
2015-08-06T18:51:25.000000Z,2.37109375,2.369140625,4.0
2015-08-06T18:51:35.000000Z,2.37109375,2.369140625,1.0
2015-08-06T18:51:40.000000Z,2.37109375,2.369140625,1.0
2015-08-06T18:51:45.000000Z,2.37109375,2.369140625,2.0
2015-08-06T18:51:55.000000Z,2.37109375,2.369140625,1.0
2015-08-06T18:52:20.000000Z,2.37109375,2.369140625,2.0
2015-08-06T18:52:25.000000Z,2.37109375,2.369140625,9.0
2015-08-06T18:52:30.000000Z,2.37109375,2.369140625,13.0
2015-08-06T18:52:35.000000Z,2.37109375,2.369140625,2.0
2015-08-06T18:52:45.000000Z,2.37109375,2.369140625,2.0
2015-08-06T18:52:50.000000Z,2.37109375,2.369140625,3.0
2015-08-06T18:52:55.000000Z,2.37109375,2.369140625,1.0
2015-08-06T18:53:00.000000Z,2.37109375,2.369140625,1.0
2015-08-06T18:53:15.000000Z,2.37109375,2.369140625,7.0
2015-08-06T18:53:25.000000Z,2.37109375,2.369140625,4.0
2015-08-06T18:53:35.000000Z,2.37109375,2.369140625,2.0
2015-08-06T18:53:40.000000Z,2.37109375,2.369140625,4.0
2015-08-06T18:53:45.000000Z,2.37109375,2.369140625,5.0
2015-08-06T18:54:00.000000Z,2.37109375,2.369140625,1.0
2015-08-06T18:54:25.000000Z,2.37109375,2.369140625,1.0
2015-08-06T18:54:30.000000Z,2.37109375,2.369140625,1.0
2015-08-06T18:54:35.000000Z,2.37109375,2.369140625,4.0
2015-08-06T18:55:30.000000Z,2.37109375,2.369140625,1.0
2015-08-06T18:55:45.000000Z,2.37109375,2.369140625,3.0
2015-08-06T18:55:50.000000Z,2.37109375,2.369140625,1.0
2015-08-06T18:55:55.000000Z,2.37109375,2.369140625,2.0
2015-08-06T18:56:00.000000Z,2.37109375,2.369140625,5.0
2015-08-06T18:56:05.000000Z,2.37109375,2.369140625,2.0
2015-08-06T18:56:35.000000Z,2.37109375,2.369140625,1.0
2015-08-06T18:56:40.000000Z,2.37109375,2.369140625,1.0
2015-08-06T18:56:50.000000Z,2.37109375,2.369140625,1.0
2015-08-06T18:56:55.000000Z,2.37109375,2.369140625,1.0
2015-08-06T18:57:00.000000Z,2.37109375,2.369140625,1.0
2015-08-06T18:57:15.000000Z,2.37109375,2.369140625,1.0
2015-08-06T18:57:20.000000Z,2.37109375,2.369140625,1.0
2015-08-06T18:57:25.000000Z,2.37109375,2.369140625,4.0
2015-08-06T18:57:35.000000Z,2.37109375,2.369140625,2.0
2015-08-06T18:57:40.000000Z,2.37109375,2.369140625,1.0
2015-08-06T18:57:45.000000Z,2.37109375,2.369140625,5.0
2015-08-06T18:57:50.000000Z,2.37109375,2.369140625,1.0
2015-08-06T18:57:55.000000Z,2.37109375,2.369140625,1.0
2015-08-06T18:58:00.000000Z,2.37109375,2.369140625,1.0
2015-08-06T18:58:05.000000Z,2.37109375,2.369140625,4.0
2015-08-06T18:58:10.000000Z,2.37109375,2.37109375,15.0
2015-08-06T18:58:15.000000Z,2.373046875,2.37109375,13.0
2015-08-06T18:58:20.000000Z,2.373046875,2.37109375,16.0
2015-08-06T18:58:25.000000Z,2.373046875,2.37109375,3.0
2015-08-06T18:58:30.000000Z,2.373046875,2.37109375,1.0
2015-08-06T18:58:35.000000Z,2.373046875,2.37109375,2.0
2015-08-06T18:58:40.000000Z,2.373046875,2.37109375,2.0
2015-08-06T18:58:45.000000Z,2.373046875,2.37109375,1.0
2015-08-06T18:59:00.000000Z,2.37109375,2.37109375,9.0
2015-08-06T18:59:05.000000Z,2.37109375,2.37109375,6.0
2015-08-06T18:59:10.000000Z,2.37109375,2.37109375,10.0
2015-08-06T18:59:15.000000Z,2.37109375,2.37109375,2.0
2015-08-06T18:59:20.000000Z,2.37109375,2.37109375,2.0
2015-08-06T18:59:30.000000Z,2.37109375,2.37109375,11.0
2015-08-06T18:59:35.000000Z,2.37109375,2.369140625,2.0
2015-08-06T18:59:40.000000Z,2.37109375,2.369140625,8.0
2015-08-06T18:59:45.000000Z,2.37109375,2.369140625,4.0
2015-08-06T18:59:50.000000Z,2.37109375,2.369140625,11.0
2015-08-06T18:59:55.000000Z,2.37109375,2.369140625,8.0
2015-08-06T19:00:00.000000Z,2.37109375,2.369140625,11.0
2015-08-06T19:00:10.000000Z,2.37109375,2.369140625,1.0
2015-08-06T19:00:15.000000Z,2.37109375,2.369140625,1.0
2015-08-06T19:00:20.000000Z,2.37109375,2.369140625,1.0
2015-08-06T19:00:45.000000Z,2.37109375,2.369140625,4.0
2015-08-06T19:00:55.000000Z,2.37109375,2.369140625,1.0
2015-08-06T19:01:00.000000Z,2.37109375,2.369140625,1.0
2015-08-06T19:01:05.000000Z,2.37109375,2.369140625,2.0
2015-08-06T19:01:10.000000Z,2.37109375,2.369140625,1.0
2015-08-06T19:01:35.000000Z,2.37109375,2.369140625,1.0
2015-08-06T19:01:40.000000Z,2.37109375,2.369140625,1.0
2015-08-06T19:01:50.000000Z,2.37109375,2.369140625,3.0
2015-08-06T19:02:05.000000Z,2.37109375,2.369140625,1.0
2015-08-06T19:02:20.000000Z,2.37109375,2.369140625,7.0
2015-08-06T19:02:25.000000Z,2.37109375,2.369140625,1.0
2015-08-06T19:02:30.000000Z,2.369140625,2.369140625,3.0
2015-08-06T19:02:40.000000Z,2.369140625,2.369140625,1.0
2015-08-06T19:02:45.000000Z,2.369140625,2.369140625,5.0
2015-08-06T19:02:50.000000Z,2.369140625,2.369140625,5.0
2015-08-06T19:02:55.000000Z,2.369140625,2.369140625,1.0
2015-08-06T19:03:20.000000Z,2.37109375,2.369140625,5.0
2015-08-06T19:03:35.000000Z,2.37109375,2.369140625,3.0
2015-08-06T19:03:50.000000Z,2.37109375,2.369140625,2.0
2015-08-06T19:04:00.000000Z,2.37109375,2.369140625,2.0
2015-08-06T19:04:10.000000Z,2.37109375,2.369140625,5.0
2015-08-06T19:04:15.000000Z,2.37109375,2.369140625,6.0
2015-08-06T19:04:20.000000Z,2.37109375,2.369140625,4.0
2015-08-06T19:04:25.000000Z,2.37109375,2.369140625,3.0
2015-08-06T19:04:30.000000Z,2.37109375,2.369140625,6.0
2015-08-06T19:04:35.000000Z,2.37109375,2.369140625,2.0
2015-08-06T19:04:40.000000Z,2.37109375,2.369140625,1.0
2015-08-06T19:04:45.000000Z,2.37109375,2.369140625,1.0
2015-08-06T19:04:50.000000Z,2.37109375,2.369140625,2.0
2015-08-06T19:04:55.000000Z,2.37109375,2.369140625,1.0
2015-08-06T19:05:00.000000Z,2.37109375,2.369140625,2.0
2015-08-06T19:05:05.000000Z,2.37109375,2.369140625,1.0
2015-08-06T19:05:15.000000Z,2.37109375,2.369140625,5.0
2015-08-06T19:05:25.000000Z,2.37109375,2.369140625,6.0
2015-08-06T19:05:30.000000Z,2.37109375,2.369140625,4.0
2015-08-06T19:05:35.000000Z,2.37109375,2.369140625,1.0
2015-08-06T19:05:40.000000Z,2.37109375,2.369140625,5.0
2015-08-06T19:05:50.000000Z,2.37109375,2.369140625,1.0
2015-08-06T19:05:55.000000Z,2.37109375,2.369140625,1.0
2015-08-06T19:06:00.000000Z,2.37109375,2.369140625,1.0
2015-08-06T19:06:05.000000Z,2.37109375,2.369140625,6.0
2015-08-06T19:06:15.000000Z,2.37109375,2.369140625,6.0
2015-08-06T19:06:20.000000Z,2.37109375,2.369140625,3.0
2015-08-06T19:06:25.000000Z,2.37109375,2.369140625,2.0
2015-08-06T19:06:30.000000Z,2.37109375,2.369140625,6.0
2015-08-06T19:06:35.000000Z,2.37109375,2.369140625,5.0
2015-08-06T19:06:40.000000Z,2.37109375,2.369140625,6.0
2015-08-06T19:06:45.000000Z,2.37109375,2.369140625,9.0
2015-08-06T19:06:55.000000Z,2.37109375,2.369140625,5.0
2015-08-06T19:07:05.000000Z,2.37109375,2.369140625,1.0
2015-08-06T19:07:10.000000Z,2.37109375,2.369140625,4.0
2015-08-06T19:07:20.000000Z,2.37109375,2.369140625,8.0
2015-08-06T19:07:25.000000Z,2.37109375,2.369140625,6.0
2015-08-06T19:07:30.000000Z,2.37109375,2.369140625,5.0
2015-08-06T19:07:35.000000Z,2.37109375,2.369140625,5.0
2015-08-06T19:07:40.000000Z,2.37109375,2.369140625,7.0
2015-08-06T19:07:45.000000Z,2.37109375,2.369140625,6.0
2015-08-06T19:07:50.000000Z,2.37109375,2.369140625,8.0
2015-08-06T19:07:55.000000Z,2.37109375,2.369140625,5.0
2015-08-06T19:08:00.000000Z,2.37109375,2.369140625,6.0
2015-08-06T19:08:05.000000Z,2.37109375,2.369140625,2.0
2015-08-06T19:08:10.000000Z,2.37109375,2.369140625,2.0
2015-08-06T19:08:20.000000Z,2.37109375,2.369140625,3.0
2015-08-06T19:08:25.000000Z,2.37109375,2.369140625,1.0
2015-08-06T19:08:35.000000Z,2.37109375,2.369140625,1.0
2015-08-06T19:09:10.000000Z,2.37109375,2.369140625,1.0
2015-08-06T19:09:50.000000Z,2.37109375,2.369140625,2.0
2015-08-06T19:09:55.000000Z,2.37109375,2.369140625,1.0
2015-08-06T19:10:05.000000Z,2.37109375,2.369140625,4.0
2015-08-06T19:10:10.000000Z,2.37109375,2.369140625,5.0
2015-08-06T19:10:45.000000Z,2.37109375,2.369140625,1.0
2015-08-06T19:10:50.000000Z,2.37109375,2.369140625,1.0
2015-08-06T19:11:20.000000Z,2.37109375,2.369140625,1.0
2015-08-06T19:11:25.000000Z,2.37109375,2.369140625,1.0
2015-08-06T19:11:30.000000Z,2.37109375,2.369140625,1.0
2015-08-06T19:11:40.000000Z,2.37109375,2.369140625,1.0
2015-08-06T19:11:45.000000Z,2.37109375,2.369140625,2.0
2015-08-06T19:12:05.000000Z,2.37109375,2.369140625,3.0
2015-08-06T19:12:55.000000Z,2.37109375,2.369140625,1.0
2015-08-06T19:13:00.000000Z,2.37109375,2.369140625,2.0
2015-08-06T19:13:20.000000Z,2.369140625,2.3671875,8.0
2015-08-06T19:13:25.000000Z,2.369140625,2.3671875,3.0
2015-08-06T19:13:35.000000Z,2.369140625,2.3671875,1.0
2015-08-06T19:13:40.000000Z,2.369140625,2.3671875,2.0
2015-08-06T19:13:45.000000Z,2.369140625,2.3671875,1.0
2015-08-06T19:13:50.000000Z,2.369140625,2.3671875,4.0
2015-08-06T19:13:55.000000Z,2.369140625,2.3671875,3.0
2015-08-06T19:14:15.000000Z,2.369140625,2.3671875,3.0
2015-08-06T19:14:50.000000Z,2.369140625,2.3671875,6.0
2015-08-06T19:14:55.000000Z,2.369140625,2.3671875,4.0
2015-08-06T19:15:00.000000Z,2.369140625,2.3671875,3.0
2015-08-06T19:15:05.000000Z,2.369140625,2.3671875,3.0
2015-08-06T19:15:15.000000Z,2.369140625,2.369140625,9.0
2015-08-06T19:15:20.000000Z,2.369140625,2.369140625,3.0
2015-08-06T19:15:25.000000Z,2.369140625,2.369140625,15.0
2015-08-06T19:15:30.000000Z,2.369140625,2.369140625,5.0
2015-08-06T19:15:35.000000Z,2.369140625,2.369140625,4.0
2015-08-06T19:15:40.000000Z,2.369140625,2.369140625,2.0
2015-08-06T19:15:45.000000Z,2.369140625,2.3671875,6.0
2015-08-06T19:15:55.000000Z,2.369140625,2.3671875,4.0
2015-08-06T19:16:00.000000Z,2.369140625,2.3671875,2.0
2015-08-06T19:16:05.000000Z,2.369140625,2.369140625,8.0
2015-08-06T19:16:10.000000Z,2.369140625,2.3671875,1.0
2015-08-06T19:16:15.000000Z,2.369140625,2.3671875,2.0
2015-08-06T19:16:20.000000Z,2.369140625,2.3671875,2.0
2015-08-06T19:16:25.000000Z,2.369140625,2.3671875,5.0
2015-08-06T19:16:35.000000Z,2.369140625,2.3671875,4.0
2015-08-06T19:16:40.000000Z,2.369140625,2.3671875,4.0
2015-08-06T19:16:45.000000Z,2.369140625,2.3671875,1.0
2015-08-06T19:16:55.000000Z,2.369140625,2.3671875,1.0
2015-08-06T19:17:40.000000Z,2.369140625,2.3671875,2.0
2015-08-06T19:17:55.000000Z,2.369140625,2.3671875,6.0
2015-08-06T19:18:00.000000Z,2.369140625,2.3671875,9.0
2015-08-06T19:18:05.000000Z,2.369140625,2.3671875,3.0
2015-08-06T19:18:10.000000Z,2.369140625,2.3671875,1.0
2015-08-06T19:18:15.000000Z,2.369140625,2.3671875,1.0
2015-08-06T19:18:20.000000Z,2.369140625,2.3671875,4.0
2015-08-06T19:18:25.000000Z,2.369140625,2.3671875,3.0
2015-08-06T19:18:30.000000Z,2.369140625,2.3671875,1.0
2015-08-06T19:18:35.000000Z,2.369140625,2.3671875,11.0
2015-08-06T19:18:40.000000Z,2.369140625,2.3671875,1.0
2015-08-06T19:18:45.000000Z,2.369140625,2.3671875,7.0
2015-08-06T19:18:50.000000Z,2.369140625,2.3671875,7.0
2015-08-06T19:18:55.000000Z,2.369140625,2.3671875,2.0
2015-08-06T19:19:00.000000Z,2.369140625,2.3671875,1.0
2015-08-06T19:19:05.000000Z,2.369140625,2.3671875,4.0
2015-08-06T19:19:10.000000Z,2.3671875,2.3671875,16.0
2015-08-06T19:19:15.000000Z,2.3671875,2.3671875,3.0
2015-08-06T19:19:20.000000Z,2.3671875,2.3671875,5.0
2015-08-06T19:19:30.000000Z,2.3671875,2.3671875,1.0
2015-08-06T19:19:40.000000Z,2.3671875,2.3671875,3.0
2015-08-06T19:19:45.000000Z,2.3671875,2.3671875,4.0
2015-08-06T19:19:50.000000Z,2.3671875,2.3671875,3.0
2015-08-06T19:19:55.000000Z,2.3671875,2.3671875,4.0
2015-08-06T19:20:00.000000Z,2.3671875,2.3671875,5.0
2015-08-06T19:20:05.000000Z,2.3671875,2.3671875,2.0
2015-08-06T19:20:10.000000Z,2.3671875,2.3671875,2.0
2015-08-06T19:20:15.000000Z,2.3671875,2.3671875,3.0
2015-08-06T19:20:35.000000Z,2.3671875,2.3671875,1.0
2015-08-06T19:20:45.000000Z,2.3671875,2.3671875,5.0
2015-08-06T19:20:50.000000Z,2.3671875,2.3671875,1.0
2015-08-06T19:20:55.000000Z,2.3671875,2.3671875,1.0
2015-08-06T19:21:20.000000Z,2.369140625,2.3671875,9.0
2015-08-06T19:21:25.000000Z,2.369140625,2.3671875,2.0
2015-08-06T19:21:35.000000Z,2.369140625,2.3671875,4.0
2015-08-06T19:21:40.000000Z,2.369140625,2.3671875,1.0
2015-08-06T19:21:45.000000Z,2.369140625,2.3671875,1.0
2015-08-06T19:22:05.000000Z,2.369140625,2.3671875,2.0
2015-08-06T19:22:15.000000Z,2.369140625,2.3671875,1.0
2015-08-06T19:22:20.000000Z,2.369140625,2.3671875,7.0
2015-08-06T19:22:25.000000Z,2.369140625,2.3671875,1.0
2015-08-06T19:22:30.000000Z,2.369140625,2.3671875,2.0
2015-08-06T19:22:35.000000Z,2.369140625,2.3671875,6.0
2015-08-06T19:22:40.000000Z,2.369140625,2.3671875,3.0
2015-08-06T19:22:45.000000Z,2.369140625,2.3671875,4.0
2015-08-06T19:22:50.000000Z,2.369140625,2.3671875,7.0
2015-08-06T19:23:00.000000Z,2.369140625,2.3671875,2.0
2015-08-06T19:23:05.000000Z,2.369140625,2.3671875,10.0
2015-08-06T19:23:45.000000Z,2.369140625,2.3671875,9.0
2015-08-06T19:23:55.000000Z,2.369140625,2.3671875,1.0
2015-08-06T19:24:10.000000Z,2.369140625,2.3671875,1.0
2015-08-06T19:24:15.000000Z,2.369140625,2.3671875,8.0
2015-08-06T19:24:20.000000Z,2.369140625,2.3671875,1.0
2015-08-06T19:24:25.000000Z,2.369140625,2.3671875,3.0
2015-08-06T19:24:30.000000Z,2.369140625,2.3671875,4.0
2015-08-06T19:24:35.000000Z,2.369140625,2.3671875,2.0
2015-08-06T19:24:40.000000Z,2.369140625,2.3671875,2.0
2015-08-06T19:24:45.000000Z,2.369140625,2.3671875,3.0
2015-08-06T19:24:50.000000Z,2.369140625,2.3671875,2.0
2015-08-06T19:24:55.000000Z,2.369140625,2.3671875,10.0
2015-08-06T19:25:00.000000Z,2.369140625,2.3671875,1.0
2015-08-06T19:25:05.000000Z,2.369140625,2.3671875,5.0
2015-08-06T19:25:15.000000Z,2.369140625,2.3671875,2.0
2015-08-06T19:25:30.000000Z,2.369140625,2.3671875,1.0
2015-08-06T19:25:35.000000Z,2.369140625,2.3671875,1.0
2015-08-06T19:25:45.000000Z,2.369140625,2.3671875,5.0
2015-08-06T19:25:50.000000Z,2.369140625,2.3671875,4.0
2015-08-06T19:26:15.000000Z,2.369140625,2.3671875,2.0
2015-08-06T19:26:20.000000Z,2.369140625,2.3671875,1.0
2015-08-06T19:26:25.000000Z,2.369140625,2.3671875,5.0
2015-08-06T19:26:30.000000Z,2.369140625,2.3671875,3.0
2015-08-06T19:26:45.000000Z,2.369140625,2.3671875,1.0
2015-08-06T19:26:55.000000Z,2.369140625,2.3671875,1.0
2015-08-06T19:27:20.000000Z,2.369140625,2.3671875,2.0
2015-08-06T19:27:30.000000Z,2.369140625,2.3671875,1.0
2015-08-06T19:27:50.000000Z,2.369140625,2.3671875,1.0
2015-08-06T19:27:55.000000Z,2.369140625,2.3671875,5.0
2015-08-06T19:28:05.000000Z,2.369140625,2.3671875,1.0
2015-08-06T19:28:10.000000Z,2.369140625,2.3671875,2.0
2015-08-06T19:28:15.000000Z,2.369140625,2.3671875,2.0
2015-08-06T19:28:20.000000Z,2.369140625,2.3671875,3.0
2015-08-06T19:28:25.000000Z,2.369140625,2.3671875,1.0
2015-08-06T19:28:30.000000Z,2.369140625,2.3671875,1.0
2015-08-06T19:28:45.000000Z,2.369140625,2.3671875,4.0
2015-08-06T19:28:55.000000Z,2.369140625,2.3671875,5.0
2015-08-06T19:29:05.000000Z,2.369140625,2.3671875,2.0
2015-08-06T19:29:10.000000Z,2.369140625,2.3671875,3.0
2015-08-06T19:29:25.000000Z,2.3671875,2.3671875,1.0
2015-08-06T19:29:55.000000Z,2.3671875,2.3671875,1.0
2015-08-06T19:30:00.000000Z,2.3671875,2.3671875,2.0
2015-08-06T19:30:05.000000Z,2.3671875,2.3671875,2.0
2015-08-06T19:30:10.000000Z,2.3671875,2.3671875,4.0
2015-08-06T19:30:20.000000Z,2.3671875,2.3671875,3.0
2015-08-06T19:30:30.000000Z,2.3671875,2.3671875,13.0
2015-08-06T19:30:35.000000Z,2.3671875,2.3671875,7.0
2015-08-06T19:30:40.000000Z,2.3671875,2.3671875,2.0
2015-08-06T19:30:45.000000Z,2.3671875,2.3671875,9.0
2015-08-06T19:30:50.000000Z,2.3671875,2.3671875,8.0
2015-08-06T19:30:55.000000Z,2.3671875,2.3671875,1.0
2015-08-06T19:31:00.000000Z,2.3671875,2.3671875,3.0
2015-08-06T19:31:20.000000Z,2.3671875,2.3671875,1.0
2015-08-06T19:31:30.000000Z,2.369140625,2.3671875,1.0
2015-08-06T19:31:40.000000Z,2.369140625,2.3671875,5.0
2015-08-06T19:31:45.000000Z,2.369140625,2.3671875,2.0
2015-08-06T19:31:55.000000Z,2.369140625,2.3671875,2.0
2015-08-06T19:32:05.000000Z,2.369140625,2.3671875,1.0
2015-08-06T19:32:20.000000Z,2.369140625,2.3671875,4.0
2015-08-06T19:32:25.000000Z,2.369140625,2.3671875,1.0
2015-08-06T19:32:30.000000Z,2.369140625,2.3671875,4.0
2015-08-06T19:32:35.000000Z,2.369140625,2.3671875,1.0
2015-08-06T19:32:40.000000Z,2.369140625,2.3671875,1.0
2015-08-06T19:33:20.000000Z,2.3671875,2.3671875,8.0
2015-08-06T19:33:35.000000Z,2.3671875,2.3671875,1.0
2015-08-06T19:33:40.000000Z,2.3671875,2.3671875,1.0
2015-08-06T19:33:50.000000Z,2.3671875,2.3671875,1.0
2015-08-06T19:33:55.000000Z,2.3671875,2.3671875,2.0
2015-08-06T19:34:10.000000Z,2.3671875,2.3671875,1.0
2015-08-06T19:34:35.000000Z,2.3671875,2.3671875,1.0
2015-08-06T19:34:40.000000Z,2.3671875,2.3671875,1.0
2015-08-06T19:34:50.000000Z,2.3671875,2.3671875,3.0
2015-08-06T19:35:00.000000Z,2.3671875,2.3671875,2.0
2015-08-06T19:35:10.000000Z,2.3671875,2.3671875,1.0
2015-08-06T19:35:15.000000Z,2.3671875,2.3671875,7.0
2015-08-06T19:35:20.000000Z,2.369140625,2.3671875,2.0
2015-08-06T19:35:25.000000Z,2.369140625,2.3671875,4.0
2015-08-06T19:35:30.000000Z,2.369140625,2.3671875,1.0
2015-08-06T19:35:55.000000Z,2.369140625,2.3671875,4.0
2015-08-06T19:36:00.000000Z,2.369140625,2.3671875,1.0
2015-08-06T19:36:05.000000Z,2.369140625,2.3671875,2.0
2015-08-06T19:36:10.000000Z,2.369140625,2.3671875,1.0
2015-08-06T19:36:15.000000Z,2.369140625,2.3671875,2.0
2015-08-06T19:36:30.000000Z,2.369140625,2.3671875,1.0
2015-08-06T19:36:45.000000Z,2.369140625,2.3671875,2.0
2015-08-06T19:36:50.000000Z,2.369140625,2.3671875,1.0
2015-08-06T19:37:40.000000Z,2.369140625,2.3671875,2.0
2015-08-06T19:37:45.000000Z,2.369140625,2.3671875,1.0
2015-08-06T19:37:50.000000Z,2.369140625,2.3671875,1.0
2015-08-06T19:38:10.000000Z,2.369140625,2.3671875,3.0
2015-08-06T19:38:25.000000Z,2.369140625,2.3671875,5.0
2015-08-06T19:38:35.000000Z,2.369140625,2.3671875,1.0
2015-08-06T19:38:40.000000Z,2.369140625,2.3671875,1.0
2015-08-06T19:38:45.000000Z,2.369140625,2.3671875,1.0
2015-08-06T19:38:50.000000Z,2.369140625,2.3671875,1.0
2015-08-06T19:39:00.000000Z,2.369140625,2.3671875,3.0
2015-08-06T19:39:05.000000Z,2.369140625,2.3671875,1.0
2015-08-06T19:39:15.000000Z,2.369140625,2.3671875,2.0
2015-08-06T19:39:20.000000Z,2.369140625,2.3671875,2.0
2015-08-06T19:39:30.000000Z,2.369140625,2.3671875,2.0
2015-08-06T19:39:35.000000Z,2.369140625,2.3671875,1.0
2015-08-06T19:39:45.000000Z,2.369140625,2.3671875,2.0
2015-08-06T19:40:00.000000Z,2.369140625,2.3671875,8.0
2015-08-06T19:40:15.000000Z,2.369140625,2.3671875,1.0
2015-08-06T19:40:25.000000Z,2.369140625,2.3671875,1.0
2015-08-06T19:40:30.000000Z,2.369140625,2.3671875,1.0
2015-08-06T19:40:35.000000Z,2.369140625,2.3671875,2.0
2015-08-06T19:40:40.000000Z,2.369140625,2.3671875,3.0
2015-08-06T19:40:50.000000Z,2.369140625,2.3671875,1.0
2015-08-06T19:40:55.000000Z,2.369140625,2.3671875,2.0
2015-08-06T19:41:05.000000Z,2.369140625,2.3671875,2.0
2015-08-06T19:41:30.000000Z,2.369140625,2.3671875,1.0
2015-08-06T19:41:40.000000Z,2.369140625,2.3671875,1.0
2015-08-06T19:41:45.000000Z,2.369140625,2.3671875,1.0
2015-08-06T19:41:55.000000Z,2.369140625,2.3671875,1.0
2015-08-06T19:42:00.000000Z,2.369140625,2.3671875,1.0
2015-08-06T19:42:10.000000Z,2.369140625,2.3671875,1.0
2015-08-06T19:42:15.000000Z,2.369140625,2.3671875,1.0
2015-08-06T19:42:20.000000Z,2.369140625,2.3671875,17.0
2015-08-06T19:42:25.000000Z,2.369140625,2.3671875,3.0
2015-08-06T19:42:30.000000Z,2.369140625,2.3671875,3.0
2015-08-06T19:42:35.000000Z,2.369140625,2.3671875,6.0
2015-08-06T19:42:40.000000Z,2.369140625,2.3671875,7.0
2015-08-06T19:42:50.000000Z,2.369140625,2.3671875,1.0
2015-08-06T19:43:30.000000Z,2.3671875,2.3671875,5.0
2015-08-06T19:43:35.000000Z,2.3671875,2.3671875,1.0
2015-08-06T19:43:40.000000Z,2.3671875,2.3671875,1.0
2015-08-06T19:43:45.000000Z,2.3671875,2.3671875,2.0
2015-08-06T19:44:25.000000Z,2.3671875,2.3671875,1.0
2015-08-06T19:44:30.000000Z,2.3671875,2.3671875,3.0
2015-08-06T19:44:35.000000Z,2.3671875,2.3671875,2.0
2015-08-06T19:44:40.000000Z,2.3671875,2.3671875,1.0
2015-08-06T19:44:50.000000Z,2.3671875,2.3671875,1.0
2015-08-06T19:44:55.000000Z,2.369140625,2.3671875,2.0
2015-08-06T19:45:00.000000Z,2.369140625,2.3671875,1.0
2015-08-06T19:45:05.000000Z,2.369140625,2.3671875,2.0
2015-08-06T19:45:30.000000Z,2.369140625,2.3671875,2.0
2015-08-06T19:45:35.000000Z,2.369140625,2.3671875,1.0
2015-08-06T19:45:40.000000Z,2.369140625,2.3671875,1.0
2015-08-06T19:45:55.000000Z,2.3671875,2.3671875,14.0
2015-08-06T19:46:00.000000Z,2.3671875,2.3671875,4.0
2015-08-06T19:46:15.000000Z,2.3671875,2.3671875,10.0
2015-08-06T19:46:30.000000Z,2.3671875,2.3671875,2.0
2015-08-06T19:47:45.000000Z,2.3671875,2.3671875,4.0
2015-08-06T19:47:55.000000Z,2.369140625,2.3671875,2.0
2015-08-06T19:48:00.000000Z,2.369140625,2.3671875,3.0
2015-08-06T19:48:05.000000Z,2.369140625,2.3671875,1.0
2015-08-06T19:48:10.000000Z,2.369140625,2.3671875,1.0
2015-08-06T19:48:20.000000Z,2.369140625,2.3671875,2.0
2015-08-06T19:48:25.000000Z,2.369140625,2.3671875,2.0
2015-08-06T19:48:30.000000Z,2.369140625,2.3671875,7.0
2015-08-06T19:48:35.000000Z,2.369140625,2.3671875,7.0
2015-08-06T19:48:40.000000Z,2.369140625,2.3671875,2.0
2015-08-06T19:48:45.000000Z,2.369140625,2.3671875,4.0
2015-08-06T19:49:00.000000Z,2.369140625,2.3671875,17.0
2015-08-06T19:49:05.000000Z,2.369140625,2.3671875,2.0
2015-08-06T19:49:20.000000Z,2.3671875,2.3671875,4.0
2015-08-06T19:49:25.000000Z,2.369140625,2.3671875,1.0
2015-08-06T19:49:40.000000Z,2.369140625,2.3671875,1.0
2015-08-06T19:50:00.000000Z,2.369140625,2.3671875,4.0
2015-08-06T19:50:05.000000Z,2.3671875,2.3671875,3.0
2015-08-06T19:50:20.000000Z,2.369140625,2.3671875,3.0
2015-08-06T19:50:30.000000Z,2.369140625,2.3671875,8.0
2015-08-06T19:50:35.000000Z,2.369140625,2.3671875,4.0
2015-08-06T19:50:40.000000Z,2.369140625,2.3671875,1.0
2015-08-06T19:50:45.000000Z,2.369140625,2.3671875,8.0
2015-08-06T19:50:50.000000Z,2.369140625,2.3671875,1.0
2015-08-06T19:50:55.000000Z,2.369140625,2.3671875,1.0
2015-08-06T19:51:00.000000Z,2.369140625,2.3671875,2.0
2015-08-06T19:51:05.000000Z,2.369140625,2.3671875,5.0
2015-08-06T19:51:10.000000Z,2.369140625,2.3671875,3.0
2015-08-06T19:51:15.000000Z,2.369140625,2.3671875,7.0
2015-08-06T19:51:20.000000Z,2.369140625,2.3671875,1.0
2015-08-06T19:51:35.000000Z,2.369140625,2.3671875,5.0
2015-08-06T19:52:00.000000Z,2.369140625,2.3671875,6.0
2015-08-06T19:52:05.000000Z,2.3671875,2.3671875,5.0
2015-08-06T19:52:10.000000Z,2.3671875,2.3671875,1.0
2015-08-06T19:52:45.000000Z,2.3671875,2.3671875,1.0
2015-08-06T19:53:10.000000Z,2.3671875,2.3671875,2.0
2015-08-06T19:54:00.000000Z,2.3671875,2.3671875,3.0
2015-08-06T19:54:05.000000Z,2.3671875,2.3671875,6.0
2015-08-06T19:55:05.000000Z,2.3671875,2.3671875,3.0
2015-08-06T19:55:10.000000Z,2.3671875,2.3671875,2.0
2015-08-06T19:55:15.000000Z,2.3671875,2.3671875,4.0
2015-08-06T19:55:25.000000Z,2.3671875,2.3671875,2.0
2015-08-06T19:55:35.000000Z,2.3671875,2.3671875,2.0
2015-08-06T19:55:40.000000Z,2.3671875,2.3671875,1.0
2015-08-06T19:55:45.000000Z,2.3671875,2.3671875,1.0
2015-08-06T19:55:55.000000Z,2.3671875,2.3671875,1.0
2015-08-06T19:56:10.000000Z,2.3671875,2.3671875,1.0
2015-08-06T19:56:15.000000Z,2.3671875,2.3671875,1.0
2015-08-06T19:56:20.000000Z,2.3671875,2.3671875,4.0
2015-08-06T19:56:25.000000Z,2.3671875,2.3671875,1.0
2015-08-06T19:56:30.000000Z,2.3671875,2.3671875,1.0
2015-08-06T19:56:35.000000Z,2.3671875,2.3671875,1.0
2015-08-06T19:56:40.000000Z,2.3671875,2.3671875,2.0
2015-08-06T19:57:00.000000Z,2.3671875,2.3671875,1.0
2015-08-06T19:57:20.000000Z,2.3671875,2.3671875,2.0
2015-08-06T19:57:30.000000Z,2.3671875,2.3671875,1.0
2015-08-06T19:57:35.000000Z,2.3671875,2.3671875,1.0
2015-08-06T19:57:40.000000Z,2.369140625,2.3671875,2.0
2015-08-06T19:57:45.000000Z,2.369140625,2.3671875,1.0
2015-08-06T19:57:50.000000Z,2.369140625,2.3671875,1.0
2015-08-06T19:57:55.000000Z,2.369140625,2.3671875,5.0
2015-08-06T19:58:00.000000Z,2.369140625,2.3671875,4.0
2015-08-06T19:58:10.000000Z,2.369140625,2.3671875,2.0
2015-08-06T19:58:15.000000Z,2.369140625,2.3671875,2.0
2015-08-06T19:58:30.000000Z,2.369140625,2.3671875,5.0
2015-08-06T19:58:35.000000Z,2.369140625,2.3671875,5.0
2015-08-06T19:58:40.000000Z,2.369140625,2.3671875,1.0
2015-08-06T19:58:45.000000Z,2.369140625,2.3671875,1.0
2015-08-06T19:58:55.000000Z,2.369140625,2.3671875,2.0
2015-08-06T19:59:00.000000Z,2.369140625,2.3671875,1.0
2015-08-06T19:59:25.000000Z,2.369140625,2.3671875,1.0
2015-08-06T19:59:35.000000Z,2.369140625,2.3671875,1.0
2015-08-06T19:59:45.000000Z,2.369140625,2.3671875,5.0
2015-08-06T19:59:50.000000Z,2.369140625,2.3671875,2.0
2015-08-06T19:59:55.000000Z,2.369140625,2.3671875,1.0
2015-08-06T20:00:00.000000Z,2.369140625,2.3671875,5.0
2015-08-06T20:00:05.000000Z,2.369140625,2.3671875,5.0
2015-08-06T20:00:10.000000Z,2.369140625,2.3671875,1.0
2015-08-06T20:00:15.000000Z,2.369140625,2.3671875,2.0
2015-08-06T20:00:30.000000Z,2.369140625,2.3671875,3.0
2015-08-06T20:00:35.000000Z,2.369140625,2.3671875,1.0
2015-08-06T20:00:55.000000Z,2.369140625,2.3671875,1.0
2015-08-06T20:01:05.000000Z,2.369140625,2.3671875,1.0
2015-08-06T20:01:20.000000Z,2.369140625,2.3671875,3.0
2015-08-06T20:01:30.000000Z,2.369140625,2.3671875,1.0
2015-08-06T20:01:40.000000Z,2.369140625,2.3671875,11.0
2015-08-06T20:01:50.000000Z,2.369140625,2.3671875,1.0
2015-08-06T20:01:55.000000Z,2.369140625,2.3671875,2.0
2015-08-06T20:02:00.000000Z,2.369140625,2.3671875,2.0
2015-08-06T20:02:10.000000Z,2.369140625,2.3671875,2.0
2015-08-06T20:02:15.000000Z,2.369140625,2.3671875,2.0
2015-08-06T20:02:20.000000Z,2.369140625,2.3671875,3.0
2015-08-06T20:02:25.000000Z,2.369140625,2.3671875,2.0
2015-08-06T20:02:35.000000Z,2.369140625,2.3671875,1.0
2015-08-06T20:02:50.000000Z,2.369140625,2.3671875,1.0
2015-08-06T20:02:55.000000Z,2.369140625,2.3671875,2.0
2015-08-06T20:03:10.000000Z,2.369140625,2.3671875,4.0
2015-08-06T20:03:15.000000Z,2.369140625,2.3671875,2.0
2015-08-06T20:03:20.000000Z,2.369140625,2.3671875,1.0
2015-08-06T20:03:25.000000Z,2.369140625,2.3671875,1.0
2015-08-06T20:03:35.000000Z,2.369140625,2.3671875,1.0
2015-08-06T20:04:05.000000Z,2.369140625,2.3671875,1.0
2015-08-06T20:04:25.000000Z,2.369140625,2.3671875,1.0
2015-08-06T20:04:35.000000Z,2.3671875,2.3671875,3.0
2015-08-06T20:04:45.000000Z,2.3671875,2.3671875,1.0
2015-08-06T20:05:00.000000Z,2.3671875,2.3671875,1.0
2015-08-06T20:05:25.000000Z,2.369140625,2.3671875,1.0
2015-08-06T20:05:35.000000Z,2.369140625,2.3671875,1.0
2015-08-06T20:05:45.000000Z,2.3671875,2.3671875,2.0
2015-08-06T20:06:35.000000Z,2.369140625,2.3671875,1.0
2015-08-06T20:07:35.000000Z,2.3671875,2.3671875,1.0
2015-08-06T20:07:45.000000Z,2.3671875,2.3671875,1.0
2015-08-06T20:08:00.000000Z,2.369140625,2.3671875,6.0
2015-08-06T20:08:15.000000Z,2.369140625,2.3671875,1.0
2015-08-06T20:08:25.000000Z,2.369140625,2.3671875,1.0
2015-08-06T20:08:30.000000Z,2.369140625,2.3671875,1.0
2015-08-06T20:08:45.000000Z,2.369140625,2.3671875,3.0
2015-08-06T20:08:50.000000Z,2.369140625,2.3671875,1.0
2015-08-06T20:08:55.000000Z,2.369140625,2.3671875,1.0
2015-08-06T20:09:05.000000Z,2.369140625,2.3671875,1.0
2015-08-06T20:09:10.000000Z,2.369140625,2.3671875,1.0
2015-08-06T20:09:30.000000Z,2.369140625,2.3671875,1.0
2015-08-06T20:10:00.000000Z,2.369140625,2.3671875,2.0
2015-08-06T20:10:50.000000Z,2.369140625,2.3671875,1.0
2015-08-06T20:12:20.000000Z,2.369140625,2.3671875,2.0
2015-08-06T20:12:40.000000Z,2.369140625,2.3671875,6.0
2015-08-06T20:13:05.000000Z,2.369140625,2.3671875,1.0
2015-08-06T20:16:00.000000Z,2.369140625,2.3671875,1.0
2015-08-06T20:16:45.000000Z,2.369140625,2.3671875,2.0
2015-08-06T20:16:50.000000Z,2.369140625,2.3671875,2.0
2015-08-06T20:16:55.000000Z,2.369140625,2.3671875,2.0
2015-08-06T20:17:05.000000Z,2.369140625,2.3671875,1.0
2015-08-06T20:17:10.000000Z,2.369140625,2.3671875,2.0
2015-08-06T20:17:15.000000Z,2.369140625,2.3671875,1.0
2015-08-06T20:17:20.000000Z,2.369140625,2.3671875,1.0
2015-08-06T20:17:30.000000Z,2.369140625,2.3671875,1.0
2015-08-06T20:17:55.000000Z,2.369140625,2.3671875,1.0
2015-08-06T20:18:00.000000Z,2.369140625,2.3671875,2.0
2015-08-06T20:18:05.000000Z,2.369140625,2.3671875,1.0
2015-08-06T20:18:10.000000Z,2.369140625,2.3671875,2.0
2015-08-06T20:18:25.000000Z,2.369140625,2.3671875,3.0
2015-08-06T20:18:50.000000Z,2.369140625,2.3671875,4.0
2015-08-06T20:19:15.000000Z,2.369140625,2.3671875,2.0
2015-08-06T20:19:20.000000Z,2.369140625,2.3671875,4.0
2015-08-06T20:19:25.000000Z,2.369140625,2.3671875,1.0
2015-08-06T20:19:30.000000Z,2.369140625,2.3671875,6.0
2015-08-06T20:19:35.000000Z,2.369140625,2.3671875,2.0
2015-08-06T20:19:40.000000Z,2.369140625,2.3671875,8.0
2015-08-06T20:19:55.000000Z,2.369140625,2.3671875,3.0
2015-08-06T20:20:00.000000Z,2.369140625,2.3671875,3.0
2015-08-06T20:20:05.000000Z,2.369140625,2.3671875,1.0
2015-08-06T20:20:15.000000Z,2.369140625,2.3671875,2.0
2015-08-06T20:20:20.000000Z,2.3671875,2.3671875,6.0
2015-08-06T20:20:50.000000Z,2.369140625,2.3671875,2.0
2015-08-06T20:21:00.000000Z,2.3671875,2.3671875,2.0
2015-08-06T20:21:05.000000Z,2.3671875,2.3671875,1.0
2015-08-06T20:21:10.000000Z,2.3671875,2.3671875,8.0
2015-08-06T20:21:35.000000Z,2.3671875,2.3671875,1.0
2015-08-06T20:21:40.000000Z,2.369140625,2.3671875,1.0
2015-08-06T20:21:50.000000Z,2.3671875,2.3671875,2.0
2015-08-06T20:22:00.000000Z,2.3671875,2.3671875,2.0
2015-08-06T20:22:05.000000Z,2.3671875,2.3671875,3.0
2015-08-06T20:22:10.000000Z,2.3671875,2.3671875,1.0
2015-08-06T20:22:15.000000Z,2.3671875,2.3671875,1.0
2015-08-06T20:22:40.000000Z,2.3671875,2.3671875,1.0
2015-08-06T20:23:55.000000Z,2.3671875,2.3671875,1.0
2015-08-06T20:24:05.000000Z,2.3671875,2.3671875,5.0
2015-08-06T20:24:15.000000Z,2.3671875,2.3671875,2.0
2015-08-06T20:24:30.000000Z,2.3671875,2.3671875,3.0
2015-08-06T20:24:35.000000Z,2.3671875,2.3671875,1.0
2015-08-06T20:25:10.000000Z,2.3671875,2.3671875,5.0
2015-08-06T20:25:15.000000Z,2.3671875,2.3671875,4.0
2015-08-06T20:25:25.000000Z,2.3671875,2.3671875,1.0
2015-08-06T20:25:30.000000Z,2.369140625,2.3671875,3.0
2015-08-06T20:25:45.000000Z,2.369140625,2.3671875,1.0
2015-08-06T20:26:00.000000Z,2.369140625,2.3671875,1.0
2015-08-06T20:26:05.000000Z,2.369140625,2.3671875,2.0
2015-08-06T20:26:10.000000Z,2.369140625,2.3671875,2.0
2015-08-06T20:26:15.000000Z,2.369140625,2.3671875,1.0
2015-08-06T20:26:30.000000Z,2.369140625,2.3671875,1.0
2015-08-06T20:26:45.000000Z,2.369140625,2.3671875,1.0
2015-08-06T20:27:10.000000Z,2.3671875,2.3671875,6.0
2015-08-06T20:27:15.000000Z,2.3671875,2.3671875,7.0
2015-08-06T20:27:30.000000Z,2.3671875,2.3671875,1.0
2015-08-06T20:27:40.000000Z,2.3671875,2.3671875,3.0
2015-08-06T20:28:35.000000Z,2.3671875,2.3671875,1.0
2015-08-06T20:28:40.000000Z,2.3671875,2.3671875,1.0
2015-08-06T20:28:50.000000Z,2.3671875,2.3671875,2.0
2015-08-06T20:29:45.000000Z,2.3671875,2.3671875,1.0
2015-08-06T20:30:00.000000Z,2.369140625,2.3671875,2.0
2015-08-06T20:30:10.000000Z,2.3671875,2.3671875,4.0
2015-08-06T20:31:50.000000Z,2.3671875,2.3671875,3.0
2015-08-06T20:31:55.000000Z,2.3671875,2.3671875,2.0
2015-08-06T20:32:00.000000Z,2.3671875,2.3671875,2.0
2015-08-06T20:32:05.000000Z,2.3671875,2.3671875,7.0
2015-08-06T20:32:15.000000Z,2.3671875,2.3671875,2.0
2015-08-06T20:32:20.000000Z,2.3671875,2.3671875,4.0
2015-08-06T20:32:25.000000Z,2.3671875,2.3671875,5.0
2015-08-06T20:32:40.000000Z,2.3671875,2.3671875,4.0
2015-08-06T20:32:50.000000Z,2.3671875,2.3671875,2.0
2015-08-06T20:33:10.000000Z,2.369140625,2.3671875,9.0
2015-08-06T20:33:15.000000Z,2.3671875,2.3671875,6.0
2015-08-06T20:33:30.000000Z,2.369140625,2.3671875,2.0
2015-08-06T20:33:35.000000Z,2.369140625,2.3671875,5.0
2015-08-06T20:33:40.000000Z,2.369140625,2.3671875,3.0
2015-08-06T20:33:55.000000Z,2.369140625,2.3671875,1.0
2015-08-06T20:34:00.000000Z,2.369140625,2.3671875,1.0
2015-08-06T20:34:05.000000Z,2.369140625,2.3671875,1.0
2015-08-06T20:34:10.000000Z,2.369140625,2.3671875,3.0
2015-08-06T20:34:30.000000Z,2.369140625,2.3671875,1.0
2015-08-06T20:34:40.000000Z,2.369140625,2.3671875,1.0
2015-08-06T20:34:50.000000Z,2.369140625,2.3671875,1.0
2015-08-06T20:35:15.000000Z,2.369140625,2.3671875,1.0
2015-08-06T20:35:20.000000Z,2.3671875,2.3671875,6.0
2015-08-06T20:35:40.000000Z,2.3671875,2.3671875,1.0
2015-08-06T20:35:45.000000Z,2.3671875,2.3671875,1.0
2015-08-06T20:36:00.000000Z,2.3671875,2.3671875,1.0
2015-08-06T20:36:05.000000Z,2.3671875,2.3671875,1.0
2015-08-06T20:36:20.000000Z,2.3671875,2.3671875,2.0
2015-08-06T20:36:25.000000Z,2.3671875,2.3671875,1.0
2015-08-06T20:36:35.000000Z,2.3671875,2.3671875,3.0
2015-08-06T20:36:40.000000Z,2.369140625,2.3671875,6.0
2015-08-06T20:36:45.000000Z,2.369140625,2.3671875,18.0
2015-08-06T20:36:50.000000Z,2.3671875,2.365234375,21.0
2015-08-06T20:36:55.000000Z,2.3671875,2.365234375,16.0
2015-08-06T20:37:00.000000Z,2.3671875,2.365234375,12.0
2015-08-06T20:37:05.000000Z,2.3671875,2.365234375,11.0
2015-08-06T20:37:15.000000Z,2.3671875,2.365234375,6.0
2015-08-06T20:37:20.000000Z,2.3671875,2.365234375,1.0
2015-08-06T20:37:25.000000Z,2.3671875,2.365234375,5.0
2015-08-06T20:37:30.000000Z,2.3671875,2.365234375,3.0
2015-08-06T20:37:35.000000Z,2.3671875,2.365234375,5.0
2015-08-06T20:37:45.000000Z,2.3671875,2.3671875,18.0
2015-08-06T20:37:50.000000Z,2.3671875,2.3671875,24.0
2015-08-06T20:37:55.000000Z,2.3671875,2.365234375,14.0
2015-08-06T20:38:00.000000Z,2.3671875,2.365234375,7.0
2015-08-06T20:38:05.000000Z,2.3671875,2.365234375,8.0
2015-08-06T20:38:10.000000Z,2.3671875,2.365234375,22.0
2015-08-06T20:38:20.000000Z,2.3671875,2.365234375,8.0
2015-08-06T20:38:25.000000Z,2.3671875,2.365234375,10.0
2015-08-06T20:38:30.000000Z,2.3671875,2.365234375,6.0
2015-08-06T20:38:35.000000Z,2.3671875,2.365234375,1.0
2015-08-06T20:38:40.000000Z,2.3671875,2.365234375,12.0
2015-08-06T20:38:45.000000Z,2.3671875,2.3671875,3.0
2015-08-06T20:38:50.000000Z,2.3671875,2.3671875,4.0
2015-08-06T20:38:55.000000Z,2.3671875,2.365234375,7.0
2015-08-06T20:39:00.000000Z,2.3671875,2.3671875,12.0
2015-08-06T20:39:05.000000Z,2.3671875,2.3671875,16.0
2015-08-06T20:39:10.000000Z,2.3671875,2.3671875,4.0
2015-08-06T20:39:20.000000Z,2.3671875,2.365234375,3.0
2015-08-06T20:39:25.000000Z,2.3671875,2.365234375,2.0
2015-08-06T20:39:30.000000Z,2.3671875,2.365234375,3.0
2015-08-06T20:39:35.000000Z,2.3671875,2.365234375,4.0
2015-08-06T20:39:40.000000Z,2.3671875,2.365234375,6.0
2015-08-06T20:39:45.000000Z,2.3671875,2.365234375,18.0
2015-08-06T20:39:50.000000Z,2.3671875,2.365234375,5.0
2015-08-06T20:39:55.000000Z,2.3671875,2.365234375,5.0
2015-08-06T20:40:00.000000Z,2.3671875,2.365234375,2.0
2015-08-06T20:40:05.000000Z,2.3671875,2.365234375,7.0
2015-08-06T20:40:10.000000Z,2.3671875,2.365234375,3.0
2015-08-06T20:40:15.000000Z,2.3671875,2.365234375,1.0
2015-08-06T20:40:20.000000Z,2.3671875,2.365234375,2.0
2015-08-06T20:40:25.000000Z,2.3671875,2.365234375,3.0
2015-08-06T20:40:35.000000Z,2.3671875,2.365234375,8.0
2015-08-06T20:40:40.000000Z,2.3671875,2.365234375,1.0
2015-08-06T20:40:45.000000Z,2.3671875,2.365234375,2.0
2015-08-06T20:40:50.000000Z,2.3671875,2.3671875,1.0
2015-08-06T20:41:00.000000Z,2.3671875,2.3671875,1.0
2015-08-06T20:41:15.000000Z,2.3671875,2.3671875,1.0
2015-08-06T20:41:20.000000Z,2.3671875,2.3671875,2.0
2015-08-06T20:41:40.000000Z,2.3671875,2.3671875,2.0
2015-08-06T20:41:45.000000Z,2.3671875,2.3671875,6.0
2015-08-06T20:41:50.000000Z,2.3671875,2.3671875,1.0
2015-08-06T20:41:55.000000Z,2.3671875,2.3671875,1.0
2015-08-06T20:42:00.000000Z,2.3671875,2.3671875,5.0
2015-08-06T20:42:05.000000Z,2.3671875,2.3671875,7.0
2015-08-06T20:42:10.000000Z,2.3671875,2.365234375,7.0
2015-08-06T20:42:15.000000Z,2.3671875,2.3671875,2.0
2015-08-06T20:42:20.000000Z,2.3671875,2.3671875,9.0
2015-08-06T20:42:25.000000Z,2.3671875,2.365234375,2.0
2015-08-06T20:42:30.000000Z,2.3671875,2.365234375,9.0
2015-08-06T20:42:35.000000Z,2.3671875,2.3671875,7.0
2015-08-06T20:42:40.000000Z,2.3671875,2.3671875,4.0
2015-08-06T20:42:45.000000Z,2.3671875,2.3671875,12.0
2015-08-06T20:42:50.000000Z,2.3671875,2.3671875,8.0
2015-08-06T20:42:55.000000Z,2.3671875,2.3671875,1.0
2015-08-06T20:43:00.000000Z,2.369140625,2.3671875,11.0
2015-08-06T20:43:05.000000Z,2.369140625,2.3671875,13.0
2015-08-06T20:43:10.000000Z,2.369140625,2.3671875,7.0
2015-08-06T20:43:15.000000Z,2.369140625,2.3671875,8.0
2015-08-06T20:43:20.000000Z,2.369140625,2.3671875,9.0
2015-08-06T20:43:25.000000Z,2.3671875,2.3671875,4.0
2015-08-06T20:43:30.000000Z,2.369140625,2.3671875,10.0
2015-08-06T20:43:35.000000Z,2.369140625,2.3671875,2.0
2015-08-06T20:43:55.000000Z,2.3671875,2.3671875,17.0
2015-08-06T20:44:00.000000Z,2.369140625,2.3671875,17.0
2015-08-06T20:44:05.000000Z,2.369140625,2.3671875,12.0
2015-08-06T20:44:10.000000Z,2.369140625,2.3671875,6.0
2015-08-06T20:44:15.000000Z,2.369140625,2.3671875,2.0
2015-08-06T20:44:30.000000Z,2.369140625,2.3671875,10.0
2015-08-06T20:44:35.000000Z,2.369140625,2.3671875,11.0
2015-08-06T20:44:40.000000Z,2.369140625,2.3671875,8.0
2015-08-06T20:44:45.000000Z,2.369140625,2.3671875,10.0
2015-08-06T20:45:00.000000Z,2.369140625,2.3671875,10.0
2015-08-06T20:45:05.000000Z,2.369140625,2.3671875,18.0
2015-08-06T20:45:10.000000Z,2.369140625,2.3671875,25.0
2015-08-06T20:45:15.000000Z,2.3671875,2.3671875,24.0
2015-08-06T20:45:30.000000Z,2.3671875,2.3671875,11.0
2015-08-06T20:45:35.000000Z,2.3671875,2.3671875,8.0
2015-08-06T20:45:40.000000Z,2.3671875,2.3671875,4.0
2015-08-06T20:45:45.000000Z,2.3671875,2.3671875,5.0
2015-08-06T20:45:55.000000Z,2.3671875,2.3671875,2.0
2015-08-06T20:46:05.000000Z,2.3671875,2.3671875,1.0
2015-08-06T20:46:10.000000Z,2.3671875,2.3671875,8.0
2015-08-06T20:46:15.000000Z,2.3671875,2.3671875,7.0
2015-08-06T20:46:20.000000Z,2.3671875,2.3671875,6.0
2015-08-06T20:46:25.000000Z,2.3671875,2.365234375,17.0
2015-08-06T20:46:30.000000Z,2.3671875,2.365234375,5.0
2015-08-06T20:46:40.000000Z,2.3671875,2.3671875,4.0
2015-08-06T20:46:45.000000Z,2.3671875,2.3671875,8.0
2015-08-06T20:46:50.000000Z,2.3671875,2.3671875,8.0
2015-08-06T20:46:55.000000Z,2.3671875,2.3671875,5.0
2015-08-06T20:47:10.000000Z,2.3671875,2.3671875,1.0
2015-08-06T20:47:15.000000Z,2.3671875,2.3671875,8.0
2015-08-06T20:47:20.000000Z,2.3671875,2.3671875,6.0
2015-08-06T20:47:25.000000Z,2.3671875,2.3671875,11.0
2015-08-06T20:47:30.000000Z,2.3671875,2.3671875,19.0
2015-08-06T20:47:35.000000Z,2.369140625,2.3671875,26.0
2015-08-06T20:47:40.000000Z,2.3671875,2.3671875,34.0
2015-08-06T20:47:45.000000Z,2.3671875,2.3671875,37.0
2015-08-06T20:47:50.000000Z,2.3671875,2.3671875,23.0
2015-08-06T20:47:55.000000Z,2.369140625,2.3671875,31.0
2015-08-06T20:48:00.000000Z,2.369140625,2.3671875,18.0
2015-08-06T20:48:05.000000Z,2.369140625,2.3671875,18.0
2015-08-06T20:48:10.000000Z,2.369140625,2.3671875,5.0
2015-08-06T20:48:15.000000Z,2.369140625,2.3671875,12.0
2015-08-06T20:48:20.000000Z,2.369140625,2.3671875,30.0
2015-08-06T20:48:25.000000Z,2.369140625,2.3671875,18.0
2015-08-06T20:48:30.000000Z,2.369140625,2.3671875,21.0
2015-08-06T20:48:35.000000Z,2.369140625,2.3671875,27.0
2015-08-06T20:48:40.000000Z,2.369140625,2.3671875,13.0
2015-08-06T20:48:45.000000Z,2.369140625,2.3671875,4.0
2015-08-06T20:49:05.000000Z,2.369140625,2.3671875,2.0
2015-08-06T20:49:10.000000Z,2.369140625,2.3671875,28.0
2015-08-06T20:49:15.000000Z,2.369140625,2.3671875,11.0
2015-08-06T20:49:20.000000Z,2.369140625,2.3671875,5.0
2015-08-06T20:49:25.000000Z,2.369140625,2.3671875,12.0
2015-08-06T20:49:30.000000Z,2.369140625,2.3671875,2.0
2015-08-06T20:49:35.000000Z,2.369140625,2.3671875,9.0
2015-08-06T20:49:40.000000Z,2.369140625,2.3671875,6.0
2015-08-06T20:49:50.000000Z,2.369140625,2.3671875,1.0
2015-08-06T20:49:55.000000Z,2.369140625,2.3671875,12.0
2015-08-06T20:50:00.000000Z,2.369140625,2.3671875,20.0
2015-08-06T20:50:05.000000Z,2.369140625,2.3671875,21.0
2015-08-06T20:50:10.000000Z,2.369140625,2.3671875,4.0
2015-08-06T20:50:15.000000Z,2.369140625,2.3671875,21.0
2015-08-06T20:50:20.000000Z,2.369140625,2.3671875,20.0
2015-08-06T20:50:25.000000Z,2.369140625,2.3671875,21.0
2015-08-06T20:50:30.000000Z,2.369140625,2.3671875,21.0
2015-08-06T20:50:35.000000Z,2.369140625,2.3671875,16.0
2015-08-06T20:50:40.000000Z,2.369140625,2.3671875,6.0
2015-08-06T20:50:45.000000Z,2.369140625,2.3671875,13.0
2015-08-06T20:50:50.000000Z,2.369140625,2.3671875,13.0
2015-08-06T20:50:55.000000Z,2.369140625,2.3671875,15.0
2015-08-06T20:51:00.000000Z,2.369140625,2.3671875,16.0
2015-08-06T20:51:05.000000Z,2.369140625,2.3671875,13.0
2015-08-06T20:51:10.000000Z,2.369140625,2.3671875,8.0
2015-08-06T20:51:15.000000Z,2.369140625,2.3671875,9.0
2015-08-06T20:51:20.000000Z,2.369140625,2.3671875,3.0
2015-08-06T20:51:35.000000Z,2.369140625,2.3671875,5.0
2015-08-06T20:51:40.000000Z,2.369140625,2.3671875,13.0
2015-08-06T20:51:45.000000Z,2.369140625,2.3671875,19.0
2015-08-06T20:51:50.000000Z,2.369140625,2.3671875,13.0
2015-08-06T20:51:55.000000Z,2.369140625,2.3671875,12.0
2015-08-06T20:52:00.000000Z,2.369140625,2.3671875,22.0
2015-08-06T20:52:05.000000Z,2.369140625,2.3671875,24.0
2015-08-06T20:52:10.000000Z,2.369140625,2.3671875,27.0
2015-08-06T20:52:15.000000Z,2.369140625,2.3671875,32.0
2015-08-06T20:52:20.000000Z,2.369140625,2.3671875,8.0
2015-08-06T20:52:25.000000Z,2.369140625,2.3671875,21.0
2015-08-06T20:52:30.000000Z,2.369140625,2.3671875,21.0
2015-08-06T20:52:35.000000Z,2.369140625,2.3671875,25.0
2015-08-06T20:52:40.000000Z,2.369140625,2.3671875,18.0
2015-08-06T20:52:45.000000Z,2.369140625,2.3671875,25.0
2015-08-06T20:52:50.000000Z,2.369140625,2.3671875,11.0
2015-08-06T20:52:55.000000Z,2.369140625,2.3671875,18.0
2015-08-06T20:53:00.000000Z,2.369140625,2.3671875,5.0
2015-08-06T20:53:05.000000Z,2.369140625,2.3671875,8.0
2015-08-06T20:53:10.000000Z,2.369140625,2.3671875,30.0
2015-08-06T20:53:15.000000Z,2.369140625,2.3671875,10.0
2015-08-06T20:53:20.000000Z,2.369140625,2.3671875,15.0
2015-08-06T20:53:25.000000Z,2.369140625,2.3671875,24.0
2015-08-06T20:53:30.000000Z,2.369140625,2.3671875,16.0
2015-08-06T20:53:35.000000Z,2.369140625,2.3671875,15.0
2015-08-06T20:53:40.000000Z,2.369140625,2.3671875,3.0
2015-08-06T20:53:45.000000Z,2.369140625,2.3671875,14.0
2015-08-06T20:53:50.000000Z,2.369140625,2.3671875,12.0
2015-08-06T20:53:55.000000Z,2.369140625,2.3671875,3.0
2015-08-06T20:54:00.000000Z,2.369140625,2.3671875,11.0
2015-08-06T20:54:05.000000Z,2.369140625,2.3671875,6.0
2015-08-06T20:54:10.000000Z,2.369140625,2.3671875,9.0
2015-08-06T20:54:15.000000Z,2.369140625,2.3671875,24.0
2015-08-06T20:54:20.000000Z,2.369140625,2.3671875,7.0
2015-08-06T20:54:25.000000Z,2.369140625,2.3671875,22.0
2015-08-06T20:54:30.000000Z,2.369140625,2.3671875,12.0
2015-08-06T20:54:35.000000Z,2.369140625,2.3671875,19.0
2015-08-06T20:54:40.000000Z,2.369140625,2.3671875,6.0
2015-08-06T20:54:45.000000Z,2.369140625,2.3671875,9.0
2015-08-06T20:54:50.000000Z,2.369140625,2.3671875,11.0
2015-08-06T20:54:55.000000Z,2.369140625,2.3671875,11.0
2015-08-06T20:55:20.000000Z,2.369140625,2.3671875,13.0
2015-08-06T20:55:25.000000Z,2.369140625,2.3671875,1.0
2015-08-06T20:55:45.000000Z,2.369140625,2.3671875,5.0
2015-08-06T20:55:50.000000Z,2.369140625,2.3671875,9.0
2015-08-06T20:55:55.000000Z,2.369140625,2.3671875,5.0
2015-08-06T20:56:00.000000Z,2.369140625,2.3671875,5.0
2015-08-06T20:56:05.000000Z,2.369140625,2.3671875,6.0
2015-08-06T20:56:10.000000Z,2.369140625,2.3671875,15.0
2015-08-06T20:56:15.000000Z,2.369140625,2.3671875,2.0
2015-08-06T20:56:20.000000Z,2.369140625,2.3671875,1.0
2015-08-06T20:56:25.000000Z,2.369140625,2.3671875,15.0
2015-08-06T20:56:30.000000Z,2.369140625,2.3671875,17.0
2015-08-06T20:56:35.000000Z,2.369140625,2.3671875,10.0
2015-08-06T20:56:40.000000Z,2.369140625,2.3671875,3.0
2015-08-06T20:56:50.000000Z,2.369140625,2.3671875,2.0
2015-08-06T20:57:00.000000Z,2.369140625,2.3671875,6.0
2015-08-06T20:57:10.000000Z,2.369140625,2.3671875,1.0
2015-08-06T20:57:15.000000Z,2.369140625,2.3671875,7.0
2015-08-06T20:57:20.000000Z,2.369140625,2.3671875,3.0
2015-08-06T20:57:25.000000Z,2.369140625,2.3671875,3.0
2015-08-06T20:57:35.000000Z,2.369140625,2.3671875,2.0
2015-08-06T20:57:40.000000Z,2.369140625,2.3671875,2.0
2015-08-06T20:57:45.000000Z,2.369140625,2.3671875,1.0
2015-08-06T20:57:50.000000Z,2.3671875,2.365234375,6.0
2015-08-06T20:57:55.000000Z,2.369140625,2.3671875,5.0
2015-08-06T20:58:00.000000Z,2.369140625,2.3671875,15.0
2015-08-06T20:58:05.000000Z,2.369140625,2.3671875,8.0
2015-08-06T20:58:10.000000Z,2.369140625,2.3671875,6.0
2015-08-06T20:58:15.000000Z,2.3671875,2.3671875,24.0
2015-08-06T20:58:20.000000Z,2.3671875,2.365234375,5.0
2015-08-06T20:58:25.000000Z,2.3671875,2.365234375,7.0
2015-08-06T20:58:30.000000Z,2.3671875,2.365234375,14.0
2015-08-06T20:58:35.000000Z,2.3671875,2.365234375,28.0
2015-08-06T20:58:40.000000Z,2.3671875,2.365234375,27.0
2015-08-06T20:58:45.000000Z,2.3671875,2.365234375,37.0
2015-08-06T20:58:50.000000Z,2.3671875,2.365234375,27.0
2015-08-06T20:58:55.000000Z,2.3671875,2.365234375,22.0
2015-08-06T20:59:00.000000Z,2.3671875,2.365234375,4.0
2015-08-06T20:59:05.000000Z,2.3671875,2.365234375,1.0
2015-08-06T20:59:10.000000Z,2.3671875,2.365234375,1.0
2015-08-06T20:59:15.000000Z,2.3671875,2.365234375,3.0
2015-08-06T20:59:20.000000Z,2.3671875,2.365234375,4.0
2015-08-06T20:59:25.000000Z,2.3671875,2.365234375,2.0
2015-08-06T20:59:30.000000Z,2.3671875,2.365234375,3.0
2015-08-06T21:01:30.000000Z,2.369140625,2.365234375,2.0
2015-08-06T21:01:35.000000Z,2.369140625,2.365234375,1.0
2015-08-06T21:02:50.000000Z,2.369140625,2.365234375,1.0
2015-08-06T21:02:55.000000Z,2.369140625,2.365234375,5.0
2015-08-06T21:03:00.000000Z,2.369140625,2.365234375,1.0
2015-08-06T21:03:10.000000Z,2.3671875,2.365234375,1.0
2015-08-06T21:03:15.000000Z,2.3671875,2.365234375,3.0
2015-08-06T21:03:50.000000Z,2.3671875,2.365234375,3.0
2015-08-06T21:04:00.000000Z,2.3671875,2.365234375,3.0
2015-08-06T21:04:30.000000Z,2.3671875,2.365234375,3.0
2015-08-06T21:04:35.000000Z,2.3671875,2.365234375,1.0
2015-08-06T21:05:00.000000Z,2.3671875,2.365234375,4.0
2015-08-06T21:05:20.000000Z,2.3671875,2.365234375,1.0
2015-08-06T21:05:35.000000Z,2.3671875,2.365234375,1.0
2015-08-06T21:05:45.000000Z,2.3671875,2.365234375,3.0
2015-08-06T21:06:00.000000Z,2.3671875,2.365234375,1.0
2015-08-06T21:06:05.000000Z,2.3671875,2.365234375,1.0
2015-08-06T21:06:10.000000Z,2.3671875,2.365234375,1.0
2015-08-06T21:06:35.000000Z,2.3671875,2.365234375,1.0
2015-08-06T21:06:45.000000Z,2.3671875,2.365234375,2.0
2015-08-06T21:06:50.000000Z,2.3671875,2.365234375,3.0
2015-08-06T21:07:00.000000Z,2.3671875,2.365234375,2.0
2015-08-06T21:07:05.000000Z,2.3671875,2.365234375,1.0
2015-08-06T21:07:10.000000Z,2.3671875,2.365234375,2.0
2015-08-06T21:08:30.000000Z,2.3671875,2.365234375,2.0
2015-08-06T21:10:35.000000Z,2.3671875,2.365234375,1.0
2015-08-06T21:11:30.000000Z,2.3671875,2.365234375,1.0
2015-08-06T21:11:55.000000Z,2.3671875,2.365234375,1.0
2015-08-06T21:12:05.000000Z,2.3671875,2.365234375,3.0
2015-08-06T21:12:10.000000Z,2.3671875,2.365234375,1.0
2015-08-06T21:12:15.000000Z,2.3671875,2.365234375,2.0
2015-08-06T21:12:20.000000Z,2.3671875,2.365234375,1.0
2015-08-06T21:12:25.000000Z,2.3671875,2.365234375,1.0
2015-08-06T21:12:30.000000Z,2.3671875,2.365234375,2.0
2015-08-06T21:12:40.000000Z,2.3671875,2.365234375,1.0
2015-08-06T21:12:50.000000Z,2.3671875,2.365234375,1.0
2015-08-06T21:12:55.000000Z,2.3671875,2.365234375,6.0
2015-08-06T21:13:05.000000Z,2.3671875,2.365234375,4.0
2015-08-06T21:13:20.000000Z,2.3671875,2.365234375,1.0
2015-08-06T21:13:25.000000Z,2.3671875,2.365234375,1.0
2015-08-06T21:13:30.000000Z,2.3671875,2.365234375,1.0
2015-08-06T21:13:40.000000Z,2.3671875,2.365234375,1.0
2015-08-06T21:13:55.000000Z,2.3671875,2.365234375,1.0
2015-08-06T21:14:50.000000Z,2.3671875,2.365234375,2.0
2015-08-06T21:15:50.000000Z,2.3671875,2.365234375,6.0
2015-08-06T21:15:55.000000Z,2.3671875,2.365234375,2.0
2015-08-06T21:16:00.000000Z,2.3671875,2.365234375,1.0
2015-08-06T21:16:45.000000Z,2.3671875,2.365234375,3.0
2015-08-06T21:16:50.000000Z,2.3671875,2.365234375,1.0
2015-08-06T21:17:10.000000Z,2.3671875,2.365234375,1.0
2015-08-06T21:17:20.000000Z,2.3671875,2.365234375,1.0
2015-08-06T21:17:35.000000Z,2.3671875,2.365234375,2.0
2015-08-06T21:18:55.000000Z,2.369140625,2.365234375,7.0
2015-08-06T21:19:00.000000Z,2.369140625,2.365234375,2.0
2015-08-06T21:19:35.000000Z,2.369140625,2.365234375,2.0
2015-08-06T21:19:40.000000Z,2.369140625,2.365234375,2.0
2015-08-06T21:19:55.000000Z,2.369140625,2.365234375,5.0
2015-08-06T21:20:05.000000Z,2.369140625,2.365234375,1.0
2015-08-06T21:26:40.000000Z,2.369140625,2.365234375,1.0
2015-08-06T21:26:45.000000Z,2.369140625,2.365234375,2.0
2015-08-06T21:27:15.000000Z,2.369140625,2.365234375,1.0
2015-08-06T21:27:35.000000Z,2.369140625,2.365234375,1.0
2015-08-06T21:28:10.000000Z,2.369140625,2.365234375,1.0
2015-08-06T21:29:25.000000Z,2.369140625,2.365234375,8.0
2015-08-06T21:29:30.000000Z,2.369140625,2.365234375,2.0
2015-08-06T21:29:45.000000Z,2.369140625,2.365234375,1.0
2015-08-06T21:29:55.000000Z,2.369140625,2.365234375,1.0
2015-08-06T21:30:00.000000Z,2.369140625,2.365234375,2.0
2015-08-06T21:30:05.000000Z,2.369140625,2.365234375,11.0
2015-08-06T21:30:15.000000Z,2.369140625,2.3671875,2.0
2015-08-06T21:30:20.000000Z,2.369140625,2.3671875,3.0
2015-08-06T21:31:20.000000Z,2.369140625,2.365234375,1.0
2015-08-06T21:31:50.000000Z,2.369140625,2.365234375,1.0
2015-08-06T21:31:55.000000Z,2.369140625,2.365234375,1.0
2015-08-06T21:32:00.000000Z,2.369140625,2.3671875,6.0
2015-08-06T21:32:05.000000Z,2.369140625,2.3671875,2.0
2015-08-06T21:32:10.000000Z,2.369140625,2.3671875,1.0
2015-08-06T21:32:15.000000Z,2.369140625,2.3671875,1.0
2015-08-06T21:32:20.000000Z,2.369140625,2.3671875,1.0
2015-08-06T21:32:25.000000Z,2.369140625,2.3671875,2.0
2015-08-06T21:32:30.000000Z,2.369140625,2.3671875,1.0
2015-08-06T21:32:35.000000Z,2.369140625,2.3671875,1.0
2015-08-06T21:32:45.000000Z,2.369140625,2.3671875,1.0
2015-08-06T21:32:50.000000Z,2.369140625,2.3671875,1.0
2015-08-06T21:32:55.000000Z,2.369140625,2.3671875,1.0
2015-08-06T21:33:00.000000Z,2.369140625,2.3671875,2.0
2015-08-06T21:33:05.000000Z,2.369140625,2.3671875,2.0
2015-08-06T21:33:10.000000Z,2.369140625,2.3671875,2.0
2015-08-06T21:33:25.000000Z,2.369140625,2.3671875,1.0
2015-08-06T21:33:30.000000Z,2.369140625,2.3671875,8.0
2015-08-06T21:33:55.000000Z,2.369140625,2.3671875,1.0
2015-08-06T21:34:10.000000Z,2.369140625,2.3671875,1.0
2015-08-06T21:34:15.000000Z,2.369140625,2.3671875,1.0
2015-08-06T21:34:20.000000Z,2.369140625,2.3671875,2.0
2015-08-06T21:34:25.000000Z,2.369140625,2.3671875,1.0
2015-08-06T21:34:55.000000Z,2.369140625,2.3671875,8.0
2015-08-06T21:35:15.000000Z,2.369140625,2.3671875,1.0
2015-08-06T21:35:30.000000Z,2.369140625,2.3671875,6.0
2015-08-06T21:35:35.000000Z,2.3671875,2.3671875,5.0
2015-08-06T21:35:40.000000Z,2.3671875,2.3671875,1.0
2015-08-06T21:36:00.000000Z,2.3671875,2.3671875,1.0
2015-08-06T21:36:05.000000Z,2.3671875,2.365234375,8.0
2015-08-06T21:36:10.000000Z,2.3671875,2.365234375,5.0
2015-08-06T21:36:15.000000Z,2.3671875,2.365234375,5.0
2015-08-06T21:36:20.000000Z,2.3671875,2.365234375,2.0
2015-08-06T21:36:30.000000Z,2.3671875,2.365234375,2.0
2015-08-06T21:36:40.000000Z,2.3671875,2.365234375,1.0
2015-08-06T21:36:55.000000Z,2.3671875,2.365234375,1.0
2015-08-06T21:37:05.000000Z,2.3671875,2.3671875,1.0
2015-08-06T21:37:10.000000Z,2.3671875,2.3671875,2.0
2015-08-06T21:37:15.000000Z,2.3671875,2.3671875,1.0
2015-08-06T21:37:20.000000Z,2.3671875,2.365234375,9.0
2015-08-06T21:37:25.000000Z,2.3671875,2.3671875,11.0
2015-08-06T21:37:30.000000Z,2.3671875,2.365234375,7.0
2015-08-06T21:37:35.000000Z,2.3671875,2.365234375,4.0
2015-08-06T21:37:40.000000Z,2.3671875,2.365234375,5.0
2015-08-06T21:37:45.000000Z,2.3671875,2.365234375,2.0
2015-08-06T21:37:50.000000Z,2.369140625,2.365234375,6.0
2015-08-06T21:37:55.000000Z,2.369140625,2.365234375,6.0
2015-08-06T21:38:25.000000Z,2.369140625,2.365234375,3.0
2015-08-06T21:38:30.000000Z,2.369140625,2.365234375,1.0
2015-08-06T21:38:50.000000Z,2.369140625,2.365234375,1.0
2015-08-06T21:39:00.000000Z,2.369140625,2.365234375,9.0
2015-08-06T21:39:05.000000Z,2.3671875,2.365234375,16.0
2015-08-06T21:39:10.000000Z,2.3671875,2.365234375,3.0
2015-08-06T21:39:20.000000Z,2.3671875,2.365234375,17.0
2015-08-06T21:39:25.000000Z,2.3671875,2.365234375,4.0
2015-08-06T21:39:30.000000Z,2.3671875,2.365234375,4.0
2015-08-06T21:39:35.000000Z,2.3671875,2.365234375,21.0
2015-08-06T21:39:40.000000Z,2.3671875,2.365234375,1.0
2015-08-06T21:39:45.000000Z,2.3671875,2.365234375,1.0
2015-08-06T21:39:50.000000Z,2.3671875,2.365234375,2.0
2015-08-06T21:39:55.000000Z,2.3671875,2.365234375,4.0
2015-08-06T21:40:00.000000Z,2.3671875,2.365234375,4.0
2015-08-06T21:40:05.000000Z,2.3671875,2.365234375,12.0
2015-08-06T21:40:10.000000Z,2.3671875,2.365234375,4.0
2015-08-06T21:40:15.000000Z,2.3671875,2.365234375,7.0
2015-08-06T21:40:20.000000Z,2.3671875,2.365234375,4.0
2015-08-06T21:40:25.000000Z,2.369140625,2.365234375,12.0
2015-08-06T21:40:40.000000Z,2.369140625,2.365234375,3.0
2015-08-06T21:40:45.000000Z,2.369140625,2.365234375,7.0
2015-08-06T21:40:50.000000Z,2.369140625,2.365234375,14.0
2015-08-06T21:40:55.000000Z,2.369140625,2.365234375,2.0
2015-08-06T21:41:00.000000Z,2.369140625,2.365234375,3.0
2015-08-06T21:41:05.000000Z,2.369140625,2.365234375,2.0
2015-08-06T21:41:10.000000Z,2.3671875,2.365234375,27.0
2015-08-06T21:41:15.000000Z,2.3671875,2.365234375,18.0
2015-08-06T21:41:20.000000Z,2.3671875,2.365234375,4.0
2015-08-06T21:41:25.000000Z,2.369140625,2.365234375,11.0
2015-08-06T21:41:30.000000Z,2.369140625,2.365234375,1.0
2015-08-06T21:41:35.000000Z,2.369140625,2.365234375,7.0
2015-08-06T21:41:40.000000Z,2.369140625,2.365234375,7.0
2015-08-06T21:41:50.000000Z,2.369140625,2.365234375,13.0
2015-08-06T21:41:55.000000Z,2.369140625,2.3671875,15.0
2015-08-06T21:42:00.000000Z,2.369140625,2.3671875,7.0
2015-08-06T21:42:05.000000Z,2.369140625,2.3671875,6.0
2015-08-06T21:42:10.000000Z,2.369140625,2.3671875,3.0
2015-08-06T21:42:15.000000Z,2.369140625,2.3671875,1.0
2015-08-06T21:42:20.000000Z,2.369140625,2.3671875,2.0
2015-08-06T21:42:30.000000Z,2.369140625,2.3671875,2.0
2015-08-06T21:42:40.000000Z,2.3671875,2.3671875,4.0
2015-08-06T21:42:45.000000Z,2.3671875,2.3671875,2.0
2015-08-06T21:43:00.000000Z,2.3671875,2.3671875,1.0
2015-08-06T21:43:25.000000Z,2.3671875,2.3671875,1.0
2015-08-06T21:43:35.000000Z,2.3671875,2.3671875,5.0
2015-08-06T21:43:40.000000Z,2.3671875,2.3671875,9.0
2015-08-06T21:43:45.000000Z,2.369140625,2.3671875,3.0
2015-08-06T21:43:50.000000Z,2.3671875,2.3671875,18.0
2015-08-06T21:43:55.000000Z,2.3671875,2.3671875,9.0
2015-08-06T21:44:00.000000Z,2.3671875,2.3671875,15.0
2015-08-06T21:44:05.000000Z,2.3671875,2.3671875,3.0
2015-08-06T21:44:10.000000Z,2.3671875,2.365234375,13.0
2015-08-06T21:44:15.000000Z,2.3671875,2.365234375,7.0
2015-08-06T21:44:20.000000Z,2.3671875,2.365234375,9.0
2015-08-06T21:44:25.000000Z,2.3671875,2.365234375,8.0
2015-08-06T21:44:30.000000Z,2.3671875,2.365234375,1.0
2015-08-06T21:44:35.000000Z,2.3671875,2.365234375,12.0
2015-08-06T21:44:40.000000Z,2.3671875,2.365234375,3.0
2015-08-06T21:44:45.000000Z,2.3671875,2.365234375,5.0
2015-08-06T21:44:50.000000Z,2.3671875,2.365234375,5.0
2015-08-06T21:44:55.000000Z,2.3671875,2.365234375,23.0
2015-08-06T21:45:00.000000Z,2.3671875,2.365234375,8.0
2015-08-06T21:45:05.000000Z,2.3671875,2.365234375,17.0
2015-08-06T21:45:10.000000Z,2.3671875,2.365234375,24.0
2015-08-06T21:45:15.000000Z,2.3671875,2.365234375,24.0
2015-08-06T21:45:20.000000Z,2.3671875,2.365234375,11.0
2015-08-06T21:45:25.000000Z,2.3671875,2.365234375,12.0
2015-08-06T21:45:30.000000Z,2.3671875,2.365234375,25.0
2015-08-06T21:45:35.000000Z,2.3671875,2.365234375,14.0
2015-08-06T21:45:40.000000Z,2.3671875,2.365234375,32.0
2015-08-06T21:45:45.000000Z,2.3671875,2.365234375,7.0
2015-08-06T21:45:50.000000Z,2.3671875,2.365234375,6.0
2015-08-06T21:45:55.000000Z,2.3671875,2.365234375,7.0
2015-08-06T21:46:05.000000Z,2.3671875,2.365234375,1.0
2015-08-06T21:46:10.000000Z,2.3671875,2.365234375,11.0
2015-08-06T21:46:15.000000Z,2.3671875,2.365234375,1.0
2015-08-06T21:46:20.000000Z,2.3671875,2.365234375,13.0
2015-08-06T21:46:25.000000Z,2.3671875,2.365234375,5.0
2015-08-06T21:46:30.000000Z,2.3671875,2.365234375,5.0
2015-08-06T21:46:35.000000Z,2.3671875,2.365234375,6.0
2015-08-06T21:46:40.000000Z,2.3671875,2.365234375,7.0
2015-08-06T21:46:50.000000Z,2.3671875,2.365234375,2.0
2015-08-06T21:46:55.000000Z,2.3671875,2.365234375,5.0
2015-08-06T21:47:00.000000Z,2.3671875,2.365234375,8.0
2015-08-06T21:47:05.000000Z,2.3671875,2.365234375,15.0
2015-08-06T21:47:10.000000Z,2.3671875,2.365234375,10.0
2015-08-06T21:47:15.000000Z,2.3671875,2.365234375,11.0
2015-08-06T21:47:20.000000Z,2.3671875,2.365234375,9.0
2015-08-06T21:47:25.000000Z,2.3671875,2.365234375,1.0
2015-08-06T21:47:35.000000Z,2.3671875,2.365234375,1.0
2015-08-06T21:47:40.000000Z,2.3671875,2.365234375,1.0
2015-08-06T21:47:45.000000Z,2.3671875,2.365234375,12.0
2015-08-06T21:47:50.000000Z,2.3671875,2.365234375,14.0
2015-08-06T21:47:55.000000Z,2.3671875,2.365234375,11.0
2015-08-06T21:48:00.000000Z,2.3671875,2.365234375,31.0
2015-08-06T21:48:05.000000Z,2.3671875,2.365234375,11.0
2015-08-06T21:48:15.000000Z,2.3671875,2.365234375,3.0
2015-08-06T21:48:20.000000Z,2.3671875,2.365234375,12.0
2015-08-06T21:48:25.000000Z,2.3671875,2.365234375,2.0
2015-08-06T21:48:30.000000Z,2.3671875,2.365234375,17.0
2015-08-06T21:48:35.000000Z,2.3671875,2.365234375,8.0
2015-08-06T21:48:40.000000Z,2.3671875,2.365234375,8.0
2015-08-06T21:48:45.000000Z,2.3671875,2.365234375,6.0
2015-08-06T21:48:50.000000Z,2.3671875,2.365234375,9.0
2015-08-06T21:48:55.000000Z,2.3671875,2.365234375,14.0
2015-08-06T21:49:05.000000Z,2.3671875,2.365234375,10.0
2015-08-06T21:49:10.000000Z,2.3671875,2.365234375,10.0
2015-08-06T21:49:15.000000Z,2.3671875,2.365234375,2.0
2015-08-06T21:49:20.000000Z,2.3671875,2.365234375,3.0
2015-08-06T21:49:35.000000Z,2.3671875,2.365234375,1.0
2015-08-06T21:49:40.000000Z,2.3671875,2.365234375,3.0
2015-08-06T21:49:45.000000Z,2.3671875,2.365234375,4.0
2015-08-06T21:49:50.000000Z,2.3671875,2.365234375,6.0
2015-08-06T21:49:55.000000Z,2.3671875,2.365234375,5.0
2015-08-06T21:50:00.000000Z,2.3671875,2.365234375,4.0
2015-08-06T21:50:05.000000Z,2.3671875,2.365234375,5.0
2015-08-06T21:50:10.000000Z,2.3671875,2.365234375,4.0
2015-08-06T21:50:15.000000Z,2.3671875,2.365234375,10.0
2015-08-06T21:50:20.000000Z,2.3671875,2.365234375,5.0
2015-08-06T21:50:25.000000Z,2.3671875,2.365234375,19.0
2015-08-06T21:50:30.000000Z,2.3671875,2.365234375,3.0
2015-08-06T21:50:40.000000Z,2.3671875,2.365234375,6.0
2015-08-06T21:50:50.000000Z,2.3671875,2.365234375,2.0
2015-08-06T21:50:55.000000Z,2.3671875,2.365234375,1.0
2015-08-06T21:51:05.000000Z,2.3671875,2.365234375,1.0
2015-08-06T21:51:35.000000Z,2.3671875,2.365234375,14.0
2015-08-06T21:51:40.000000Z,2.3671875,2.3671875,9.0
2015-08-06T21:51:45.000000Z,2.3671875,2.3671875,1.0
2015-08-06T21:51:55.000000Z,2.3671875,2.3671875,12.0
2015-08-06T21:52:00.000000Z,2.3671875,2.3671875,9.0
2015-08-06T21:52:05.000000Z,2.3671875,2.365234375,13.0
2015-08-06T21:52:10.000000Z,2.3671875,2.365234375,1.0
2015-08-06T21:52:50.000000Z,2.3671875,2.365234375,2.0
2015-08-06T21:52:55.000000Z,2.3671875,2.365234375,8.0
2015-08-06T21:53:00.000000Z,2.3671875,2.365234375,12.0
2015-08-06T21:53:05.000000Z,2.3671875,2.365234375,14.0
2015-08-06T21:53:10.000000Z,2.3671875,2.365234375,2.0
2015-08-06T21:53:15.000000Z,2.3671875,2.365234375,11.0
2015-08-06T21:53:20.000000Z,2.3671875,2.365234375,14.0
2015-08-06T21:53:30.000000Z,2.3671875,2.365234375,4.0
2015-08-06T21:56:00.000000Z,2.3671875,2.3671875,1.0
2015-08-06T21:56:10.000000Z,2.3671875,2.3671875,2.0
2015-08-06T21:56:25.000000Z,2.369140625,2.3671875,2.0
2015-08-06T21:56:30.000000Z,2.369140625,2.3671875,5.0
2015-08-06T21:56:55.000000Z,2.369140625,2.3671875,2.0
2015-08-06T21:57:00.000000Z,2.369140625,2.3671875,1.0
2015-08-06T21:57:05.000000Z,2.369140625,2.3671875,3.0
2015-08-06T21:57:10.000000Z,2.369140625,2.3671875,1.0
2015-08-06T21:57:15.000000Z,2.369140625,2.3671875,4.0
2015-08-06T21:57:20.000000Z,2.369140625,2.3671875,4.0
2015-08-06T21:57:25.000000Z,2.369140625,2.3671875,3.0
2015-08-06T21:57:30.000000Z,2.369140625,2.3671875,2.0
2015-08-06T21:57:35.000000Z,2.369140625,2.3671875,3.0
2015-08-06T21:57:45.000000Z,2.369140625,2.3671875,2.0
2015-08-06T21:57:50.000000Z,2.369140625,2.3671875,1.0
2015-08-06T21:58:15.000000Z,2.369140625,2.3671875,1.0
2015-08-06T21:58:50.000000Z,2.369140625,2.3671875,3.0
2015-08-06T21:58:55.000000Z,2.369140625,2.3671875,2.0
2015-08-06T21:59:00.000000Z,2.369140625,2.3671875,2.0
2015-08-06T21:59:40.000000Z,2.369140625,2.3671875,1.0
2015-08-06T21:59:50.000000Z,2.369140625,2.365234375,1.0
2015-08-06T21:59:55.000000Z,2.369140625,2.3671875,2.0
2015-08-06T22:00:00.000000Z,2.369140625,2.3671875,7.0
2015-08-06T22:00:05.000000Z,2.3671875,2.3671875,1.0
2015-08-06T22:00:15.000000Z,2.369140625,2.3671875,5.0
2015-08-06T22:00:20.000000Z,2.369140625,2.3671875,9.0
2015-08-06T22:00:25.000000Z,2.369140625,2.3671875,6.0
2015-08-06T22:00:30.000000Z,2.369140625,2.3671875,16.0
2015-08-06T22:00:35.000000Z,2.369140625,2.3671875,8.0
2015-08-06T22:00:40.000000Z,2.369140625,2.3671875,3.0
2015-08-06T22:00:45.000000Z,2.369140625,2.3671875,4.0
2015-08-06T22:00:55.000000Z,2.369140625,2.3671875,6.0
2015-08-06T22:01:00.000000Z,2.369140625,2.3671875,5.0
2015-08-06T22:01:05.000000Z,2.369140625,2.3671875,6.0
2015-08-06T22:01:10.000000Z,2.369140625,2.3671875,3.0
2015-08-06T22:01:15.000000Z,2.369140625,2.3671875,2.0
2015-08-06T22:01:20.000000Z,2.369140625,2.3671875,7.0
2015-08-06T22:01:30.000000Z,2.369140625,2.3671875,1.0
2015-08-06T22:01:35.000000Z,2.369140625,2.3671875,3.0
2015-08-06T22:01:50.000000Z,2.369140625,2.3671875,4.0
2015-08-06T22:01:55.000000Z,2.369140625,2.3671875,2.0
2015-08-06T22:02:00.000000Z,2.369140625,2.3671875,25.0
2015-08-06T22:02:05.000000Z,2.369140625,2.3671875,11.0
2015-08-06T22:02:10.000000Z,2.369140625,2.3671875,4.0
2015-08-06T22:02:15.000000Z,2.369140625,2.3671875,1.0
2015-08-06T22:02:20.000000Z,2.369140625,2.3671875,8.0
2015-08-06T22:02:25.000000Z,2.369140625,2.3671875,3.0
2015-08-06T22:02:30.000000Z,2.369140625,2.3671875,2.0
2015-08-06T22:02:35.000000Z,2.369140625,2.3671875,7.0
2015-08-06T22:02:40.000000Z,2.369140625,2.3671875,5.0
2015-08-06T22:02:45.000000Z,2.369140625,2.3671875,4.0
2015-08-06T22:02:50.000000Z,2.369140625,2.3671875,5.0
2015-08-06T22:02:55.000000Z,2.3671875,2.3671875,8.0
2015-08-06T22:03:00.000000Z,2.3671875,2.3671875,1.0
2015-08-06T22:03:15.000000Z,2.369140625,2.3671875,33.0
2015-08-06T22:03:20.000000Z,2.3671875,2.3671875,18.0
2015-08-06T22:03:25.000000Z,2.3671875,2.3671875,11.0
2015-08-06T22:03:30.000000Z,2.3671875,2.365234375,17.0
2015-08-06T22:03:35.000000Z,2.3671875,2.365234375,2.0
2015-08-06T22:03:40.000000Z,2.3671875,2.365234375,19.0
2015-08-06T22:03:45.000000Z,2.3671875,2.365234375,4.0
2015-08-06T22:03:50.000000Z,2.3671875,2.365234375,9.0
2015-08-06T22:03:55.000000Z,2.3671875,2.3671875,10.0
2015-08-06T22:04:00.000000Z,2.3671875,2.3671875,9.0
2015-08-06T22:04:05.000000Z,2.3671875,2.3671875,10.0
2015-08-06T22:04:10.000000Z,2.3671875,2.3671875,5.0
2015-08-06T22:04:15.000000Z,2.3671875,2.365234375,10.0
2015-08-06T22:04:20.000000Z,2.3671875,2.3671875,13.0
2015-08-06T22:04:25.000000Z,2.3671875,2.3671875,1.0
2015-08-06T22:04:30.000000Z,2.3671875,2.3671875,11.0
2015-08-06T22:04:35.000000Z,2.369140625,2.3671875,10.0
2015-08-06T22:04:40.000000Z,2.369140625,2.3671875,17.0
2015-08-06T22:04:45.000000Z,2.3671875,2.365234375,17.0
2015-08-06T22:04:50.000000Z,2.369140625,2.3671875,3.0
2015-08-06T22:04:55.000000Z,2.369140625,2.3671875,1.0
2015-08-06T22:05:00.000000Z,2.369140625,2.3671875,3.0
2015-08-06T22:05:10.000000Z,2.369140625,2.3671875,8.0
2015-08-06T22:05:15.000000Z,2.369140625,2.3671875,5.0
2015-08-06T22:05:20.000000Z,2.369140625,2.3671875,3.0
2015-08-06T22:05:25.000000Z,2.369140625,2.3671875,3.0
2015-08-06T22:05:30.000000Z,2.369140625,2.3671875,4.0
2015-08-06T22:05:35.000000Z,2.3671875,2.3671875,9.0
2015-08-06T22:05:40.000000Z,2.369140625,2.365234375,15.0
2015-08-06T22:05:45.000000Z,2.369140625,2.3671875,27.0
2015-08-06T22:05:50.000000Z,2.369140625,2.365234375,30.0
2015-08-06T22:05:55.000000Z,2.369140625,2.3671875,3.0
2015-08-06T22:06:00.000000Z,2.369140625,2.3671875,7.0
2015-08-06T22:06:05.000000Z,2.369140625,2.365234375,34.0
2015-08-06T22:06:10.000000Z,2.369140625,2.3671875,19.0
2015-08-06T22:06:15.000000Z,2.369140625,2.365234375,17.0
2015-08-06T22:06:20.000000Z,2.369140625,2.365234375,7.0
2015-08-06T22:06:25.000000Z,2.369140625,2.3671875,1.0
2015-08-06T22:06:30.000000Z,2.369140625,2.3671875,5.0
2015-08-06T22:06:35.000000Z,2.369140625,2.365234375,2.0
2015-08-06T22:06:40.000000Z,2.369140625,2.3671875,6.0
2015-08-06T22:06:45.000000Z,2.369140625,2.3671875,3.0
2015-08-06T22:06:55.000000Z,2.369140625,2.3671875,1.0
2015-08-06T22:07:00.000000Z,2.369140625,2.3671875,6.0
2015-08-06T22:07:05.000000Z,2.369140625,2.3671875,12.0
2015-08-06T22:07:10.000000Z,2.369140625,2.3671875,5.0
2015-08-06T22:07:15.000000Z,2.369140625,2.3671875,1.0
2015-08-06T22:07:35.000000Z,2.369140625,2.3671875,1.0
2015-08-06T22:07:40.000000Z,2.369140625,2.3671875,4.0
2015-08-06T22:07:45.000000Z,2.369140625,2.3671875,1.0
2015-08-06T22:07:50.000000Z,2.369140625,2.3671875,5.0
2015-08-06T22:07:55.000000Z,2.369140625,2.3671875,14.0
2015-08-06T22:08:00.000000Z,2.369140625,2.3671875,30.0
2015-08-06T22:08:05.000000Z,2.369140625,2.3671875,7.0
2015-08-06T22:08:10.000000Z,2.369140625,2.3671875,13.0
2015-08-06T22:08:15.000000Z,2.369140625,2.365234375,5.0
2015-08-06T22:08:20.000000Z,2.369140625,2.3671875,16.0
2015-08-06T22:08:25.000000Z,2.369140625,2.3671875,11.0
2015-08-06T22:08:30.000000Z,2.369140625,2.3671875,5.0
2015-08-06T22:08:35.000000Z,2.369140625,2.3671875,12.0
2015-08-06T22:08:40.000000Z,2.369140625,2.3671875,1.0
2015-08-06T22:08:45.000000Z,2.3671875,2.365234375,14.0
2015-08-06T22:08:50.000000Z,2.3671875,2.365234375,5.0
2015-08-06T22:08:55.000000Z,2.3671875,2.365234375,5.0
2015-08-06T22:09:05.000000Z,2.3671875,2.365234375,18.0
2015-08-06T22:09:10.000000Z,2.3671875,2.365234375,3.0
2015-08-06T22:09:15.000000Z,2.3671875,2.365234375,22.0
2015-08-06T22:09:20.000000Z,2.3671875,2.365234375,16.0
2015-08-06T22:09:25.000000Z,2.3671875,2.365234375,10.0
2015-08-06T22:09:35.000000Z,2.369140625,2.365234375,11.0
2015-08-06T22:09:40.000000Z,2.369140625,2.365234375,13.0
2015-08-06T22:09:45.000000Z,2.3671875,2.365234375,8.0
2015-08-06T22:09:50.000000Z,2.3671875,2.365234375,3.0
2015-08-06T22:09:55.000000Z,2.3671875,2.365234375,15.0
2015-08-06T22:10:00.000000Z,2.3671875,2.365234375,19.0
2015-08-06T22:10:05.000000Z,2.3671875,2.365234375,6.0
2015-08-06T22:10:10.000000Z,2.3671875,2.365234375,7.0
2015-08-06T22:10:15.000000Z,2.369140625,2.365234375,8.0
2015-08-06T22:10:20.000000Z,2.369140625,2.365234375,7.0
2015-08-06T22:10:25.000000Z,2.369140625,2.365234375,6.0
2015-08-06T22:10:30.000000Z,2.369140625,2.365234375,1.0
2015-08-06T22:10:35.000000Z,2.369140625,2.3671875,1.0
2015-08-06T22:10:55.000000Z,2.369140625,2.365234375,4.0
2015-08-06T22:11:00.000000Z,2.369140625,2.3671875,10.0
2015-08-06T22:11:05.000000Z,2.369140625,2.3671875,3.0
2015-08-06T22:11:10.000000Z,2.369140625,2.3671875,11.0
2015-08-06T22:11:50.000000Z,2.369140625,2.3671875,1.0
2015-08-06T22:12:20.000000Z,2.369140625,2.3671875,1.0
2015-08-06T22:12:45.000000Z,2.369140625,2.3671875,5.0
2015-08-06T22:12:50.000000Z,2.3671875,2.365234375,8.0
2015-08-06T22:12:55.000000Z,2.3671875,2.365234375,14.0
2015-08-06T22:13:00.000000Z,2.3671875,2.365234375,9.0
2015-08-06T22:13:05.000000Z,2.369140625,2.365234375,18.0
2015-08-06T22:13:10.000000Z,2.3671875,2.365234375,11.0
2015-08-06T22:13:15.000000Z,2.3671875,2.365234375,2.0
2015-08-06T22:13:20.000000Z,2.3671875,2.365234375,8.0
2015-08-06T22:13:25.000000Z,2.3671875,2.365234375,13.0
2015-08-06T22:13:30.000000Z,2.369140625,2.3671875,6.0
2015-08-06T22:13:35.000000Z,2.369140625,2.3671875,11.0
2015-08-06T22:13:40.000000Z,2.369140625,2.3671875,2.0
2015-08-06T22:13:45.000000Z,2.369140625,2.3671875,1.0
2015-08-06T22:14:10.000000Z,2.369140625,2.3671875,7.0
2015-08-06T22:14:15.000000Z,2.369140625,2.3671875,4.0
2015-08-06T22:14:20.000000Z,2.369140625,2.3671875,3.0
2015-08-06T22:14:25.000000Z,2.369140625,2.3671875,2.0
2015-08-06T22:14:30.000000Z,2.369140625,2.3671875,9.0
2015-08-06T22:14:35.000000Z,2.369140625,2.3671875,6.0
2015-08-06T22:14:40.000000Z,2.369140625,2.3671875,1.0
2015-08-06T22:14:55.000000Z,2.369140625,2.3671875,6.0
2015-08-06T22:15:00.000000Z,2.369140625,2.3671875,4.0
2015-08-06T22:15:05.000000Z,2.369140625,2.3671875,3.0
2015-08-06T22:15:10.000000Z,2.369140625,2.3671875,1.0
2015-08-06T22:15:15.000000Z,2.369140625,2.3671875,4.0
2015-08-06T22:15:20.000000Z,2.369140625,2.3671875,5.0
2015-08-06T22:15:35.000000Z,2.369140625,2.3671875,1.0
2015-08-06T22:15:40.000000Z,2.369140625,2.3671875,7.0
2015-08-06T22:15:45.000000Z,2.369140625,2.3671875,11.0
2015-08-06T22:15:50.000000Z,2.369140625,2.3671875,12.0
2015-08-06T22:15:55.000000Z,2.369140625,2.3671875,12.0
2015-08-06T22:16:00.000000Z,2.369140625,2.3671875,11.0
2015-08-06T22:16:05.000000Z,2.369140625,2.3671875,6.0
2015-08-06T22:16:10.000000Z,2.369140625,2.3671875,14.0
2015-08-06T22:16:20.000000Z,2.369140625,2.3671875,1.0
2015-08-06T22:16:30.000000Z,2.369140625,2.3671875,2.0
2015-08-06T22:16:40.000000Z,2.369140625,2.3671875,3.0
2015-08-06T22:16:45.000000Z,2.369140625,2.3671875,16.0
2015-08-06T22:16:50.000000Z,2.369140625,2.3671875,1.0
2015-08-06T22:16:55.000000Z,2.369140625,2.3671875,1.0
2015-08-06T22:17:00.000000Z,2.369140625,2.3671875,4.0
2015-08-06T22:17:05.000000Z,2.369140625,2.3671875,1.0
2015-08-06T22:17:20.000000Z,2.369140625,2.3671875,2.0
2015-08-06T22:17:25.000000Z,2.369140625,2.3671875,8.0
2015-08-06T22:17:30.000000Z,2.369140625,2.3671875,7.0
2015-08-06T22:17:35.000000Z,2.369140625,2.3671875,4.0
2015-08-06T22:17:40.000000Z,2.369140625,2.3671875,8.0
2015-08-06T22:17:45.000000Z,2.3671875,2.365234375,14.0
2015-08-06T22:17:50.000000Z,2.3671875,2.3671875,9.0
2015-08-06T22:18:00.000000Z,2.3671875,2.3671875,6.0
2015-08-06T22:18:05.000000Z,2.3671875,2.3671875,8.0
2015-08-06T22:18:10.000000Z,2.3671875,2.3671875,4.0
2015-08-06T22:18:15.000000Z,2.3671875,2.3671875,7.0
2015-08-06T22:18:20.000000Z,2.3671875,2.3671875,11.0
2015-08-06T22:18:25.000000Z,2.3671875,2.3671875,13.0
2015-08-06T22:18:30.000000Z,2.3671875,2.3671875,1.0
2015-08-06T22:18:35.000000Z,2.3671875,2.3671875,26.0
2015-08-06T22:18:40.000000Z,2.3671875,2.3671875,14.0
2015-08-06T22:18:50.000000Z,2.3671875,2.3671875,14.0
2015-08-06T22:18:55.000000Z,2.3671875,2.3671875,3.0
2015-08-06T22:19:00.000000Z,2.3671875,2.3671875,6.0
2015-08-06T22:19:05.000000Z,2.3671875,2.3671875,6.0
2015-08-06T22:19:10.000000Z,2.3671875,2.3671875,3.0
2015-08-06T22:19:15.000000Z,2.3671875,2.3671875,9.0
2015-08-06T22:19:20.000000Z,2.3671875,2.3671875,2.0
2015-08-06T22:19:25.000000Z,2.3671875,2.3671875,13.0
2015-08-06T22:19:30.000000Z,2.3671875,2.3671875,9.0
2015-08-06T22:19:35.000000Z,2.3671875,2.3671875,13.0
2015-08-06T22:19:40.000000Z,2.3671875,2.3671875,10.0
2015-08-06T22:19:45.000000Z,2.3671875,2.3671875,2.0
