time,closeAsk,closeBid,volume
2015-08-11T14:24:05.000000Z,1.3125,1.3125,4.0
2015-08-11T14:24:15.000000Z,1.3125,1.3125,9.0
2015-08-11T14:24:20.000000Z,1.3125,1.3125,9.0
2015-08-11T14:24:25.000000Z,1.3125,1.3125,2.0
2015-08-11T14:24:35.000000Z,1.3125,1.3125,8.0
2015-08-11T14:24:40.000000Z,1.3125,1.3115234375,8.0
2015-08-11T14:24:45.000000Z,1.3125,1.3115234375,13.0
2015-08-11T14:24:50.000000Z,1.3125,1.3115234375,6.0
2015-08-11T14:24:55.000000Z,1.3125,1.3115234375,9.0
2015-08-11T14:25:00.000000Z,1.3125,1.3125,13.0
2015-08-11T14:25:05.000000Z,1.3125,1.3125,12.0
2015-08-11T14:25:10.000000Z,1.3125,1.3115234375,5.0
2015-08-11T14:25:15.000000Z,1.3125,1.3125,8.0
2015-08-11T14:25:20.000000Z,1.3125,1.3125,3.0
2015-08-11T14:25:25.000000Z,1.3125,1.3125,2.0
2015-08-11T14:25:35.000000Z,1.3125,1.3125,3.0
2015-08-11T14:25:40.000000Z,1.3125,1.3125,1.0
2015-08-11T14:25:45.000000Z,1.3125,1.3115234375,9.0
2015-08-11T14:25:50.000000Z,1.3125,1.3125,5.0
2015-08-11T14:25:55.000000Z,1.3125,1.3125,1.0
2015-08-11T14:26:00.000000Z,1.3125,1.3125,11.0
2015-08-11T14:26:05.000000Z,1.3125,1.3125,2.0
2015-08-11T14:26:10.000000Z,1.3125,1.3125,3.0
2015-08-11T14:26:20.000000Z,1.3125,1.3125,4.0
2015-08-11T14:26:25.000000Z,1.3125,1.3125,5.0
2015-08-11T14:26:30.000000Z,1.3125,1.3125,4.0
2015-08-11T14:26:35.000000Z,1.3125,1.3125,10.0
2015-08-11T14:26:40.000000Z,1.3125,1.3125,12.0
2015-08-11T14:26:45.000000Z,1.3125,1.3125,1.0
2015-08-11T14:26:55.000000Z,1.3125,1.3125,4.0
2015-08-11T14:27:05.000000Z,1.3125,1.3125,2.0
2015-08-11T14:27:10.000000Z,1.3125,1.3125,5.0
2015-08-11T14:27:15.000000Z,1.3125,1.3125,1.0
2015-08-11T14:27:20.000000Z,1.3125,1.3125,1.0
2015-08-11T14:27:25.000000Z,1.3125,1.3125,4.0
2015-08-11T14:27:30.000000Z,1.3125,1.3125,6.0
2015-08-11T14:27:35.000000Z,1.3125,1.3125,4.0
2015-08-11T14:27:40.000000Z,1.3125,1.3125,7.0
2015-08-11T14:27:50.000000Z,1.3125,1.3125,2.0
2015-08-11T14:27:55.000000Z,1.3125,1.3125,5.0
2015-08-11T14:28:00.000000Z,1.3125,1.3115234375,5.0
2015-08-11T14:28:05.000000Z,1.3115234375,1.3115234375,6.0
2015-08-11T14:28:10.000000Z,1.3115234375,1.3115234375,14.0
2015-08-11T14:28:15.000000Z,1.3125,1.3115234375,4.0
2015-08-11T14:28:20.000000Z,1.3115234375,1.3115234375,12.0
2015-08-11T14:28:25.000000Z,1.3125,1.3115234375,9.0
2015-08-11T14:28:30.000000Z,1.3115234375,1.3115234375,4.0
2015-08-11T14:28:35.000000Z,1.3115234375,1.3115234375,5.0
2015-08-11T14:28:40.000000Z,1.3115234375,1.3115234375,3.0
2015-08-11T14:28:45.000000Z,1.3115234375,1.3115234375,1.0
2015-08-11T14:28:50.000000Z,1.3115234375,1.3115234375,3.0
2015-08-11T14:28:55.000000Z,1.3115234375,1.3115234375,8.0
2015-08-11T14:29:00.000000Z,1.3115234375,1.3115234375,7.0
2015-08-11T14:29:05.000000Z,1.3115234375,1.3115234375,12.0
2015-08-11T14:29:10.000000Z,1.3115234375,1.3115234375,13.0
2015-08-11T14:29:15.000000Z,1.3115234375,1.3115234375,12.0
2015-08-11T14:29:20.000000Z,1.3115234375,1.3115234375,7.0
2015-08-11T14:29:25.000000Z,1.3115234375,1.3115234375,2.0
2015-08-11T14:29:30.000000Z,1.3115234375,1.3115234375,2.0
2015-08-11T14:29:35.000000Z,1.3115234375,1.3115234375,2.0
2015-08-11T14:29:40.000000Z,1.3115234375,1.3115234375,4.0
2015-08-11T14:29:45.000000Z,1.3115234375,1.3115234375,3.0
2015-08-11T14:29:55.000000Z,1.3115234375,1.3115234375,1.0
2015-08-11T14:30:00.000000Z,1.3125,1.3115234375,7.0
2015-08-11T14:30:05.000000Z,1.3125,1.3115234375,4.0
2015-08-11T14:30:10.000000Z,1.3125,1.3125,7.0
2015-08-11T14:30:15.000000Z,1.3125,1.3125,3.0
2015-08-11T14:30:20.000000Z,1.3125,1.3125,1.0
2015-08-11T14:30:25.000000Z,1.3125,1.3125,2.0
2015-08-11T14:30:30.000000Z,1.3125,1.3125,6.0
2015-08-11T14:30:35.000000Z,1.3125,1.3125,4.0
2015-08-11T14:30:40.000000Z,1.3125,1.3125,7.0
2015-08-11T14:30:45.000000Z,1.3125,1.3125,7.0
2015-08-11T14:30:50.000000Z,1.3125,1.3125,7.0
2015-08-11T14:30:55.000000Z,1.3125,1.3125,2.0
2015-08-11T14:31:05.000000Z,1.3125,1.3115234375,7.0
2015-08-11T14:31:10.000000Z,1.3125,1.3125,4.0
2015-08-11T14:31:15.000000Z,1.3125,1.3125,4.0
2015-08-11T14:31:20.000000Z,1.3125,1.3125,2.0
2015-08-11T14:31:30.000000Z,1.3125,1.3125,2.0
2015-08-11T14:31:35.000000Z,1.3125,1.3115234375,3.0
2015-08-11T14:31:40.000000Z,1.3115234375,1.3115234375,10.0
2015-08-11T14:31:45.000000Z,1.3125,1.3115234375,6.0
2015-08-11T14:31:50.000000Z,1.3125,1.3115234375,5.0
2015-08-11T14:31:55.000000Z,1.3115234375,1.3115234375,4.0
2015-08-11T14:32:00.000000Z,1.3115234375,1.3115234375,6.0
2015-08-11T14:32:05.000000Z,1.3115234375,1.3115234375,6.0
2015-08-11T14:32:10.000000Z,1.3115234375,1.3115234375,6.0
2015-08-11T14:32:15.000000Z,1.3115234375,1.3115234375,3.0
2015-08-11T14:32:20.000000Z,1.3115234375,1.3115234375,6.0
2015-08-11T14:32:25.000000Z,1.3115234375,1.3115234375,1.0
2015-08-11T14:32:30.000000Z,1.3115234375,1.3115234375,3.0
2015-08-11T14:32:35.000000Z,1.3115234375,1.3115234375,3.0
2015-08-11T14:32:40.000000Z,1.3115234375,1.3115234375,3.0
2015-08-11T14:32:45.000000Z,1.3115234375,1.3115234375,15.0
2015-08-11T14:32:55.000000Z,1.3115234375,1.3115234375,5.0
2015-08-11T14:33:00.000000Z,1.3115234375,1.3115234375,1.0
2015-08-11T14:33:05.000000Z,1.3115234375,1.3115234375,3.0
2015-08-11T14:33:15.000000Z,1.3115234375,1.3115234375,6.0
2015-08-11T14:33:20.000000Z,1.3115234375,1.3115234375,7.0
2015-08-11T14:33:35.000000Z,1.3115234375,1.3115234375,7.0
2015-08-11T14:33:40.000000Z,1.3115234375,1.3115234375,3.0
2015-08-11T14:33:45.000000Z,1.3115234375,1.3115234375,4.0
2015-08-11T14:33:50.000000Z,1.3115234375,1.3115234375,2.0
2015-08-11T14:33:55.000000Z,1.3115234375,1.3115234375,2.0
2015-08-11T14:34:05.000000Z,1.3115234375,1.3115234375,5.0
2015-08-11T14:34:10.000000Z,1.3115234375,1.3115234375,7.0
2015-08-11T14:34:15.000000Z,1.3115234375,1.3115234375,2.0
2015-08-11T14:34:20.000000Z,1.3115234375,1.3115234375,3.0
2015-08-11T14:34:25.000000Z,1.3115234375,1.3115234375,9.0
2015-08-11T14:34:30.000000Z,1.3115234375,1.3115234375,4.0
2015-08-11T14:34:35.000000Z,1.3115234375,1.3115234375,4.0
2015-08-11T14:34:40.000000Z,1.3115234375,1.3115234375,2.0
2015-08-11T14:34:55.000000Z,1.3115234375,1.3115234375,1.0
2015-08-11T14:35:00.000000Z,1.3115234375,1.3115234375,1.0
2015-08-11T14:35:10.000000Z,1.3115234375,1.3115234375,7.0
2015-08-11T14:35:15.000000Z,1.3115234375,1.3115234375,11.0
2015-08-11T14:35:20.000000Z,1.3115234375,1.3115234375,3.0
2015-08-11T14:35:25.000000Z,1.3115234375,1.3115234375,4.0
2015-08-11T14:35:30.000000Z,1.3115234375,1.3115234375,2.0
2015-08-11T14:35:35.000000Z,1.3115234375,1.3115234375,6.0
2015-08-11T14:35:40.000000Z,1.3125,1.3115234375,10.0
2015-08-11T14:35:45.000000Z,1.3125,1.3115234375,3.0
2015-08-11T14:35:50.000000Z,1.3125,1.3125,10.0
2015-08-11T14:35:55.000000Z,1.3125,1.3125,4.0
2015-08-11T14:36:00.000000Z,1.3125,1.3115234375,1.0
2015-08-11T14:36:05.000000Z,1.3125,1.3115234375,2.0
2015-08-11T14:36:10.000000Z,1.3115234375,1.3115234375,5.0
2015-08-11T14:36:15.000000Z,1.3115234375,1.3115234375,3.0
2015-08-11T14:36:20.000000Z,1.3125,1.3115234375,5.0
2015-08-11T14:36:25.000000Z,1.3125,1.3125,9.0
2015-08-11T14:36:30.000000Z,1.3125,1.3115234375,4.0
2015-08-11T14:36:35.000000Z,1.3125,1.3115234375,1.0
2015-08-11T14:36:40.000000Z,1.3125,1.3125,4.0
2015-08-11T14:36:45.000000Z,1.3125,1.3115234375,8.0
2015-08-11T14:36:50.000000Z,1.3115234375,1.3115234375,5.0
2015-08-11T14:36:55.000000Z,1.3115234375,1.3115234375,4.0
2015-08-11T14:37:00.000000Z,1.3115234375,1.3115234375,12.0
2015-08-11T14:37:05.000000Z,1.3115234375,1.3115234375,3.0
2015-08-11T14:37:15.000000Z,1.3115234375,1.3115234375,3.0
2015-08-11T14:37:20.000000Z,1.3115234375,1.3115234375,2.0
2015-08-11T14:37:25.000000Z,1.3115234375,1.3115234375,1.0
2015-08-11T14:37:30.000000Z,1.3115234375,1.3115234375,5.0
2015-08-11T14:37:35.000000Z,1.3115234375,1.3115234375,6.0
2015-08-11T14:37:40.000000Z,1.3115234375,1.3115234375,2.0
2015-08-11T14:37:45.000000Z,1.3115234375,1.3115234375,1.0
2015-08-11T14:37:50.000000Z,1.3115234375,1.3115234375,7.0
2015-08-11T14:37:55.000000Z,1.3115234375,1.3115234375,3.0
2015-08-11T14:38:00.000000Z,1.3115234375,1.3115234375,2.0
2015-08-11T14:38:05.000000Z,1.3115234375,1.3115234375,9.0
2015-08-11T14:38:10.000000Z,1.3115234375,1.3115234375,13.0
2015-08-11T14:38:15.000000Z,1.3115234375,1.3115234375,1.0
2015-08-11T14:38:20.000000Z,1.3115234375,1.3115234375,4.0
2015-08-11T14:38:25.000000Z,1.3115234375,1.3115234375,4.0
2015-08-11T14:38:30.000000Z,1.3115234375,1.3115234375,8.0
2015-08-11T14:38:45.000000Z,1.3115234375,1.3115234375,2.0
2015-08-11T14:38:50.000000Z,1.3125,1.3115234375,10.0
2015-08-11T14:38:55.000000Z,1.3125,1.3115234375,5.0
2015-08-11T14:39:05.000000Z,1.3125,1.3115234375,1.0
2015-08-11T14:39:10.000000Z,1.3125,1.3115234375,1.0
2015-08-11T14:39:15.000000Z,1.3115234375,1.3115234375,4.0
2015-08-11T14:39:20.000000Z,1.3115234375,1.3115234375,3.0
2015-08-11T14:39:25.000000Z,1.3115234375,1.3115234375,4.0
2015-08-11T14:39:40.000000Z,1.3125,1.3115234375,4.0
2015-08-11T14:39:45.000000Z,1.3115234375,1.3115234375,11.0
2015-08-11T14:39:50.000000Z,1.3115234375,1.3115234375,4.0
2015-08-11T14:39:55.000000Z,1.3115234375,1.3115234375,6.0
2015-08-11T14:40:00.000000Z,1.3115234375,1.3115234375,2.0
2015-08-11T14:40:05.000000Z,1.3115234375,1.3115234375,4.0
2015-08-11T14:40:15.000000Z,1.3115234375,1.3115234375,2.0
2015-08-11T14:40:20.000000Z,1.3115234375,1.3115234375,3.0
2015-08-11T14:40:30.000000Z,1.3115234375,1.3115234375,3.0
2015-08-11T14:40:35.000000Z,1.3115234375,1.3115234375,1.0
2015-08-11T14:40:40.000000Z,1.3115234375,1.3115234375,1.0
2015-08-11T14:40:50.000000Z,1.3115234375,1.3115234375,1.0
2015-08-11T14:40:55.000000Z,1.3125,1.3115234375,7.0
2015-08-11T14:41:00.000000Z,1.3125,1.3115234375,2.0
2015-08-11T14:41:05.000000Z,1.3125,1.3115234375,2.0
2015-08-11T14:41:10.000000Z,1.3125,1.3115234375,1.0
2015-08-11T14:41:20.000000Z,1.3125,1.3115234375,1.0
2015-08-11T14:41:25.000000Z,1.3125,1.3115234375,11.0
2015-08-11T14:41:30.000000Z,1.3125,1.3115234375,2.0
2015-08-11T14:41:35.000000Z,1.3125,1.3115234375,1.0
2015-08-11T14:41:40.000000Z,1.3125,1.3115234375,9.0
2015-08-11T14:41:45.000000Z,1.3125,1.3115234375,8.0
2015-08-11T14:41:55.000000Z,1.3125,1.3115234375,2.0
2015-08-11T14:42:00.000000Z,1.3125,1.3115234375,1.0
2015-08-11T14:42:15.000000Z,1.3115234375,1.3115234375,5.0
2015-08-11T14:42:20.000000Z,1.3125,1.3115234375,16.0
2015-08-11T14:42:30.000000Z,1.3125,1.3125,20.0
2015-08-11T14:42:35.000000Z,1.3125,1.3125,4.0
2015-08-11T14:42:40.000000Z,1.3125,1.3125,14.0
2015-08-11T14:42:45.000000Z,1.3125,1.3125,1.0
2015-08-11T14:42:50.000000Z,1.3125,1.3125,6.0
2015-08-11T14:42:55.000000Z,1.3125,1.3125,9.0
2015-08-11T14:43:00.000000Z,1.3125,1.3125,3.0
2015-08-11T14:43:05.000000Z,1.3125,1.3125,7.0
2015-08-11T14:43:10.000000Z,1.3125,1.3125,4.0
2015-08-11T14:43:15.000000Z,1.3125,1.3125,3.0
2015-08-11T14:43:25.000000Z,1.3125,1.3125,9.0
2015-08-11T14:43:30.000000Z,1.3125,1.3125,10.0
2015-08-11T14:43:35.000000Z,1.3125,1.3115234375,8.0
2015-08-11T14:43:40.000000Z,1.3125,1.3115234375,2.0
2015-08-11T14:43:45.000000Z,1.3125,1.3125,3.0
2015-08-11T14:43:50.000000Z,1.3125,1.3115234375,3.0
2015-08-11T14:43:55.000000Z,1.3125,1.3115234375,2.0
2015-08-11T14:44:00.000000Z,1.3125,1.3115234375,1.0
2015-08-11T14:44:05.000000Z,1.3125,1.3115234375,6.0
2015-08-11T14:44:15.000000Z,1.3125,1.3125,5.0
2015-08-11T14:44:20.000000Z,1.3125,1.3125,2.0
2015-08-11T14:44:45.000000Z,1.3125,1.3125,3.0
2015-08-11T14:45:00.000000Z,1.3125,1.3115234375,7.0
2015-08-11T14:45:05.000000Z,1.3125,1.3115234375,4.0
2015-08-11T14:45:10.000000Z,1.3125,1.3115234375,3.0
2015-08-11T14:45:15.000000Z,1.3125,1.3115234375,12.0
2015-08-11T14:45:20.000000Z,1.3125,1.3125,5.0
2015-08-11T14:45:30.000000Z,1.3125,1.3125,1.0
2015-08-11T14:45:35.000000Z,1.3125,1.3125,1.0
2015-08-11T14:45:40.000000Z,1.3125,1.3125,9.0
2015-08-11T14:45:45.000000Z,1.3125,1.3125,1.0
2015-08-11T14:45:50.000000Z,1.3125,1.3125,3.0
2015-08-11T14:45:55.000000Z,1.3125,1.3125,7.0
2015-08-11T14:46:00.000000Z,1.3125,1.3125,7.0
2015-08-11T14:46:05.000000Z,1.3125,1.3125,1.0
2015-08-11T14:46:10.000000Z,1.3125,1.3125,5.0
2015-08-11T14:46:15.000000Z,1.3125,1.3125,4.0
2015-08-11T14:46:20.000000Z,1.3125,1.3125,7.0
2015-08-11T14:46:25.000000Z,1.3125,1.3125,7.0
2015-08-11T14:46:30.000000Z,1.3134765625,1.3125,35.0
2015-08-11T14:46:35.000000Z,1.3125,1.3125,18.0
2015-08-11T14:46:40.000000Z,1.3125,1.3125,7.0
2015-08-11T14:46:45.000000Z,1.3125,1.3125,18.0
2015-08-11T14:46:55.000000Z,1.3125,1.3125,5.0
2015-08-11T14:47:00.000000Z,1.3134765625,1.3125,15.0
2015-08-11T14:47:05.000000Z,1.3134765625,1.3125,2.0
2015-08-11T14:47:10.000000Z,1.3125,1.3125,7.0
2015-08-11T14:47:20.000000Z,1.3134765625,1.3125,23.0
2015-08-11T14:47:25.000000Z,1.3134765625,1.3134765625,23.0
2015-08-11T14:47:30.000000Z,1.3134765625,1.3134765625,18.0
2015-08-11T14:47:35.000000Z,1.3134765625,1.3134765625,5.0
2015-08-11T14:47:40.000000Z,1.3134765625,1.3134765625,1.0
2015-08-11T14:47:45.000000Z,1.3134765625,1.3134765625,3.0
2015-08-11T14:47:50.000000Z,1.3134765625,1.3134765625,1.0
2015-08-11T14:47:55.000000Z,1.3134765625,1.3134765625,11.0
2015-08-11T14:48:00.000000Z,1.3134765625,1.3134765625,4.0
2015-08-11T14:48:05.000000Z,1.3134765625,1.3134765625,14.0
2015-08-11T14:48:10.000000Z,1.3134765625,1.3134765625,9.0
2015-08-11T14:48:20.000000Z,1.3134765625,1.3134765625,2.0
2015-08-11T14:48:25.000000Z,1.3134765625,1.3134765625,1.0
2015-08-11T14:48:30.000000Z,1.3134765625,1.3134765625,2.0
2015-08-11T14:48:35.000000Z,1.3134765625,1.3134765625,2.0
2015-08-11T14:48:40.000000Z,1.3134765625,1.3134765625,1.0
2015-08-11T14:48:45.000000Z,1.3134765625,1.3125,1.0
2015-08-11T14:48:50.000000Z,1.3134765625,1.3125,10.0
2015-08-11T14:48:55.000000Z,1.3125,1.3125,8.0
2015-08-11T14:49:10.000000Z,1.3125,1.3125,1.0
2015-08-11T14:49:20.000000Z,1.3125,1.3125,12.0
2015-08-11T14:49:25.000000Z,1.3125,1.3125,2.0
2015-08-11T14:49:35.000000Z,1.3125,1.3125,5.0
2015-08-11T14:49:45.000000Z,1.3125,1.3125,1.0
2015-08-11T14:49:55.000000Z,1.3125,1.3125,2.0
2015-08-11T14:50:00.000000Z,1.3125,1.3125,7.0
2015-08-11T14:50:05.000000Z,1.3125,1.3125,1.0
2015-08-11T14:50:10.000000Z,1.3125,1.3125,1.0
2015-08-11T14:50:15.000000Z,1.3125,1.3125,2.0
2015-08-11T14:50:20.000000Z,1.3125,1.3125,2.0
2015-08-11T14:50:25.000000Z,1.3125,1.3125,5.0
2015-08-11T14:50:30.000000Z,1.3125,1.3125,3.0
2015-08-11T14:50:35.000000Z,1.3125,1.3125,2.0
2015-08-11T14:50:40.000000Z,1.3125,1.3125,6.0
2015-08-11T14:50:45.000000Z,1.3125,1.3125,4.0
2015-08-11T14:50:50.000000Z,1.3125,1.3125,2.0
2015-08-11T14:51:00.000000Z,1.3125,1.3125,5.0
2015-08-11T14:51:05.000000Z,1.3125,1.3125,2.0
2015-08-11T14:51:15.000000Z,1.3125,1.3125,3.0
2015-08-11T14:51:25.000000Z,1.3125,1.3125,2.0
2015-08-11T14:51:30.000000Z,1.3125,1.3125,2.0
2015-08-11T14:51:35.000000Z,1.3125,1.3125,5.0
2015-08-11T14:51:45.000000Z,1.3134765625,1.3125,2.0
2015-08-11T14:51:50.000000Z,1.3134765625,1.3125,4.0
2015-08-11T14:51:55.000000Z,1.3134765625,1.3134765625,7.0
2015-08-11T14:52:00.000000Z,1.3134765625,1.3134765625,6.0
2015-08-11T14:52:05.000000Z,1.3134765625,1.3134765625,4.0
2015-08-11T14:52:10.000000Z,1.3134765625,1.3125,3.0
2015-08-11T14:52:15.000000Z,1.3134765625,1.3125,4.0
2015-08-11T14:52:20.000000Z,1.3134765625,1.3125,3.0
2015-08-11T14:52:25.000000Z,1.3134765625,1.3125,1.0
2015-08-11T14:52:30.000000Z,1.3125,1.3125,9.0
2015-08-11T14:52:35.000000Z,1.3125,1.3125,4.0
2015-08-11T14:52:40.000000Z,1.3125,1.3125,6.0
2015-08-11T14:52:45.000000Z,1.3125,1.3125,3.0
2015-08-11T14:52:50.000000Z,1.3125,1.3125,13.0
2015-08-11T14:52:55.000000Z,1.3125,1.3125,4.0
2015-08-11T14:53:00.000000Z,1.3125,1.3125,8.0
2015-08-11T14:53:05.000000Z,1.3125,1.3125,5.0
2015-08-11T14:53:10.000000Z,1.3125,1.3125,5.0
2015-08-11T14:53:20.000000Z,1.3125,1.3125,1.0
2015-08-11T14:53:25.000000Z,1.3125,1.3125,1.0
2015-08-11T14:53:30.000000Z,1.3125,1.3125,4.0
2015-08-11T14:53:35.000000Z,1.3125,1.3125,5.0
2015-08-11T14:53:40.000000Z,1.3125,1.3125,5.0
2015-08-11T14:53:45.000000Z,1.3125,1.3125,4.0
2015-08-11T14:53:50.000000Z,1.3125,1.3125,6.0
2015-08-11T14:53:55.000000Z,1.3125,1.3125,3.0
2015-08-11T14:54:10.000000Z,1.3125,1.3125,4.0
2015-08-11T14:54:15.000000Z,1.3125,1.3125,4.0
2015-08-11T14:54:20.000000Z,1.3125,1.3125,2.0
2015-08-11T14:54:25.000000Z,1.3125,1.3125,3.0
2015-08-11T14:54:40.000000Z,1.3125,1.3125,4.0
2015-08-11T14:54:50.000000Z,1.3125,1.3125,5.0
2015-08-11T14:54:55.000000Z,1.3125,1.3125,12.0
2015-08-11T14:55:00.000000Z,1.3125,1.3125,6.0
2015-08-11T14:55:05.000000Z,1.3125,1.3125,2.0
2015-08-11T14:55:10.000000Z,1.3125,1.3125,1.0
2015-08-11T14:55:15.000000Z,1.3125,1.3125,5.0
2015-08-11T14:55:20.000000Z,1.3125,1.3125,1.0
2015-08-11T14:55:30.000000Z,1.3125,1.3125,3.0
2015-08-11T14:55:35.000000Z,1.3125,1.3125,5.0
2015-08-11T14:55:40.000000Z,1.3125,1.3125,2.0
2015-08-11T14:56:05.000000Z,1.3125,1.3125,3.0
2015-08-11T14:56:10.000000Z,1.3125,1.3125,5.0
2015-08-11T14:56:15.000000Z,1.3125,1.3125,3.0
2015-08-11T14:56:20.000000Z,1.3125,1.3125,7.0
2015-08-11T14:56:25.000000Z,1.3125,1.3125,6.0
2015-08-11T14:56:30.000000Z,1.3125,1.3125,2.0
2015-08-11T14:56:35.000000Z,1.3125,1.3125,10.0
2015-08-11T14:56:40.000000Z,1.3125,1.3125,6.0
2015-08-11T14:56:45.000000Z,1.3125,1.3125,5.0
2015-08-11T14:56:50.000000Z,1.3125,1.3125,6.0
2015-08-11T14:56:55.000000Z,1.3125,1.3125,4.0
2015-08-11T14:57:00.000000Z,1.3125,1.3125,1.0
2015-08-11T14:57:05.000000Z,1.3125,1.3125,4.0
2015-08-11T14:57:10.000000Z,1.3125,1.3125,1.0
2015-08-11T14:57:15.000000Z,1.3125,1.3125,1.0
2015-08-11T14:57:20.000000Z,1.3125,1.3125,3.0
2015-08-11T14:57:25.000000Z,1.3125,1.3125,8.0
2015-08-11T14:57:30.000000Z,1.3125,1.3115234375,3.0
2015-08-11T14:57:35.000000Z,1.3115234375,1.3115234375,11.0
2015-08-11T14:57:40.000000Z,1.3125,1.3115234375,2.0
2015-08-11T14:57:45.000000Z,1.3125,1.3125,7.0
2015-08-11T14:57:50.000000Z,1.3125,1.3125,7.0
2015-08-11T14:57:55.000000Z,1.3125,1.3115234375,10.0
2015-08-11T14:58:00.000000Z,1.3125,1.3115234375,1.0
2015-08-11T14:58:05.000000Z,1.3115234375,1.3115234375,12.0
2015-08-11T14:58:10.000000Z,1.3115234375,1.3115234375,11.0
2015-08-11T14:58:15.000000Z,1.3115234375,1.3115234375,3.0
2015-08-11T14:58:20.000000Z,1.3125,1.3115234375,8.0
2015-08-11T14:58:25.000000Z,1.3125,1.3115234375,9.0
2015-08-11T14:58:30.000000Z,1.3125,1.3125,13.0
2015-08-11T14:58:35.000000Z,1.3125,1.3125,16.0
2015-08-11T14:58:40.000000Z,1.3125,1.3115234375,8.0
2015-08-11T14:58:45.000000Z,1.3125,1.3125,14.0
2015-08-11T14:58:50.000000Z,1.3125,1.3125,12.0
2015-08-11T14:58:55.000000Z,1.3125,1.3125,19.0
2015-08-11T14:59:00.000000Z,1.3125,1.3125,3.0
2015-08-11T14:59:05.000000Z,1.3125,1.3125,2.0
2015-08-11T14:59:10.000000Z,1.3125,1.3125,6.0
2015-08-11T14:59:15.000000Z,1.3125,1.3125,5.0
2015-08-11T14:59:20.000000Z,1.3125,1.3125,6.0
2015-08-11T14:59:25.000000Z,1.3125,1.3125,9.0
2015-08-11T14:59:30.000000Z,1.3125,1.3125,2.0
2015-08-11T14:59:35.000000Z,1.3125,1.3125,3.0
2015-08-11T14:59:40.000000Z,1.3125,1.3125,6.0
2015-08-11T14:59:45.000000Z,1.3125,1.3125,14.0
2015-08-11T14:59:50.000000Z,1.3125,1.3125,5.0
2015-08-11T14:59:55.000000Z,1.3125,1.3125,9.0
2015-08-11T15:00:00.000000Z,1.3125,1.3125,1.0
2015-08-11T15:00:05.000000Z,1.3125,1.3125,11.0
2015-08-11T15:00:10.000000Z,1.3125,1.3125,4.0
2015-08-11T15:00:15.000000Z,1.3125,1.3125,15.0
2015-08-11T15:00:20.000000Z,1.3134765625,1.3125,4.0
2015-08-11T15:00:25.000000Z,1.3134765625,1.3134765625,7.0
2015-08-11T15:00:30.000000Z,1.3134765625,1.3134765625,9.0
2015-08-11T15:00:35.000000Z,1.3134765625,1.3134765625,16.0
2015-08-11T15:00:40.000000Z,1.3134765625,1.3134765625,8.0
2015-08-11T15:00:45.000000Z,1.3134765625,1.3134765625,12.0
2015-08-11T15:00:50.000000Z,1.3134765625,1.3134765625,6.0
2015-08-11T15:00:55.000000Z,1.3134765625,1.3134765625,6.0
2015-08-11T15:01:00.000000Z,1.3134765625,1.3134765625,15.0
2015-08-11T15:01:05.000000Z,1.3134765625,1.3134765625,1.0
2015-08-11T15:01:10.000000Z,1.3134765625,1.3134765625,6.0
2015-08-11T15:01:15.000000Z,1.3134765625,1.3134765625,11.0
2015-08-11T15:01:20.000000Z,1.3134765625,1.3134765625,3.0
2015-08-11T15:01:25.000000Z,1.3134765625,1.3134765625,11.0
2015-08-11T15:01:30.000000Z,1.3134765625,1.3134765625,15.0
2015-08-11T15:01:35.000000Z,1.3134765625,1.3134765625,16.0
2015-08-11T15:01:40.000000Z,1.3134765625,1.3134765625,6.0
2015-08-11T15:01:45.000000Z,1.3134765625,1.3134765625,6.0
2015-08-11T15:01:50.000000Z,1.3134765625,1.3134765625,5.0
2015-08-11T15:01:55.000000Z,1.3134765625,1.3134765625,15.0
2015-08-11T15:02:00.000000Z,1.3134765625,1.3125,6.0
2015-08-11T15:02:05.000000Z,1.3134765625,1.3134765625,12.0
2015-08-11T15:02:10.000000Z,1.3134765625,1.3134765625,11.0
2015-08-11T15:02:15.000000Z,1.3134765625,1.3134765625,1.0
2015-08-11T15:02:20.000000Z,1.3134765625,1.3134765625,11.0
2015-08-11T15:02:25.000000Z,1.3134765625,1.3134765625,12.0
2015-08-11T15:02:30.000000Z,1.3134765625,1.3125,21.0
2015-08-11T15:02:35.000000Z,1.3134765625,1.3125,3.0
2015-08-11T15:02:40.000000Z,1.3134765625,1.3125,6.0
2015-08-11T15:02:45.000000Z,1.3134765625,1.3125,5.0
2015-08-11T15:02:50.000000Z,1.3134765625,1.3125,3.0
2015-08-11T15:02:55.000000Z,1.3134765625,1.3125,12.0
2015-08-11T15:03:00.000000Z,1.3134765625,1.3125,9.0
2015-08-11T15:03:15.000000Z,1.3134765625,1.3125,1.0
2015-08-11T15:03:20.000000Z,1.3134765625,1.3125,2.0
2015-08-11T15:03:25.000000Z,1.3125,1.3125,4.0
2015-08-11T15:03:30.000000Z,1.3134765625,1.3125,3.0
2015-08-11T15:03:35.000000Z,1.3125,1.3125,1.0
2015-08-11T15:03:40.000000Z,1.3134765625,1.3125,10.0
2015-08-11T15:03:55.000000Z,1.3134765625,1.3125,1.0
2015-08-11T15:04:00.000000Z,1.3134765625,1.3134765625,7.0
2015-08-11T15:04:05.000000Z,1.3134765625,1.3134765625,1.0
2015-08-11T15:04:10.000000Z,1.3134765625,1.3134765625,1.0
2015-08-11T15:04:15.000000Z,1.3134765625,1.3134765625,16.0
2015-08-11T15:04:20.000000Z,1.3134765625,1.3134765625,1.0
2015-08-11T15:04:25.000000Z,1.3134765625,1.3134765625,7.0
2015-08-11T15:04:30.000000Z,1.3134765625,1.3134765625,7.0
2015-08-11T15:04:35.000000Z,1.3134765625,1.3134765625,4.0
2015-08-11T15:04:45.000000Z,1.3134765625,1.3134765625,5.0
2015-08-11T15:04:50.000000Z,1.3134765625,1.3134765625,2.0
2015-08-11T15:04:55.000000Z,1.3134765625,1.3134765625,2.0
2015-08-11T15:05:05.000000Z,1.3134765625,1.3134765625,1.0
2015-08-11T15:05:10.000000Z,1.3134765625,1.3134765625,5.0
2015-08-11T15:05:15.000000Z,1.3134765625,1.3134765625,7.0
2015-08-11T15:05:20.000000Z,1.3134765625,1.3134765625,4.0
2015-08-11T15:05:30.000000Z,1.3134765625,1.3134765625,8.0
2015-08-11T15:05:45.000000Z,1.3134765625,1.3134765625,2.0
2015-08-11T15:05:50.000000Z,1.3134765625,1.3134765625,1.0
2015-08-11T15:06:00.000000Z,1.3134765625,1.3134765625,8.0
2015-08-11T15:06:05.000000Z,1.3134765625,1.3134765625,3.0
2015-08-11T15:06:10.000000Z,1.3134765625,1.3134765625,3.0
2015-08-11T15:06:15.000000Z,1.3134765625,1.3134765625,7.0
2015-08-11T15:06:20.000000Z,1.3134765625,1.3134765625,2.0
2015-08-11T15:06:25.000000Z,1.3134765625,1.3125,5.0
2015-08-11T15:06:35.000000Z,1.3134765625,1.3125,1.0
2015-08-11T15:06:40.000000Z,1.3134765625,1.3125,5.0
2015-08-11T15:06:45.000000Z,1.3134765625,1.3125,1.0
2015-08-11T15:06:55.000000Z,1.3134765625,1.3125,2.0
2015-08-11T15:07:00.000000Z,1.3134765625,1.3125,2.0
2015-08-11T15:07:20.000000Z,1.3134765625,1.3125,7.0
2015-08-11T15:07:25.000000Z,1.3134765625,1.3125,2.0
2015-08-11T15:07:30.000000Z,1.3134765625,1.3125,1.0
2015-08-11T15:07:35.000000Z,1.3134765625,1.3134765625,3.0
2015-08-11T15:07:50.000000Z,1.3134765625,1.3134765625,1.0
2015-08-11T15:07:55.000000Z,1.3134765625,1.3134765625,1.0
2015-08-11T15:08:00.000000Z,1.3134765625,1.3134765625,6.0
2015-08-11T15:08:05.000000Z,1.3134765625,1.3134765625,6.0
2015-08-11T15:08:10.000000Z,1.3134765625,1.3134765625,5.0
2015-08-11T15:08:15.000000Z,1.3134765625,1.3134765625,3.0
2015-08-11T15:08:20.000000Z,1.3134765625,1.3134765625,4.0
2015-08-11T15:08:25.000000Z,1.3134765625,1.3134765625,2.0
2015-08-11T15:08:30.000000Z,1.3134765625,1.3134765625,4.0
2015-08-11T15:08:35.000000Z,1.3134765625,1.3134765625,5.0
2015-08-11T15:08:40.000000Z,1.3134765625,1.3134765625,3.0
2015-08-11T15:08:45.000000Z,1.3134765625,1.3125,5.0
2015-08-11T15:08:50.000000Z,1.3134765625,1.3134765625,7.0
2015-08-11T15:08:55.000000Z,1.3134765625,1.3134765625,8.0
2015-08-11T15:09:00.000000Z,1.3134765625,1.3125,12.0
2015-08-11T15:09:05.000000Z,1.3134765625,1.3125,2.0
2015-08-11T15:09:10.000000Z,1.3134765625,1.3125,14.0
2015-08-11T15:09:15.000000Z,1.3134765625,1.3134765625,11.0
2015-08-11T15:09:20.000000Z,1.3134765625,1.3134765625,8.0
2015-08-11T15:09:25.000000Z,1.3134765625,1.3134765625,1.0
2015-08-11T15:09:35.000000Z,1.3134765625,1.3134765625,1.0
2015-08-11T15:09:40.000000Z,1.3134765625,1.3134765625,1.0
2015-08-11T15:09:50.000000Z,1.3134765625,1.3134765625,2.0
2015-08-11T15:09:55.000000Z,1.3134765625,1.3134765625,10.0
2015-08-11T15:10:00.000000Z,1.3134765625,1.3134765625,1.0
2015-08-11T15:10:05.000000Z,1.3134765625,1.3134765625,1.0
2015-08-11T15:10:10.000000Z,1.3134765625,1.3134765625,6.0
2015-08-11T15:10:15.000000Z,1.3134765625,1.3134765625,5.0
2015-08-11T15:10:20.000000Z,1.3134765625,1.3134765625,2.0
2015-08-11T15:10:25.000000Z,1.3134765625,1.3134765625,2.0
2015-08-11T15:10:30.000000Z,1.3134765625,1.3134765625,3.0
2015-08-11T15:10:35.000000Z,1.3134765625,1.3134765625,1.0
2015-08-11T15:10:45.000000Z,1.3134765625,1.3134765625,1.0
2015-08-11T15:10:50.000000Z,1.3134765625,1.3134765625,1.0
2015-08-11T15:10:55.000000Z,1.3134765625,1.3134765625,1.0
2015-08-11T15:11:00.000000Z,1.3134765625,1.3134765625,1.0
2015-08-11T15:11:05.000000Z,1.3134765625,1.3134765625,2.0
2015-08-11T15:11:10.000000Z,1.3134765625,1.3134765625,19.0
2015-08-11T15:11:15.000000Z,1.3134765625,1.3134765625,3.0
2015-08-11T15:11:20.000000Z,1.3134765625,1.3134765625,5.0
2015-08-11T15:11:25.000000Z,1.3134765625,1.3134765625,7.0
2015-08-11T15:11:30.000000Z,1.3134765625,1.3134765625,13.0
2015-08-11T15:11:35.000000Z,1.3134765625,1.3134765625,1.0
2015-08-11T15:11:40.000000Z,1.3134765625,1.3134765625,1.0
2015-08-11T15:11:50.000000Z,1.3134765625,1.3134765625,3.0
2015-08-11T15:11:55.000000Z,1.3134765625,1.3134765625,9.0
2015-08-11T15:12:00.000000Z,1.3134765625,1.3134765625,1.0
2015-08-11T15:12:10.000000Z,1.3134765625,1.3134765625,10.0
2015-08-11T15:12:15.000000Z,1.3134765625,1.3134765625,7.0
2015-08-11T15:12:20.000000Z,1.3134765625,1.3134765625,2.0
2015-08-11T15:12:25.000000Z,1.3134765625,1.3134765625,1.0
2015-08-11T15:12:30.000000Z,1.3134765625,1.3134765625,14.0
2015-08-11T15:12:35.000000Z,1.3134765625,1.3134765625,7.0
2015-08-11T15:12:40.000000Z,1.3134765625,1.3134765625,1.0
2015-08-11T15:12:45.000000Z,1.3134765625,1.3134765625,5.0
2015-08-11T15:12:50.000000Z,1.3134765625,1.3134765625,4.0
2015-08-11T15:13:00.000000Z,1.3134765625,1.3134765625,7.0
2015-08-11T15:13:05.000000Z,1.3134765625,1.3134765625,4.0
2015-08-11T15:13:10.000000Z,1.3134765625,1.3134765625,7.0
2015-08-11T15:13:15.000000Z,1.3134765625,1.3134765625,3.0
2015-08-11T15:13:20.000000Z,1.3134765625,1.3134765625,7.0
2015-08-11T15:13:30.000000Z,1.3134765625,1.3134765625,8.0
2015-08-11T15:13:40.000000Z,1.3134765625,1.3134765625,2.0
2015-08-11T15:13:50.000000Z,1.3134765625,1.3134765625,19.0
2015-08-11T15:13:55.000000Z,1.3134765625,1.3134765625,7.0
2015-08-11T15:14:00.000000Z,1.3134765625,1.3134765625,1.0
2015-08-11T15:14:05.000000Z,1.3134765625,1.3134765625,5.0
2015-08-11T15:14:10.000000Z,1.3134765625,1.3134765625,2.0
2015-08-11T15:14:15.000000Z,1.3134765625,1.3134765625,11.0
2015-08-11T15:14:20.000000Z,1.3134765625,1.3134765625,16.0
2015-08-11T15:14:30.000000Z,1.3134765625,1.3134765625,6.0
2015-08-11T15:14:40.000000Z,1.3134765625,1.3134765625,8.0
2015-08-11T15:14:45.000000Z,1.3134765625,1.3134765625,2.0
2015-08-11T15:14:50.000000Z,1.3125,1.3125,5.0
2015-08-11T15:14:55.000000Z,1.3125,1.3125,1.0
2015-08-11T15:15:00.000000Z,1.3125,1.3125,3.0
2015-08-11T15:15:05.000000Z,1.3134765625,1.3125,3.0
2015-08-11T15:15:10.000000Z,1.3134765625,1.3125,2.0
2015-08-11T15:15:15.000000Z,1.3134765625,1.3125,1.0
2015-08-11T15:15:20.000000Z,1.3134765625,1.3125,8.0
2015-08-11T15:15:25.000000Z,1.3134765625,1.3125,1.0
2015-08-11T15:15:30.000000Z,1.3134765625,1.3125,10.0
2015-08-11T15:15:35.000000Z,1.3134765625,1.3125,3.0
2015-08-11T15:15:40.000000Z,1.3134765625,1.3125,2.0
2015-08-11T15:15:45.000000Z,1.3134765625,1.3125,1.0
2015-08-11T15:15:50.000000Z,1.3125,1.3125,6.0
2015-08-11T15:15:55.000000Z,1.3134765625,1.3125,10.0
2015-08-11T15:16:05.000000Z,1.3134765625,1.3125,1.0
2015-08-11T15:16:15.000000Z,1.3134765625,1.3125,4.0
2015-08-11T15:16:20.000000Z,1.3134765625,1.3125,2.0
2015-08-11T15:16:25.000000Z,1.3134765625,1.3125,8.0
2015-08-11T15:16:30.000000Z,1.3134765625,1.3134765625,2.0
2015-08-11T15:16:40.000000Z,1.3134765625,1.3134765625,1.0
2015-08-11T15:16:45.000000Z,1.3134765625,1.3125,9.0
2015-08-11T15:16:50.000000Z,1.3134765625,1.3125,6.0
2015-08-11T15:17:00.000000Z,1.3125,1.3125,13.0
2015-08-11T15:17:05.000000Z,1.3134765625,1.3125,1.0
2015-08-11T15:17:10.000000Z,1.3125,1.3125,3.0
2015-08-11T15:17:15.000000Z,1.3125,1.3125,5.0
2015-08-11T15:17:20.000000Z,1.3134765625,1.3125,8.0
2015-08-11T15:17:25.000000Z,1.3134765625,1.3125,8.0
2015-08-11T15:17:30.000000Z,1.3134765625,1.3125,3.0
2015-08-11T15:17:35.000000Z,1.3134765625,1.3125,1.0
2015-08-11T15:17:40.000000Z,1.3134765625,1.3134765625,8.0
2015-08-11T15:17:45.000000Z,1.3134765625,1.3125,2.0
2015-08-11T15:17:50.000000Z,1.3134765625,1.3134765625,2.0
2015-08-11T15:17:55.000000Z,1.3134765625,1.3125,5.0
2015-08-11T15:18:00.000000Z,1.3134765625,1.3134765625,10.0
2015-08-11T15:18:05.000000Z,1.3134765625,1.3134765625,7.0
2015-08-11T15:18:10.000000Z,1.3134765625,1.3134765625,9.0
2015-08-11T15:18:15.000000Z,1.3134765625,1.3134765625,4.0
2015-08-11T15:18:20.000000Z,1.3134765625,1.3134765625,5.0
2015-08-11T15:18:25.000000Z,1.3134765625,1.3134765625,3.0
2015-08-11T15:18:30.000000Z,1.3134765625,1.3134765625,5.0
2015-08-11T15:18:35.000000Z,1.3134765625,1.3134765625,1.0
2015-08-11T15:18:45.000000Z,1.3134765625,1.3134765625,2.0
2015-08-11T15:18:50.000000Z,1.3134765625,1.3134765625,8.0
2015-08-11T15:18:55.000000Z,1.3134765625,1.3134765625,2.0
2015-08-11T15:19:05.000000Z,1.3134765625,1.3134765625,3.0
2015-08-11T15:19:10.000000Z,1.3134765625,1.3134765625,1.0
2015-08-11T15:19:20.000000Z,1.3134765625,1.3134765625,7.0
2015-08-11T15:19:35.000000Z,1.3134765625,1.3134765625,8.0
2015-08-11T15:19:40.000000Z,1.3134765625,1.3134765625,1.0
2015-08-11T15:19:50.000000Z,1.3134765625,1.3134765625,3.0
2015-08-11T15:19:55.000000Z,1.3134765625,1.3134765625,10.0
2015-08-11T15:20:00.000000Z,1.3134765625,1.3134765625,6.0
2015-08-11T15:20:05.000000Z,1.3134765625,1.3134765625,3.0
2015-08-11T15:20:10.000000Z,1.3134765625,1.3134765625,5.0
2015-08-11T15:20:15.000000Z,1.3134765625,1.3134765625,3.0
2015-08-11T15:20:20.000000Z,1.3134765625,1.3134765625,6.0
2015-08-11T15:20:25.000000Z,1.3134765625,1.3134765625,6.0
2015-08-11T15:20:30.000000Z,1.3134765625,1.3134765625,10.0
2015-08-11T15:20:35.000000Z,1.3134765625,1.3134765625,6.0
2015-08-11T15:20:45.000000Z,1.3134765625,1.3134765625,2.0
2015-08-11T15:20:50.000000Z,1.3134765625,1.3134765625,2.0
2015-08-11T15:20:55.000000Z,1.3134765625,1.3134765625,2.0
2015-08-11T15:21:00.000000Z,1.3134765625,1.3134765625,1.0
2015-08-11T15:21:05.000000Z,1.3134765625,1.3134765625,14.0
2015-08-11T15:21:10.000000Z,1.3134765625,1.3134765625,1.0
2015-08-11T15:21:15.000000Z,1.3134765625,1.3134765625,12.0
2015-08-11T15:21:20.000000Z,1.3134765625,1.3134765625,13.0
2015-08-11T15:21:25.000000Z,1.3134765625,1.3134765625,4.0
2015-08-11T15:21:40.000000Z,1.3134765625,1.3134765625,5.0
2015-08-11T15:21:55.000000Z,1.3134765625,1.3134765625,2.0
2015-08-11T15:22:00.000000Z,1.3134765625,1.3134765625,14.0
2015-08-11T15:22:05.000000Z,1.3134765625,1.3134765625,9.0
2015-08-11T15:22:10.000000Z,1.3134765625,1.3134765625,7.0
2015-08-11T15:22:15.000000Z,1.3134765625,1.3134765625,7.0
2015-08-11T15:22:20.000000Z,1.3134765625,1.3134765625,3.0
2015-08-11T15:22:25.000000Z,1.3134765625,1.3134765625,1.0
2015-08-11T15:22:30.000000Z,1.3134765625,1.3134765625,8.0
2015-08-11T15:22:35.000000Z,1.3134765625,1.3134765625,2.0
2015-08-11T15:22:40.000000Z,1.3134765625,1.3134765625,2.0
2015-08-11T15:22:45.000000Z,1.314453125,1.3134765625,4.0
2015-08-11T15:22:50.000000Z,1.314453125,1.314453125,10.0
2015-08-11T15:22:55.000000Z,1.314453125,1.314453125,10.0
2015-08-11T15:23:00.000000Z,1.314453125,1.314453125,4.0
2015-08-11T15:23:05.000000Z,1.314453125,1.314453125,2.0
2015-08-11T15:23:15.000000Z,1.314453125,1.314453125,6.0
2015-08-11T15:23:20.000000Z,1.314453125,1.3134765625,5.0
2015-08-11T15:23:25.000000Z,1.314453125,1.3134765625,2.0
2015-08-11T15:23:30.000000Z,1.314453125,1.3134765625,1.0
2015-08-11T15:23:35.000000Z,1.314453125,1.3134765625,9.0
2015-08-11T15:23:40.000000Z,1.314453125,1.3134765625,1.0
2015-08-11T15:23:50.000000Z,1.314453125,1.314453125,5.0
2015-08-11T15:23:55.000000Z,1.314453125,1.314453125,2.0
2015-08-11T15:24:00.000000Z,1.314453125,1.314453125,4.0
2015-08-11T15:24:05.000000Z,1.314453125,1.314453125,4.0
2015-08-11T15:24:20.000000Z,1.314453125,1.314453125,1.0
2015-08-11T15:24:30.000000Z,1.314453125,1.3134765625,13.0
2015-08-11T15:24:35.000000Z,1.314453125,1.3134765625,5.0
2015-08-11T15:24:40.000000Z,1.3134765625,1.3134765625,17.0
2015-08-11T15:24:50.000000Z,1.314453125,1.3134765625,5.0
2015-08-11T15:24:55.000000Z,1.314453125,1.3134765625,6.0
2015-08-11T15:25:00.000000Z,1.314453125,1.314453125,2.0
2015-08-11T15:25:05.000000Z,1.3134765625,1.3134765625,11.0
2015-08-11T15:25:10.000000Z,1.3134765625,1.3134765625,5.0
2015-08-11T15:25:15.000000Z,1.3134765625,1.3134765625,5.0
2015-08-11T15:25:20.000000Z,1.3134765625,1.3134765625,5.0
2015-08-11T15:25:25.000000Z,1.3134765625,1.3134765625,2.0
2015-08-11T15:25:30.000000Z,1.3134765625,1.3134765625,1.0
2015-08-11T15:25:35.000000Z,1.314453125,1.3134765625,13.0
2015-08-11T15:25:40.000000Z,1.314453125,1.3134765625,2.0
2015-08-11T15:25:45.000000Z,1.314453125,1.3134765625,1.0
2015-08-11T15:25:50.000000Z,1.314453125,1.3134765625,5.0
2015-08-11T15:25:55.000000Z,1.314453125,1.3134765625,6.0
2015-08-11T15:26:00.000000Z,1.314453125,1.314453125,5.0
2015-08-11T15:26:05.000000Z,1.314453125,1.314453125,7.0
2015-08-11T15:26:10.000000Z,1.314453125,1.314453125,4.0
2015-08-11T15:26:15.000000Z,1.314453125,1.314453125,1.0
2015-08-11T15:26:20.000000Z,1.314453125,1.3134765625,8.0
2015-08-11T15:26:25.000000Z,1.314453125,1.3134765625,3.0
2015-08-11T15:26:30.000000Z,1.314453125,1.314453125,2.0
2015-08-11T15:26:35.000000Z,1.314453125,1.314453125,8.0
2015-08-11T15:26:40.000000Z,1.314453125,1.314453125,2.0
2015-08-11T15:26:45.000000Z,1.314453125,1.314453125,3.0
2015-08-11T15:26:50.000000Z,1.314453125,1.314453125,2.0
2015-08-11T15:26:55.000000Z,1.314453125,1.3134765625,2.0
2015-08-11T15:27:00.000000Z,1.314453125,1.3134765625,1.0
2015-08-11T15:27:05.000000Z,1.314453125,1.3134765625,4.0
2015-08-11T15:27:10.000000Z,1.314453125,1.3134765625,6.0
2015-08-11T15:27:15.000000Z,1.314453125,1.314453125,4.0
2015-08-11T15:27:20.000000Z,1.314453125,1.314453125,5.0
2015-08-11T15:27:25.000000Z,1.314453125,1.314453125,1.0
2015-08-11T15:27:30.000000Z,1.314453125,1.314453125,5.0
2015-08-11T15:27:35.000000Z,1.314453125,1.314453125,18.0
2015-08-11T15:27:40.000000Z,1.314453125,1.314453125,5.0
2015-08-11T15:27:45.000000Z,1.314453125,1.314453125,7.0
2015-08-11T15:27:50.000000Z,1.314453125,1.314453125,2.0
2015-08-11T15:27:55.000000Z,1.314453125,1.314453125,1.0
2015-08-11T15:28:00.000000Z,1.314453125,1.314453125,1.0
2015-08-11T15:28:05.000000Z,1.314453125,1.314453125,3.0
2015-08-11T15:28:10.000000Z,1.314453125,1.3134765625,3.0
2015-08-11T15:28:15.000000Z,1.314453125,1.314453125,6.0
2015-08-11T15:28:20.000000Z,1.314453125,1.314453125,7.0
2015-08-11T15:28:25.000000Z,1.314453125,1.314453125,4.0
2015-08-11T15:28:30.000000Z,1.314453125,1.314453125,6.0
2015-08-11T15:28:35.000000Z,1.314453125,1.3134765625,3.0
2015-08-11T15:28:40.000000Z,1.314453125,1.314453125,7.0
2015-08-11T15:28:45.000000Z,1.314453125,1.314453125,1.0
2015-08-11T15:28:50.000000Z,1.314453125,1.314453125,3.0
2015-08-11T15:28:55.000000Z,1.314453125,1.314453125,10.0
2015-08-11T15:29:00.000000Z,1.314453125,1.314453125,13.0
2015-08-11T15:29:05.000000Z,1.314453125,1.314453125,9.0
2015-08-11T15:29:15.000000Z,1.314453125,1.314453125,6.0
2015-08-11T15:29:20.000000Z,1.314453125,1.314453125,1.0
2015-08-11T15:29:25.000000Z,1.314453125,1.314453125,4.0
2015-08-11T15:29:30.000000Z,1.314453125,1.314453125,3.0
2015-08-11T15:29:35.000000Z,1.314453125,1.314453125,5.0
2015-08-11T15:29:40.000000Z,1.314453125,1.314453125,6.0
2015-08-11T15:29:45.000000Z,1.314453125,1.314453125,8.0
2015-08-11T15:29:50.000000Z,1.314453125,1.314453125,1.0
2015-08-11T15:29:55.000000Z,1.314453125,1.314453125,4.0
2015-08-11T15:30:00.000000Z,1.314453125,1.3134765625,2.0
2015-08-11T15:30:05.000000Z,1.314453125,1.3134765625,3.0
2015-08-11T15:30:20.000000Z,1.314453125,1.3134765625,10.0
2015-08-11T15:30:25.000000Z,1.314453125,1.3134765625,4.0
2015-08-11T15:30:40.000000Z,1.314453125,1.3134765625,3.0
2015-08-11T15:30:45.000000Z,1.314453125,1.3134765625,1.0
2015-08-11T15:31:00.000000Z,1.314453125,1.3134765625,10.0
2015-08-11T15:31:05.000000Z,1.3134765625,1.3134765625,3.0
2015-08-11T15:31:10.000000Z,1.314453125,1.3134765625,12.0
2015-08-11T15:31:20.000000Z,1.314453125,1.314453125,6.0
2015-08-11T15:31:25.000000Z,1.314453125,1.314453125,11.0
2015-08-11T15:31:30.000000Z,1.314453125,1.314453125,2.0
2015-08-11T15:31:35.000000Z,1.3134765625,1.3134765625,9.0
2015-08-11T15:31:40.000000Z,1.314453125,1.3134765625,7.0
2015-08-11T15:31:45.000000Z,1.3134765625,1.3134765625,3.0
2015-08-11T15:31:50.000000Z,1.3134765625,1.3134765625,1.0
2015-08-11T15:31:55.000000Z,1.3134765625,1.3134765625,9.0
2015-08-11T15:32:00.000000Z,1.3134765625,1.3134765625,1.0
2015-08-11T15:32:05.000000Z,1.3134765625,1.3134765625,1.0
2015-08-11T15:32:10.000000Z,1.3134765625,1.3134765625,7.0
2015-08-11T15:32:15.000000Z,1.3134765625,1.3134765625,6.0
2015-08-11T15:32:20.000000Z,1.314453125,1.3134765625,2.0
2015-08-11T15:32:35.000000Z,1.3134765625,1.3134765625,2.0
2015-08-11T15:32:40.000000Z,1.3134765625,1.3134765625,3.0
2015-08-11T15:32:45.000000Z,1.3134765625,1.3134765625,8.0
2015-08-11T15:32:50.000000Z,1.314453125,1.3134765625,7.0
2015-08-11T15:33:20.000000Z,1.3134765625,1.3134765625,1.0
2015-08-11T15:33:25.000000Z,1.3134765625,1.3134765625,2.0
2015-08-11T15:33:30.000000Z,1.3134765625,1.3134765625,2.0
2015-08-11T15:33:35.000000Z,1.3134765625,1.3134765625,1.0
2015-08-11T15:33:40.000000Z,1.3134765625,1.3134765625,8.0
2015-08-11T15:33:45.000000Z,1.3134765625,1.3134765625,3.0
2015-08-11T15:33:55.000000Z,1.3134765625,1.3134765625,1.0
2015-08-11T15:34:00.000000Z,1.3134765625,1.3134765625,1.0
2015-08-11T15:34:05.000000Z,1.3134765625,1.3134765625,5.0
2015-08-11T15:34:10.000000Z,1.3134765625,1.3134765625,1.0
2015-08-11T15:34:15.000000Z,1.3134765625,1.3134765625,1.0
2015-08-11T15:34:20.000000Z,1.3134765625,1.3134765625,1.0
2015-08-11T15:34:25.000000Z,1.3134765625,1.3134765625,1.0
2015-08-11T15:35:10.000000Z,1.3134765625,1.3134765625,7.0
2015-08-11T15:35:15.000000Z,1.3134765625,1.3134765625,2.0
2015-08-11T15:35:20.000000Z,1.3134765625,1.3134765625,1.0
2015-08-11T15:35:25.000000Z,1.3134765625,1.3134765625,1.0
2015-08-11T15:35:30.000000Z,1.3134765625,1.3134765625,1.0
2015-08-11T15:35:35.000000Z,1.3134765625,1.3134765625,3.0
2015-08-11T15:35:40.000000Z,1.3134765625,1.3134765625,6.0
2015-08-11T15:35:55.000000Z,1.3134765625,1.3134765625,2.0
2015-08-11T15:36:00.000000Z,1.3134765625,1.3134765625,1.0
2015-08-11T15:36:05.000000Z,1.3134765625,1.3134765625,1.0
2015-08-11T15:36:30.000000Z,1.3134765625,1.3134765625,4.0
2015-08-11T15:36:40.000000Z,1.3134765625,1.3134765625,7.0
2015-08-11T15:36:45.000000Z,1.3134765625,1.3134765625,1.0
2015-08-11T15:36:50.000000Z,1.3134765625,1.3134765625,1.0
2015-08-11T15:36:55.000000Z,1.3134765625,1.3134765625,4.0
2015-08-11T15:37:30.000000Z,1.3134765625,1.3134765625,6.0
2015-08-11T15:37:35.000000Z,1.3134765625,1.3134765625,2.0
2015-08-11T15:37:40.000000Z,1.3134765625,1.3134765625,3.0
2015-08-11T15:37:45.000000Z,1.3134765625,1.3134765625,4.0
2015-08-11T15:37:55.000000Z,1.3134765625,1.3134765625,4.0
2015-08-11T15:38:00.000000Z,1.3134765625,1.3134765625,1.0
2015-08-11T15:38:05.000000Z,1.3134765625,1.3134765625,2.0
2015-08-11T15:38:10.000000Z,1.3134765625,1.3134765625,3.0
2015-08-11T15:38:15.000000Z,1.3134765625,1.3134765625,1.0
2015-08-11T15:38:20.000000Z,1.3134765625,1.3134765625,4.0
2015-08-11T15:38:25.000000Z,1.3134765625,1.3134765625,7.0
2015-08-11T15:38:30.000000Z,1.3134765625,1.3134765625,2.0
2015-08-11T15:38:35.000000Z,1.3134765625,1.3134765625,12.0
2015-08-11T15:38:40.000000Z,1.3134765625,1.3134765625,8.0
2015-08-11T15:38:45.000000Z,1.3134765625,1.3134765625,6.0
2015-08-11T15:38:50.000000Z,1.3134765625,1.3134765625,11.0
2015-08-11T15:38:55.000000Z,1.3134765625,1.3134765625,7.0
2015-08-11T15:39:00.000000Z,1.3134765625,1.3134765625,3.0
2015-08-11T15:39:05.000000Z,1.3134765625,1.3134765625,3.0
2015-08-11T15:39:10.000000Z,1.3134765625,1.3134765625,3.0
2015-08-11T15:39:15.000000Z,1.3134765625,1.3134765625,4.0
2015-08-11T15:39:20.000000Z,1.3134765625,1.3134765625,1.0
2015-08-11T15:39:25.000000Z,1.3134765625,1.3134765625,2.0
2015-08-11T15:39:30.000000Z,1.3134765625,1.3134765625,5.0
2015-08-11T15:39:35.000000Z,1.3134765625,1.3134765625,16.0
2015-08-11T15:39:40.000000Z,1.3134765625,1.3134765625,5.0
2015-08-11T15:39:45.000000Z,1.3134765625,1.3134765625,7.0
2015-08-11T15:39:50.000000Z,1.3134765625,1.3134765625,2.0
2015-08-11T15:39:55.000000Z,1.3134765625,1.3134765625,8.0
2015-08-11T15:40:00.000000Z,1.3134765625,1.3134765625,1.0
2015-08-11T15:40:05.000000Z,1.3134765625,1.3134765625,2.0
2015-08-11T15:40:10.000000Z,1.3134765625,1.3134765625,4.0
2015-08-11T15:40:20.000000Z,1.3134765625,1.3125,3.0
2015-08-11T15:40:25.000000Z,1.3134765625,1.3125,15.0
2015-08-11T15:40:30.000000Z,1.3134765625,1.3134765625,5.0
2015-08-11T15:40:35.000000Z,1.3134765625,1.3125,2.0
2015-08-11T15:40:40.000000Z,1.3134765625,1.3125,6.0
2015-08-11T15:40:50.000000Z,1.3134765625,1.3134765625,1.0
2015-08-11T15:40:55.000000Z,1.3134765625,1.3134765625,1.0
2015-08-11T15:41:00.000000Z,1.3134765625,1.3134765625,5.0
2015-08-11T15:41:05.000000Z,1.3134765625,1.3125,8.0
2015-08-11T15:41:10.000000Z,1.3134765625,1.3125,1.0
2015-08-11T15:41:15.000000Z,1.3134765625,1.3125,1.0
2015-08-11T15:41:20.000000Z,1.3134765625,1.3134765625,1.0
2015-08-11T15:41:25.000000Z,1.3134765625,1.3125,4.0
2015-08-11T15:41:40.000000Z,1.3134765625,1.3134765625,1.0
2015-08-11T15:41:50.000000Z,1.3134765625,1.3125,2.0
2015-08-11T15:41:55.000000Z,1.3134765625,1.3125,6.0
2015-08-11T15:42:00.000000Z,1.3134765625,1.3125,13.0
2015-08-11T15:42:05.000000Z,1.3134765625,1.3125,2.0
2015-08-11T15:42:10.000000Z,1.3134765625,1.3125,1.0
2015-08-11T15:42:15.000000Z,1.3134765625,1.3125,2.0
2015-08-11T15:42:20.000000Z,1.3134765625,1.3125,8.0
2015-08-11T15:42:25.000000Z,1.3134765625,1.3125,3.0
2015-08-11T15:42:30.000000Z,1.3134765625,1.3134765625,8.0
2015-08-11T15:42:35.000000Z,1.3134765625,1.3134765625,1.0
2015-08-11T15:42:55.000000Z,1.3134765625,1.3134765625,1.0
2015-08-11T15:43:00.000000Z,1.3134765625,1.3134765625,5.0
2015-08-11T15:43:05.000000Z,1.3134765625,1.3134765625,10.0
2015-08-11T15:43:10.000000Z,1.3134765625,1.3134765625,4.0
2015-08-11T15:43:20.000000Z,1.3134765625,1.3134765625,5.0
2015-08-11T15:43:25.000000Z,1.3134765625,1.3134765625,1.0
2015-08-11T15:43:35.000000Z,1.3134765625,1.3134765625,1.0
2015-08-11T15:43:45.000000Z,1.3134765625,1.3134765625,4.0
2015-08-11T15:43:50.000000Z,1.3134765625,1.3134765625,1.0
2015-08-11T15:43:55.000000Z,1.3134765625,1.3134765625,2.0
2015-08-11T15:44:00.000000Z,1.3134765625,1.3134765625,5.0
2015-08-11T15:44:05.000000Z,1.3134765625,1.3134765625,3.0
2015-08-11T15:44:10.000000Z,1.3134765625,1.3134765625,1.0
2015-08-11T15:44:15.000000Z,1.3134765625,1.3134765625,8.0
2015-08-11T15:44:30.000000Z,1.3134765625,1.3134765625,1.0
2015-08-11T15:44:35.000000Z,1.3134765625,1.3134765625,3.0
2015-08-11T15:44:40.000000Z,1.3134765625,1.3134765625,4.0
2015-08-11T15:44:45.000000Z,1.3134765625,1.3134765625,3.0
2015-08-11T15:44:50.000000Z,1.3134765625,1.3134765625,1.0
2015-08-11T15:44:55.000000Z,1.3134765625,1.3134765625,1.0
2015-08-11T15:45:00.000000Z,1.3134765625,1.3134765625,3.0
2015-08-11T15:45:05.000000Z,1.3134765625,1.3134765625,4.0
2015-08-11T15:45:15.000000Z,1.3134765625,1.3134765625,3.0
2015-08-11T15:45:20.000000Z,1.3134765625,1.3134765625,5.0
2015-08-11T15:45:25.000000Z,1.3134765625,1.3134765625,6.0
2015-08-11T15:45:30.000000Z,1.3134765625,1.3134765625,4.0
2015-08-11T15:45:35.000000Z,1.3134765625,1.3134765625,1.0
2015-08-11T15:45:40.000000Z,1.3134765625,1.3134765625,2.0
2015-08-11T15:45:45.000000Z,1.3134765625,1.3134765625,8.0
2015-08-11T15:45:50.000000Z,1.3134765625,1.3134765625,3.0
2015-08-11T15:46:00.000000Z,1.3134765625,1.3134765625,4.0
2015-08-11T15:46:05.000000Z,1.3134765625,1.3134765625,4.0
2015-08-11T15:46:10.000000Z,1.3134765625,1.3134765625,4.0
2015-08-11T15:46:15.000000Z,1.3134765625,1.3134765625,1.0
2015-08-11T15:46:25.000000Z,1.3134765625,1.3134765625,11.0
2015-08-11T15:46:40.000000Z,1.3134765625,1.3134765625,1.0
2015-08-11T15:46:45.000000Z,1.3134765625,1.3134765625,9.0
2015-08-11T15:46:50.000000Z,1.3134765625,1.3134765625,4.0
2015-08-11T15:47:00.000000Z,1.3134765625,1.3134765625,3.0
2015-08-11T15:47:05.000000Z,1.3134765625,1.3134765625,1.0
2015-08-11T15:47:10.000000Z,1.3134765625,1.3134765625,1.0
2015-08-11T15:47:15.000000Z,1.3134765625,1.3134765625,6.0
2015-08-11T15:47:20.000000Z,1.3134765625,1.3134765625,3.0
2015-08-11T15:47:25.000000Z,1.3134765625,1.3134765625,3.0
2015-08-11T15:47:30.000000Z,1.3134765625,1.3134765625,4.0
2015-08-11T15:47:35.000000Z,1.3134765625,1.3134765625,8.0
2015-08-11T15:47:40.000000Z,1.3134765625,1.3134765625,6.0
2015-08-11T15:47:45.000000Z,1.3134765625,1.3134765625,10.0
2015-08-11T15:47:50.000000Z,1.3134765625,1.3134765625,2.0
2015-08-11T15:47:55.000000Z,1.3134765625,1.3134765625,1.0
2015-08-11T15:48:05.000000Z,1.3134765625,1.3134765625,3.0
2015-08-11T15:48:15.000000Z,1.3134765625,1.3134765625,7.0
2015-08-11T15:48:20.000000Z,1.3134765625,1.3134765625,4.0
2015-08-11T15:48:25.000000Z,1.3134765625,1.3134765625,6.0
2015-08-11T15:48:30.000000Z,1.3134765625,1.3134765625,4.0
2015-08-11T15:48:35.000000Z,1.3134765625,1.3134765625,4.0
2015-08-11T15:48:45.000000Z,1.3134765625,1.3134765625,2.0
2015-08-11T15:48:50.000000Z,1.3134765625,1.3134765625,2.0
2015-08-11T15:48:55.000000Z,1.3134765625,1.3134765625,1.0
2015-08-11T15:49:00.000000Z,1.3134765625,1.3134765625,13.0
2015-08-11T15:49:05.000000Z,1.3134765625,1.3134765625,1.0
2015-08-11T15:49:10.000000Z,1.3134765625,1.3134765625,4.0
2015-08-11T15:49:25.000000Z,1.3134765625,1.3134765625,1.0
2015-08-11T15:49:40.000000Z,1.3134765625,1.3134765625,1.0
2015-08-11T15:49:50.000000Z,1.3134765625,1.3134765625,1.0
2015-08-11T15:49:55.000000Z,1.3134765625,1.3134765625,1.0
2015-08-11T15:50:00.000000Z,1.314453125,1.3134765625,12.0
2015-08-11T15:50:05.000000Z,1.314453125,1.3134765625,4.0
2015-08-11T15:50:10.000000Z,1.314453125,1.3134765625,4.0
2015-08-11T15:50:15.000000Z,1.314453125,1.3134765625,2.0
2015-08-11T15:50:20.000000Z,1.314453125,1.3134765625,4.0
2015-08-11T15:50:35.000000Z,1.314453125,1.3134765625,7.0
2015-08-11T15:50:55.000000Z,1.314453125,1.3134765625,1.0
2015-08-11T15:51:05.000000Z,1.314453125,1.3134765625,5.0
2015-08-11T15:51:10.000000Z,1.314453125,1.314453125,1.0
2015-08-11T15:51:20.000000Z,1.314453125,1.3134765625,2.0
2015-08-11T15:51:30.000000Z,1.314453125,1.3134765625,4.0
2015-08-11T15:51:35.000000Z,1.314453125,1.3134765625,1.0
2015-08-11T15:51:40.000000Z,1.314453125,1.3134765625,1.0
2015-08-11T15:51:50.000000Z,1.3134765625,1.3134765625,1.0
2015-08-11T15:51:55.000000Z,1.314453125,1.3134765625,6.0
2015-08-11T15:52:00.000000Z,1.314453125,1.3134765625,7.0
2015-08-11T15:52:15.000000Z,1.314453125,1.3134765625,9.0
2015-08-11T15:52:20.000000Z,1.314453125,1.3134765625,1.0
2015-08-11T15:52:25.000000Z,1.314453125,1.3134765625,8.0
2015-08-11T15:52:30.000000Z,1.314453125,1.314453125,3.0
2015-08-11T15:52:45.000000Z,1.314453125,1.3134765625,2.0
2015-08-11T15:52:55.000000Z,1.314453125,1.314453125,20.0
2015-08-11T15:53:00.000000Z,1.314453125,1.314453125,4.0
2015-08-11T15:53:05.000000Z,1.314453125,1.314453125,5.0
2015-08-11T15:53:10.000000Z,1.314453125,1.314453125,1.0
2015-08-11T15:53:15.000000Z,1.314453125,1.314453125,2.0
2015-08-11T15:53:20.000000Z,1.314453125,1.314453125,5.0
2015-08-11T15:53:25.000000Z,1.314453125,1.314453125,2.0
2015-08-11T15:53:30.000000Z,1.314453125,1.314453125,8.0
2015-08-11T15:53:35.000000Z,1.314453125,1.314453125,3.0
2015-08-11T15:53:40.000000Z,1.314453125,1.314453125,2.0
2015-08-11T15:53:45.000000Z,1.314453125,1.314453125,3.0
2015-08-11T15:53:50.000000Z,1.314453125,1.314453125,2.0
2015-08-11T15:54:00.000000Z,1.314453125,1.314453125,6.0
2015-08-11T15:54:05.000000Z,1.314453125,1.314453125,15.0
2015-08-11T15:54:10.000000Z,1.314453125,1.314453125,8.0
2015-08-11T15:54:15.000000Z,1.314453125,1.314453125,12.0
2015-08-11T15:54:20.000000Z,1.314453125,1.314453125,13.0
2015-08-11T15:54:25.000000Z,1.314453125,1.314453125,17.0
2015-08-11T15:54:30.000000Z,1.314453125,1.314453125,4.0
2015-08-11T15:54:35.000000Z,1.314453125,1.314453125,17.0
2015-08-11T15:54:40.000000Z,1.314453125,1.314453125,5.0
2015-08-11T15:54:45.000000Z,1.314453125,1.314453125,6.0
2015-08-11T15:54:50.000000Z,1.314453125,1.314453125,2.0
2015-08-11T15:54:55.000000Z,1.314453125,1.314453125,9.0
2015-08-11T15:55:00.000000Z,1.314453125,1.314453125,2.0
2015-08-11T15:55:05.000000Z,1.314453125,1.314453125,7.0
2015-08-11T15:55:10.000000Z,1.314453125,1.314453125,8.0
2015-08-11T15:55:15.000000Z,1.314453125,1.314453125,15.0
2015-08-11T15:55:20.000000Z,1.314453125,1.314453125,9.0
2015-08-11T15:55:25.000000Z,1.314453125,1.314453125,6.0
2015-08-11T15:55:55.000000Z,1.314453125,1.314453125,1.0
2015-08-11T15:56:00.000000Z,1.314453125,1.314453125,4.0
2015-08-11T15:56:10.000000Z,1.314453125,1.314453125,1.0
2015-08-11T15:56:15.000000Z,1.314453125,1.314453125,2.0
2015-08-11T15:56:35.000000Z,1.314453125,1.314453125,1.0
2015-08-11T15:56:40.000000Z,1.314453125,1.314453125,1.0
2015-08-11T15:56:45.000000Z,1.314453125,1.314453125,1.0
2015-08-11T15:56:50.000000Z,1.314453125,1.314453125,3.0
2015-08-11T15:56:55.000000Z,1.314453125,1.314453125,2.0
2015-08-11T15:57:00.000000Z,1.314453125,1.314453125,9.0
2015-08-11T15:57:05.000000Z,1.314453125,1.314453125,3.0
2015-08-11T15:57:10.000000Z,1.314453125,1.314453125,4.0
2015-08-11T15:57:25.000000Z,1.314453125,1.314453125,2.0
2015-08-11T15:57:30.000000Z,1.314453125,1.314453125,4.0
2015-08-11T15:57:45.000000Z,1.314453125,1.314453125,3.0
2015-08-11T15:57:55.000000Z,1.314453125,1.314453125,5.0
2015-08-11T15:58:00.000000Z,1.314453125,1.314453125,12.0
2015-08-11T15:58:10.000000Z,1.314453125,1.314453125,7.0
2015-08-11T15:58:15.000000Z,1.314453125,1.314453125,7.0
2015-08-11T15:58:20.000000Z,1.314453125,1.314453125,1.0
2015-08-11T15:58:25.000000Z,1.314453125,1.314453125,3.0
2015-08-11T15:58:30.000000Z,1.314453125,1.314453125,1.0
2015-08-11T15:59:05.000000Z,1.314453125,1.314453125,6.0
2015-08-11T15:59:15.000000Z,1.314453125,1.314453125,12.0
2015-08-11T15:59:20.000000Z,1.314453125,1.314453125,1.0
2015-08-11T15:59:25.000000Z,1.314453125,1.314453125,6.0
2015-08-11T15:59:30.000000Z,1.3154296875,1.314453125,5.0
2015-08-11T15:59:35.000000Z,1.3154296875,1.314453125,4.0
2015-08-11T15:59:40.000000Z,1.3154296875,1.314453125,12.0
2015-08-11T15:59:45.000000Z,1.3154296875,1.314453125,2.0
2015-08-11T15:59:55.000000Z,1.3154296875,1.314453125,3.0
2015-08-11T16:00:00.000000Z,1.3154296875,1.314453125,10.0
2015-08-11T16:00:05.000000Z,1.314453125,1.314453125,5.0
2015-08-11T16:00:10.000000Z,1.314453125,1.314453125,4.0
2015-08-11T16:00:15.000000Z,1.314453125,1.314453125,2.0
2015-08-11T16:00:20.000000Z,1.314453125,1.314453125,7.0
2015-08-11T16:00:25.000000Z,1.3154296875,1.314453125,4.0
2015-08-11T16:00:30.000000Z,1.314453125,1.314453125,7.0
2015-08-11T16:00:35.000000Z,1.314453125,1.314453125,4.0
2015-08-11T16:00:40.000000Z,1.314453125,1.314453125,5.0
2015-08-11T16:00:45.000000Z,1.314453125,1.314453125,3.0
2015-08-11T16:00:50.000000Z,1.314453125,1.314453125,6.0
2015-08-11T16:00:55.000000Z,1.314453125,1.314453125,1.0
2015-08-11T16:01:00.000000Z,1.314453125,1.314453125,6.0
2015-08-11T16:01:05.000000Z,1.314453125,1.314453125,3.0
2015-08-11T16:01:10.000000Z,1.314453125,1.314453125,3.0
2015-08-11T16:01:15.000000Z,1.314453125,1.314453125,9.0
2015-08-11T16:01:20.000000Z,1.314453125,1.314453125,4.0
2015-08-11T16:01:25.000000Z,1.314453125,1.314453125,8.0
2015-08-11T16:01:35.000000Z,1.314453125,1.314453125,9.0
2015-08-11T16:01:40.000000Z,1.314453125,1.314453125,1.0
2015-08-11T16:02:20.000000Z,1.314453125,1.314453125,6.0
2015-08-11T16:02:25.000000Z,1.314453125,1.314453125,3.0
2015-08-11T16:02:30.000000Z,1.314453125,1.314453125,3.0
2015-08-11T16:02:35.000000Z,1.314453125,1.314453125,2.0
2015-08-11T16:02:45.000000Z,1.314453125,1.314453125,4.0
2015-08-11T16:02:50.000000Z,1.314453125,1.314453125,3.0
2015-08-11T16:02:55.000000Z,1.314453125,1.314453125,10.0
2015-08-11T16:03:00.000000Z,1.314453125,1.314453125,5.0
2015-08-11T16:03:05.000000Z,1.314453125,1.314453125,3.0
2015-08-11T16:03:10.000000Z,1.314453125,1.314453125,3.0
2015-08-11T16:03:20.000000Z,1.314453125,1.314453125,7.0
2015-08-11T16:03:25.000000Z,1.314453125,1.314453125,5.0
2015-08-11T16:03:30.000000Z,1.314453125,1.314453125,4.0
2015-08-11T16:03:40.000000Z,1.314453125,1.314453125,4.0
2015-08-11T16:03:50.000000Z,1.314453125,1.314453125,4.0
2015-08-11T16:03:55.000000Z,1.314453125,1.314453125,1.0
2015-08-11T16:04:00.000000Z,1.314453125,1.314453125,3.0
2015-08-11T16:04:05.000000Z,1.314453125,1.314453125,2.0
2015-08-11T16:04:10.000000Z,1.314453125,1.3134765625,5.0
2015-08-11T16:04:25.000000Z,1.314453125,1.3134765625,9.0
2015-08-11T16:04:30.000000Z,1.314453125,1.3134765625,3.0
2015-08-11T16:04:35.000000Z,1.314453125,1.3134765625,4.0
2015-08-11T16:04:40.000000Z,1.314453125,1.3134765625,4.0
2015-08-11T16:04:45.000000Z,1.314453125,1.3134765625,2.0
2015-08-11T16:05:00.000000Z,1.314453125,1.3134765625,4.0
2015-08-11T16:05:20.000000Z,1.314453125,1.3134765625,1.0
2015-08-11T16:05:25.000000Z,1.314453125,1.3134765625,1.0
2015-08-11T16:05:30.000000Z,1.314453125,1.3134765625,3.0
2015-08-11T16:05:45.000000Z,1.314453125,1.3134765625,1.0
2015-08-11T16:05:50.000000Z,1.314453125,1.314453125,7.0
2015-08-11T16:05:55.000000Z,1.314453125,1.3134765625,5.0
2015-08-11T16:06:05.000000Z,1.314453125,1.3134765625,1.0
2015-08-11T16:06:20.000000Z,1.314453125,1.3134765625,1.0
2015-08-11T16:06:30.000000Z,1.314453125,1.3134765625,1.0
2015-08-11T16:06:35.000000Z,1.314453125,1.314453125,5.0
2015-08-11T16:06:50.000000Z,1.314453125,1.314453125,2.0
2015-08-11T16:07:00.000000Z,1.314453125,1.314453125,2.0
2015-08-11T16:07:05.000000Z,1.314453125,1.314453125,4.0
2015-08-11T16:07:10.000000Z,1.314453125,1.314453125,2.0
2015-08-11T16:07:20.000000Z,1.314453125,1.314453125,6.0
2015-08-11T16:07:25.000000Z,1.314453125,1.3134765625,2.0
2015-08-11T16:07:40.000000Z,1.314453125,1.3134765625,1.0
2015-08-11T16:08:00.000000Z,1.3134765625,1.3134765625,6.0
2015-08-11T16:08:05.000000Z,1.3134765625,1.3134765625,4.0
2015-08-11T16:08:15.000000Z,1.3134765625,1.3134765625,7.0
2015-08-11T16:08:20.000000Z,1.3134765625,1.3134765625,6.0
2015-08-11T16:08:25.000000Z,1.3134765625,1.3134765625,2.0
2015-08-11T16:08:30.000000Z,1.3134765625,1.3134765625,2.0
2015-08-11T16:08:35.000000Z,1.3134765625,1.3134765625,2.0
2015-08-11T16:08:45.000000Z,1.3134765625,1.3134765625,1.0
2015-08-11T16:08:50.000000Z,1.3134765625,1.3134765625,3.0
2015-08-11T16:08:55.000000Z,1.3134765625,1.3134765625,2.0
2015-08-11T16:09:00.000000Z,1.3134765625,1.3134765625,4.0
2015-08-11T16:09:05.000000Z,1.3134765625,1.3134765625,1.0
2015-08-11T16:09:10.000000Z,1.3134765625,1.3134765625,2.0
2015-08-11T16:09:15.000000Z,1.3134765625,1.3134765625,3.0
2015-08-11T16:09:20.000000Z,1.3134765625,1.3134765625,2.0
2015-08-11T16:09:25.000000Z,1.3134765625,1.3134765625,2.0
2015-08-11T16:09:35.000000Z,1.3134765625,1.3134765625,2.0
2015-08-11T16:09:40.000000Z,1.3134765625,1.3134765625,2.0
2015-08-11T16:09:55.000000Z,1.3134765625,1.3134765625,6.0
2015-08-11T16:10:00.000000Z,1.3134765625,1.3134765625,1.0
2015-08-11T16:10:05.000000Z,1.3134765625,1.3134765625,2.0
2015-08-11T16:10:10.000000Z,1.3134765625,1.3134765625,1.0
2015-08-11T16:10:25.000000Z,1.3134765625,1.3134765625,6.0
2015-08-11T16:10:35.000000Z,1.3134765625,1.3134765625,3.0
2015-08-11T16:10:50.000000Z,1.3134765625,1.3134765625,6.0
2015-08-11T16:11:00.000000Z,1.3134765625,1.3134765625,3.0
2015-08-11T16:11:05.000000Z,1.3134765625,1.3134765625,6.0
2015-08-11T16:11:10.000000Z,1.3134765625,1.3134765625,2.0
2015-08-11T16:11:20.000000Z,1.3134765625,1.3134765625,1.0
2015-08-11T16:11:25.000000Z,1.3134765625,1.3134765625,12.0
2015-08-11T16:11:35.000000Z,1.3134765625,1.3134765625,7.0
2015-08-11T16:11:40.000000Z,1.3134765625,1.3134765625,9.0
2015-08-11T16:11:45.000000Z,1.3134765625,1.3134765625,8.0
2015-08-11T16:11:50.000000Z,1.3134765625,1.3134765625,9.0
2015-08-11T16:11:55.000000Z,1.314453125,1.3134765625,3.0
2015-08-11T16:12:00.000000Z,1.314453125,1.3134765625,5.0
2015-08-11T16:12:05.000000Z,1.314453125,1.3134765625,4.0
2015-08-11T16:12:10.000000Z,1.314453125,1.3134765625,3.0
2015-08-11T16:12:15.000000Z,1.314453125,1.3134765625,8.0
2015-08-11T16:12:20.000000Z,1.314453125,1.3134765625,3.0
2015-08-11T16:12:30.000000Z,1.314453125,1.3134765625,17.0
2015-08-11T16:12:35.000000Z,1.314453125,1.3134765625,5.0
2015-08-11T16:12:40.000000Z,1.314453125,1.3134765625,2.0
2015-08-11T16:12:45.000000Z,1.314453125,1.3134765625,4.0
2015-08-11T16:12:50.000000Z,1.314453125,1.3134765625,14.0
2015-08-11T16:12:55.000000Z,1.3134765625,1.3134765625,2.0
2015-08-11T16:13:00.000000Z,1.314453125,1.3134765625,10.0
2015-08-11T16:13:05.000000Z,1.3134765625,1.3134765625,6.0
2015-08-11T16:13:10.000000Z,1.3134765625,1.3134765625,11.0
2015-08-11T16:13:15.000000Z,1.3134765625,1.3134765625,1.0
2015-08-11T16:13:20.000000Z,1.314453125,1.3134765625,1.0
2015-08-11T16:13:30.000000Z,1.314453125,1.314453125,5.0
2015-08-11T16:13:35.000000Z,1.314453125,1.3134765625,11.0
2015-08-11T16:13:40.000000Z,1.314453125,1.314453125,7.0
2015-08-11T16:13:45.000000Z,1.314453125,1.314453125,1.0
2015-08-11T16:13:50.000000Z,1.314453125,1.3134765625,9.0
2015-08-11T16:14:00.000000Z,1.314453125,1.3134765625,5.0
2015-08-11T16:14:10.000000Z,1.314453125,1.3134765625,3.0
2015-08-11T16:14:20.000000Z,1.314453125,1.3134765625,2.0
2015-08-11T16:14:30.000000Z,1.314453125,1.3134765625,1.0
2015-08-11T16:14:45.000000Z,1.314453125,1.314453125,2.0
2015-08-11T16:14:50.000000Z,1.314453125,1.314453125,3.0
2015-08-11T16:14:55.000000Z,1.314453125,1.314453125,1.0
2015-08-11T16:15:00.000000Z,1.314453125,1.3134765625,8.0
2015-08-11T16:15:05.000000Z,1.314453125,1.3134765625,4.0
2015-08-11T16:15:10.000000Z,1.314453125,1.3134765625,4.0
2015-08-11T16:15:15.000000Z,1.314453125,1.3134765625,1.0
2015-08-11T16:15:20.000000Z,1.314453125,1.3134765625,6.0
2015-08-11T16:15:25.000000Z,1.314453125,1.3134765625,1.0
2015-08-11T16:15:40.000000Z,1.314453125,1.3134765625,5.0
2015-08-11T16:15:45.000000Z,1.314453125,1.3134765625,7.0
2015-08-11T16:15:50.000000Z,1.314453125,1.3134765625,6.0
2015-08-11T16:16:00.000000Z,1.314453125,1.3134765625,2.0
2015-08-11T16:16:05.000000Z,1.3134765625,1.3134765625,1.0
2015-08-11T16:16:10.000000Z,1.3134765625,1.3134765625,2.0
2015-08-11T16:16:15.000000Z,1.3134765625,1.3134765625,4.0
2015-08-11T16:16:20.000000Z,1.3134765625,1.3134765625,14.0
2015-08-11T16:16:25.000000Z,1.3134765625,1.3134765625,4.0
2015-08-11T16:16:30.000000Z,1.3134765625,1.3134765625,4.0
2015-08-11T16:16:35.000000Z,1.3134765625,1.3134765625,2.0
2015-08-11T16:16:40.000000Z,1.3134765625,1.3134765625,10.0
2015-08-11T16:16:45.000000Z,1.3134765625,1.3134765625,6.0
2015-08-11T16:16:50.000000Z,1.3134765625,1.3134765625,1.0
2015-08-11T16:17:00.000000Z,1.3134765625,1.3134765625,5.0
2015-08-11T16:17:25.000000Z,1.3134765625,1.3134765625,1.0
2015-08-11T16:17:30.000000Z,1.3134765625,1.3134765625,3.0
2015-08-11T16:17:35.000000Z,1.3134765625,1.3134765625,9.0
2015-08-11T16:17:40.000000Z,1.3134765625,1.3134765625,1.0
2015-08-11T16:17:45.000000Z,1.3134765625,1.3134765625,5.0
2015-08-11T16:17:55.000000Z,1.3134765625,1.3134765625,5.0
2015-08-11T16:18:00.000000Z,1.3134765625,1.3134765625,3.0
2015-08-11T16:18:10.000000Z,1.3134765625,1.3134765625,4.0
2015-08-11T16:18:15.000000Z,1.3134765625,1.3134765625,2.0
2015-08-11T16:18:35.000000Z,1.3134765625,1.3134765625,5.0
2015-08-11T16:18:45.000000Z,1.3134765625,1.3134765625,5.0
2015-08-11T16:19:00.000000Z,1.3134765625,1.3134765625,2.0
2015-08-11T16:19:30.000000Z,1.3134765625,1.3134765625,6.0
2015-08-11T16:19:35.000000Z,1.3134765625,1.3134765625,2.0
2015-08-11T16:19:40.000000Z,1.3134765625,1.3134765625,1.0
2015-08-11T16:19:45.000000Z,1.3134765625,1.3134765625,7.0
2015-08-11T16:19:50.000000Z,1.3134765625,1.3134765625,8.0
2015-08-11T16:19:55.000000Z,1.3134765625,1.3134765625,2.0
2015-08-11T16:20:00.000000Z,1.3134765625,1.3134765625,7.0
2015-08-11T16:20:05.000000Z,1.3134765625,1.3134765625,5.0
2015-08-11T16:20:10.000000Z,1.3134765625,1.3134765625,2.0
2015-08-11T16:20:15.000000Z,1.3134765625,1.3134765625,7.0
2015-08-11T16:20:20.000000Z,1.3134765625,1.3134765625,1.0
2015-08-11T16:20:25.000000Z,1.3134765625,1.3134765625,1.0
2015-08-11T16:20:30.000000Z,1.3134765625,1.3134765625,4.0
2015-08-11T16:20:35.000000Z,1.3134765625,1.3134765625,1.0
2015-08-11T16:21:00.000000Z,1.3134765625,1.3134765625,5.0
2015-08-11T16:21:05.000000Z,1.3134765625,1.3134765625,1.0
2015-08-11T16:21:15.000000Z,1.3134765625,1.3134765625,1.0
2015-08-11T16:21:25.000000Z,1.3134765625,1.3134765625,8.0
2015-08-11T16:21:30.000000Z,1.3134765625,1.3134765625,3.0
2015-08-11T16:21:35.000000Z,1.3134765625,1.3134765625,1.0
2015-08-11T16:21:40.000000Z,1.3134765625,1.3134765625,3.0
2015-08-11T16:21:45.000000Z,1.3134765625,1.3134765625,4.0
2015-08-11T16:21:50.000000Z,1.3134765625,1.3134765625,11.0
2015-08-11T16:21:55.000000Z,1.3134765625,1.3134765625,2.0
2015-08-11T16:22:00.000000Z,1.3134765625,1.3134765625,5.0
2015-08-11T16:22:05.000000Z,1.3134765625,1.3134765625,4.0
2015-08-11T16:22:10.000000Z,1.3134765625,1.3134765625,3.0
2015-08-11T16:22:15.000000Z,1.3134765625,1.3134765625,15.0
2015-08-11T16:22:30.000000Z,1.3134765625,1.3134765625,6.0
2015-08-11T16:22:35.000000Z,1.3134765625,1.3134765625,2.0
2015-08-11T16:22:45.000000Z,1.3134765625,1.3134765625,1.0
2015-08-11T16:23:10.000000Z,1.3134765625,1.3134765625,9.0
2015-08-11T16:23:40.000000Z,1.3134765625,1.3134765625,1.0
2015-08-11T16:23:45.000000Z,1.3134765625,1.3134765625,2.0
2015-08-11T16:24:20.000000Z,1.314453125,1.3134765625,1.0
2015-08-11T16:24:25.000000Z,1.314453125,1.3134765625,3.0
2015-08-11T16:24:35.000000Z,1.314453125,1.3134765625,1.0
2015-08-11T16:24:40.000000Z,1.314453125,1.3134765625,2.0
2015-08-11T16:24:45.000000Z,1.314453125,1.3134765625,1.0
2015-08-11T16:25:05.000000Z,1.314453125,1.3134765625,1.0
2015-08-11T16:25:25.000000Z,1.314453125,1.3134765625,3.0
2015-08-11T16:25:30.000000Z,1.314453125,1.314453125,5.0
2015-08-11T16:25:35.000000Z,1.314453125,1.314453125,6.0
2015-08-11T16:25:40.000000Z,1.314453125,1.314453125,2.0
2015-08-11T16:25:45.000000Z,1.314453125,1.314453125,3.0
2015-08-11T16:25:55.000000Z,1.314453125,1.314453125,15.0
2015-08-11T16:26:00.000000Z,1.314453125,1.314453125,3.0
2015-08-11T16:26:05.000000Z,1.314453125,1.314453125,7.0
2015-08-11T16:26:15.000000Z,1.314453125,1.314453125,2.0
2015-08-11T16:26:25.000000Z,1.314453125,1.314453125,8.0
2015-08-11T16:26:30.000000Z,1.314453125,1.314453125,9.0
2015-08-11T16:26:35.000000Z,1.314453125,1.314453125,2.0
2015-08-11T16:26:45.000000Z,1.314453125,1.314453125,4.0
2015-08-11T16:26:50.000000Z,1.314453125,1.314453125,1.0
2015-08-11T16:27:00.000000Z,1.314453125,1.314453125,1.0
2015-08-11T16:27:15.000000Z,1.314453125,1.314453125,3.0
2015-08-11T16:27:20.000000Z,1.314453125,1.314453125,3.0
2015-08-11T16:27:25.000000Z,1.314453125,1.314453125,1.0
2015-08-11T16:27:30.000000Z,1.314453125,1.314453125,1.0
2015-08-11T16:27:35.000000Z,1.314453125,1.3134765625,5.0
2015-08-11T16:27:40.000000Z,1.314453125,1.3134765625,1.0
2015-08-11T16:27:45.000000Z,1.314453125,1.3134765625,3.0
2015-08-11T16:27:50.000000Z,1.314453125,1.3134765625,2.0
2015-08-11T16:27:55.000000Z,1.314453125,1.3134765625,4.0
2015-08-11T16:28:00.000000Z,1.314453125,1.3134765625,2.0
2015-08-11T16:28:05.000000Z,1.314453125,1.3134765625,1.0
2015-08-11T16:28:15.000000Z,1.314453125,1.3134765625,7.0
2015-08-11T16:28:20.000000Z,1.314453125,1.3134765625,4.0
2015-08-11T16:28:30.000000Z,1.314453125,1.314453125,13.0
2015-08-11T16:28:35.000000Z,1.314453125,1.3134765625,7.0
2015-08-11T16:28:50.000000Z,1.314453125,1.314453125,4.0
2015-08-11T16:28:55.000000Z,1.314453125,1.314453125,10.0
2015-08-11T16:29:00.000000Z,1.314453125,1.314453125,4.0
2015-08-11T16:29:05.000000Z,1.314453125,1.314453125,13.0
2015-08-11T16:29:15.000000Z,1.314453125,1.314453125,2.0
2015-08-11T16:29:20.000000Z,1.314453125,1.314453125,4.0
2015-08-11T16:29:35.000000Z,1.314453125,1.314453125,1.0
2015-08-11T16:29:40.000000Z,1.314453125,1.314453125,5.0
2015-08-11T16:29:45.000000Z,1.314453125,1.314453125,4.0
2015-08-11T16:30:10.000000Z,1.314453125,1.314453125,2.0
2015-08-11T16:30:15.000000Z,1.314453125,1.314453125,2.0
2015-08-11T16:30:20.000000Z,1.314453125,1.314453125,3.0
2015-08-11T16:30:25.000000Z,1.314453125,1.314453125,3.0
2015-08-11T16:30:30.000000Z,1.314453125,1.314453125,6.0
2015-08-11T16:30:35.000000Z,1.314453125,1.314453125,7.0
2015-08-11T16:30:40.000000Z,1.314453125,1.314453125,3.0
2015-08-11T16:30:45.000000Z,1.314453125,1.314453125,1.0
2015-08-11T16:30:55.000000Z,1.314453125,1.314453125,1.0
2015-08-11T16:31:00.000000Z,1.314453125,1.314453125,2.0
2015-08-11T16:31:05.000000Z,1.314453125,1.314453125,3.0
2015-08-11T16:31:10.000000Z,1.314453125,1.314453125,2.0
2015-08-11T16:31:15.000000Z,1.314453125,1.314453125,5.0
2015-08-11T16:31:30.000000Z,1.314453125,1.314453125,1.0
2015-08-11T16:31:35.000000Z,1.314453125,1.314453125,3.0
2015-08-11T16:31:40.000000Z,1.314453125,1.314453125,6.0
2015-08-11T16:31:50.000000Z,1.314453125,1.314453125,1.0
2015-08-11T16:31:55.000000Z,1.314453125,1.314453125,2.0
2015-08-11T16:32:00.000000Z,1.314453125,1.314453125,3.0
2015-08-11T16:32:05.000000Z,1.314453125,1.314453125,1.0
2015-08-11T16:32:50.000000Z,1.314453125,1.314453125,3.0
2015-08-11T16:33:00.000000Z,1.314453125,1.314453125,1.0
2015-08-11T16:33:15.000000Z,1.314453125,1.3134765625,5.0
2015-08-11T16:33:20.000000Z,1.314453125,1.3134765625,6.0
2015-08-11T16:33:25.000000Z,1.314453125,1.3134765625,4.0
2015-08-11T16:33:35.000000Z,1.3134765625,1.3134765625,6.0
2015-08-11T16:33:40.000000Z,1.3134765625,1.3134765625,11.0
2015-08-11T16:33:45.000000Z,1.3134765625,1.3134765625,13.0
2015-08-11T16:33:50.000000Z,1.3134765625,1.3134765625,13.0
2015-08-11T16:33:55.000000Z,1.3134765625,1.3134765625,6.0
2015-08-11T16:34:00.000000Z,1.3134765625,1.3134765625,12.0
2015-08-11T16:34:05.000000Z,1.3134765625,1.3134765625,5.0
2015-08-11T16:34:10.000000Z,1.3134765625,1.3134765625,1.0
2015-08-11T16:34:15.000000Z,1.3134765625,1.3134765625,5.0
2015-08-11T16:34:20.000000Z,1.3134765625,1.3134765625,2.0
2015-08-11T16:34:25.000000Z,1.3134765625,1.3134765625,7.0
2015-08-11T16:34:30.000000Z,1.3134765625,1.3134765625,7.0
2015-08-11T16:34:35.000000Z,1.3134765625,1.3134765625,8.0
2015-08-11T16:34:40.000000Z,1.3134765625,1.3134765625,10.0
2015-08-11T16:34:45.000000Z,1.3134765625,1.3134765625,2.0
2015-08-11T16:34:50.000000Z,1.3134765625,1.3134765625,3.0
2015-08-11T16:34:55.000000Z,1.3134765625,1.3134765625,7.0
2015-08-11T16:35:05.000000Z,1.3134765625,1.3134765625,1.0
2015-08-11T16:35:15.000000Z,1.3134765625,1.3134765625,7.0
2015-08-11T16:35:20.000000Z,1.3134765625,1.3134765625,1.0
2015-08-11T16:35:25.000000Z,1.3134765625,1.3134765625,6.0
2015-08-11T16:35:30.000000Z,1.3134765625,1.3134765625,4.0
2015-08-11T16:35:45.000000Z,1.3134765625,1.3134765625,5.0
2015-08-11T16:35:50.000000Z,1.3134765625,1.3134765625,6.0
2015-08-11T16:35:55.000000Z,1.3134765625,1.3134765625,4.0
2015-08-11T16:36:00.000000Z,1.3134765625,1.3134765625,1.0
2015-08-11T16:36:05.000000Z,1.3134765625,1.3134765625,5.0
2015-08-11T16:36:10.000000Z,1.3134765625,1.3134765625,6.0
2015-08-11T16:36:15.000000Z,1.3134765625,1.3134765625,9.0
2015-08-11T16:36:20.000000Z,1.3134765625,1.3134765625,3.0
2015-08-11T16:36:30.000000Z,1.3134765625,1.3134765625,2.0
2015-08-11T16:36:35.000000Z,1.3134765625,1.3134765625,5.0
2015-08-11T16:36:45.000000Z,1.3134765625,1.3134765625,15.0
2015-08-11T16:37:15.000000Z,1.3134765625,1.3134765625,1.0
2015-08-11T16:37:20.000000Z,1.3134765625,1.3134765625,12.0
2015-08-11T16:37:25.000000Z,1.3134765625,1.3134765625,8.0
2015-08-11T16:37:30.000000Z,1.3134765625,1.3134765625,4.0
2015-08-11T16:37:35.000000Z,1.3134765625,1.3134765625,2.0
2015-08-11T16:37:40.000000Z,1.3134765625,1.3134765625,8.0
2015-08-11T16:37:45.000000Z,1.3134765625,1.3134765625,2.0
2015-08-11T16:37:50.000000Z,1.3134765625,1.3134765625,13.0
2015-08-11T16:38:05.000000Z,1.3134765625,1.3134765625,9.0
2015-08-11T16:38:15.000000Z,1.3134765625,1.3134765625,12.0
2015-08-11T16:38:20.000000Z,1.3134765625,1.3134765625,8.0
2015-08-11T16:38:30.000000Z,1.3134765625,1.3134765625,7.0
2015-08-11T16:38:35.000000Z,1.3134765625,1.3134765625,1.0
2015-08-11T16:38:40.000000Z,1.3134765625,1.3134765625,7.0
2015-08-11T16:38:45.000000Z,1.3134765625,1.3134765625,3.0
2015-08-11T16:38:50.000000Z,1.3134765625,1.3134765625,1.0
2015-08-11T16:38:55.000000Z,1.3134765625,1.3134765625,4.0
2015-08-11T16:39:15.000000Z,1.3134765625,1.3134765625,2.0
2015-08-11T16:39:35.000000Z,1.3134765625,1.3134765625,4.0
2015-08-11T16:39:45.000000Z,1.3134765625,1.3134765625,6.0
2015-08-11T16:39:50.000000Z,1.3134765625,1.3134765625,2.0
2015-08-11T16:39:55.000000Z,1.3134765625,1.3134765625,5.0
2015-08-11T16:40:00.000000Z,1.3134765625,1.3134765625,3.0
2015-08-11T16:40:05.000000Z,1.3134765625,1.3134765625,3.0
2015-08-11T16:40:25.000000Z,1.3134765625,1.3134765625,1.0
2015-08-11T16:40:40.000000Z,1.3134765625,1.3134765625,3.0
2015-08-11T16:41:15.000000Z,1.3134765625,1.3134765625,2.0
2015-08-11T16:41:40.000000Z,1.3134765625,1.3134765625,3.0
2015-08-11T16:41:45.000000Z,1.3134765625,1.3134765625,5.0
2015-08-11T16:41:50.000000Z,1.3134765625,1.3134765625,3.0
2015-08-11T16:42:00.000000Z,1.3134765625,1.3134765625,1.0
2015-08-11T16:42:10.000000Z,1.3134765625,1.3134765625,1.0
2015-08-11T16:42:25.000000Z,1.3134765625,1.3134765625,1.0
2015-08-11T16:42:35.000000Z,1.3134765625,1.3134765625,6.0
2015-08-11T16:42:40.000000Z,1.3134765625,1.3134765625,6.0
2015-08-11T16:42:45.000000Z,1.3134765625,1.3134765625,1.0
2015-08-11T16:43:00.000000Z,1.3134765625,1.3134765625,8.0
2015-08-11T16:43:05.000000Z,1.3134765625,1.3134765625,9.0
2015-08-11T16:43:10.000000Z,1.3134765625,1.3134765625,4.0
2015-08-11T16:43:15.000000Z,1.3134765625,1.3134765625,1.0
2015-08-11T16:43:20.000000Z,1.3134765625,1.3134765625,7.0
2015-08-11T16:43:25.000000Z,1.3134765625,1.3134765625,1.0
2015-08-11T16:43:35.000000Z,1.3134765625,1.3125,6.0
2015-08-11T16:43:40.000000Z,1.3134765625,1.3134765625,3.0
2015-08-11T16:43:45.000000Z,1.3134765625,1.3134765625,1.0
2015-08-11T16:43:55.000000Z,1.3134765625,1.3134765625,2.0
2015-08-11T16:44:00.000000Z,1.3134765625,1.3134765625,5.0
2015-08-11T16:44:05.000000Z,1.3134765625,1.3134765625,7.0
2015-08-11T16:44:10.000000Z,1.3134765625,1.3134765625,2.0
2015-08-11T16:44:15.000000Z,1.3134765625,1.3134765625,2.0
2015-08-11T16:44:25.000000Z,1.3134765625,1.3125,6.0
2015-08-11T16:44:30.000000Z,1.3134765625,1.3125,1.0
2015-08-11T16:44:40.000000Z,1.3134765625,1.3125,3.0
2015-08-11T16:44:45.000000Z,1.3125,1.3125,11.0
2015-08-11T16:44:50.000000Z,1.3134765625,1.3125,8.0
2015-08-11T16:44:55.000000Z,1.3134765625,1.3125,11.0
2015-08-11T16:45:00.000000Z,1.3134765625,1.3134765625,2.0
2015-08-11T16:45:05.000000Z,1.3134765625,1.3134765625,2.0
2015-08-11T16:45:15.000000Z,1.3134765625,1.3134765625,9.0
2015-08-11T16:45:20.000000Z,1.3134765625,1.3134765625,1.0
2015-08-11T16:45:25.000000Z,1.3134765625,1.3134765625,3.0
2015-08-11T16:45:30.000000Z,1.3134765625,1.3134765625,1.0
2015-08-11T16:46:00.000000Z,1.3134765625,1.3134765625,1.0
2015-08-11T16:46:10.000000Z,1.3134765625,1.3134765625,1.0
2015-08-11T16:46:15.000000Z,1.3134765625,1.3134765625,1.0
2015-08-11T16:46:25.000000Z,1.3134765625,1.3134765625,7.0
2015-08-11T16:46:35.000000Z,1.3134765625,1.3125,1.0
2015-08-11T16:46:40.000000Z,1.3134765625,1.3134765625,4.0
2015-08-11T16:46:45.000000Z,1.3134765625,1.3125,3.0
2015-08-11T16:46:50.000000Z,1.3134765625,1.3125,6.0
2015-08-11T16:46:55.000000Z,1.3134765625,1.3125,2.0
2015-08-11T16:47:00.000000Z,1.3134765625,1.3125,1.0
2015-08-11T16:47:05.000000Z,1.3134765625,1.3125,1.0
2015-08-11T16:47:10.000000Z,1.3134765625,1.3125,8.0
2015-08-11T16:47:15.000000Z,1.3134765625,1.3125,3.0
2015-08-11T16:47:20.000000Z,1.3134765625,1.3125,2.0
2015-08-11T16:47:25.000000Z,1.3134765625,1.3125,2.0
2015-08-11T16:47:30.000000Z,1.3134765625,1.3125,3.0
2015-08-11T16:47:35.000000Z,1.3134765625,1.3125,5.0
2015-08-11T16:47:40.000000Z,1.3125,1.3125,3.0
2015-08-11T16:47:45.000000Z,1.3134765625,1.3125,2.0
2015-08-11T16:47:50.000000Z,1.3134765625,1.3125,1.0
2015-08-11T16:48:05.000000Z,1.3134765625,1.3125,1.0
2015-08-11T16:48:10.000000Z,1.3134765625,1.3125,2.0
2015-08-11T16:48:15.000000Z,1.3134765625,1.3125,1.0
2015-08-11T16:48:50.000000Z,1.3134765625,1.3125,14.0
2015-08-11T16:48:55.000000Z,1.3134765625,1.3125,7.0
2015-08-11T16:49:00.000000Z,1.3134765625,1.3125,6.0
2015-08-11T16:49:05.000000Z,1.3134765625,1.3125,2.0
2015-08-11T16:49:10.000000Z,1.3134765625,1.3134765625,6.0
2015-08-11T16:49:15.000000Z,1.3134765625,1.3134765625,1.0
2015-08-11T16:49:25.000000Z,1.3134765625,1.3134765625,1.0
2015-08-11T16:49:30.000000Z,1.3134765625,1.3134765625,1.0
2015-08-11T16:49:45.000000Z,1.3134765625,1.3134765625,1.0
2015-08-11T16:50:00.000000Z,1.3134765625,1.3134765625,3.0
2015-08-11T16:50:05.000000Z,1.3134765625,1.3134765625,3.0
2015-08-11T16:50:10.000000Z,1.3134765625,1.3134765625,3.0
2015-08-11T16:50:15.000000Z,1.3134765625,1.3134765625,1.0
2015-08-11T16:50:20.000000Z,1.3134765625,1.3134765625,3.0
2015-08-11T16:50:25.000000Z,1.3134765625,1.3134765625,1.0
2015-08-11T16:50:55.000000Z,1.3134765625,1.3134765625,8.0
2015-08-11T16:51:00.000000Z,1.3134765625,1.3134765625,7.0
2015-08-11T16:51:05.000000Z,1.3134765625,1.3134765625,1.0
2015-08-11T16:51:15.000000Z,1.3134765625,1.3134765625,2.0
2015-08-11T16:51:20.000000Z,1.3134765625,1.3134765625,4.0
2015-08-11T16:51:25.000000Z,1.3134765625,1.3134765625,1.0
2015-08-11T16:51:30.000000Z,1.3134765625,1.3134765625,1.0
2015-08-11T16:51:45.000000Z,1.3134765625,1.3134765625,10.0
2015-08-11T16:51:50.000000Z,1.3134765625,1.3134765625,1.0
2015-08-11T16:51:55.000000Z,1.3134765625,1.3134765625,4.0
2015-08-11T16:52:00.000000Z,1.3134765625,1.3134765625,1.0
2015-08-11T16:52:10.000000Z,1.3134765625,1.3134765625,3.0
2015-08-11T16:52:30.000000Z,1.3134765625,1.3134765625,5.0
2015-08-11T16:52:35.000000Z,1.3134765625,1.3134765625,7.0
2015-08-11T16:52:40.000000Z,1.3134765625,1.3134765625,2.0
2015-08-11T16:52:55.000000Z,1.3134765625,1.3134765625,4.0
2015-08-11T16:53:00.000000Z,1.3134765625,1.3134765625,2.0
2015-08-11T16:53:05.000000Z,1.3134765625,1.3134765625,9.0
2015-08-11T16:53:10.000000Z,1.3134765625,1.3134765625,1.0
2015-08-11T16:53:15.000000Z,1.3134765625,1.3134765625,8.0
2015-08-11T16:53:20.000000Z,1.3134765625,1.3134765625,3.0
2015-08-11T16:53:30.000000Z,1.3134765625,1.3134765625,4.0
2015-08-11T16:53:35.000000Z,1.3134765625,1.3134765625,3.0
2015-08-11T16:53:40.000000Z,1.3134765625,1.3134765625,4.0
2015-08-11T16:53:45.000000Z,1.3134765625,1.3134765625,1.0
2015-08-11T16:53:50.000000Z,1.3134765625,1.3134765625,1.0
2015-08-11T16:53:55.000000Z,1.3134765625,1.3134765625,1.0
2015-08-11T16:54:00.000000Z,1.3134765625,1.3134765625,1.0
2015-08-11T16:54:05.000000Z,1.3134765625,1.3134765625,2.0
2015-08-11T16:54:15.000000Z,1.3134765625,1.3134765625,6.0
2015-08-11T16:54:20.000000Z,1.3134765625,1.3134765625,3.0
2015-08-11T16:54:25.000000Z,1.3134765625,1.3134765625,9.0
2015-08-11T16:54:30.000000Z,1.3134765625,1.3134765625,8.0
2015-08-11T16:54:35.000000Z,1.3134765625,1.3134765625,8.0
2015-08-11T16:54:40.000000Z,1.3134765625,1.3134765625,2.0
2015-08-11T16:54:45.000000Z,1.3134765625,1.3134765625,1.0
2015-08-11T16:54:50.000000Z,1.3134765625,1.3134765625,5.0
2015-08-11T16:54:55.000000Z,1.3134765625,1.3134765625,2.0
2015-08-11T16:55:00.000000Z,1.3134765625,1.3134765625,8.0
2015-08-11T16:55:05.000000Z,1.3134765625,1.3134765625,1.0
2015-08-11T16:55:10.000000Z,1.3134765625,1.3134765625,1.0
2015-08-11T16:55:30.000000Z,1.3134765625,1.3134765625,2.0
2015-08-11T16:55:45.000000Z,1.3134765625,1.3134765625,3.0
2015-08-11T16:55:50.000000Z,1.3134765625,1.3134765625,4.0
2015-08-11T16:55:55.000000Z,1.3134765625,1.3134765625,3.0
2015-08-11T16:56:00.000000Z,1.3134765625,1.3134765625,1.0
2015-08-11T16:56:05.000000Z,1.3134765625,1.3134765625,3.0
2015-08-11T16:56:15.000000Z,1.3134765625,1.3134765625,5.0
2015-08-11T16:56:25.000000Z,1.3134765625,1.3134765625,2.0
2015-08-11T16:56:30.000000Z,1.3134765625,1.3134765625,5.0
2015-08-11T16:56:40.000000Z,1.3134765625,1.3134765625,2.0
2015-08-11T16:56:55.000000Z,1.3134765625,1.3134765625,11.0
2015-08-11T16:57:00.000000Z,1.3134765625,1.3134765625,1.0
2015-08-11T16:57:05.000000Z,1.3134765625,1.3134765625,4.0
2015-08-11T16:57:20.000000Z,1.3134765625,1.3125,5.0
2015-08-11T16:57:25.000000Z,1.3134765625,1.3125,5.0
2015-08-11T16:57:30.000000Z,1.3134765625,1.3125,4.0
2015-08-11T16:57:40.000000Z,1.3134765625,1.3125,7.0
2015-08-11T16:57:45.000000Z,1.3134765625,1.3125,2.0
2015-08-11T16:57:50.000000Z,1.3134765625,1.3125,1.0
2015-08-11T16:57:55.000000Z,1.3134765625,1.3134765625,3.0
2015-08-11T16:58:00.000000Z,1.3134765625,1.3134765625,1.0
2015-08-11T16:58:05.000000Z,1.3134765625,1.3134765625,6.0
2015-08-11T16:58:10.000000Z,1.3134765625,1.3134765625,3.0
2015-08-11T16:58:25.000000Z,1.3134765625,1.3134765625,1.0
2015-08-11T16:58:35.000000Z,1.3134765625,1.3134765625,2.0
2015-08-11T16:58:40.000000Z,1.3134765625,1.3134765625,8.0
2015-08-11T16:58:45.000000Z,1.3134765625,1.3134765625,4.0
2015-08-11T16:58:55.000000Z,1.3134765625,1.3134765625,3.0
2015-08-11T16:59:20.000000Z,1.3134765625,1.3134765625,4.0
2015-08-11T16:59:25.000000Z,1.3134765625,1.3134765625,5.0
2015-08-11T16:59:30.000000Z,1.3134765625,1.3134765625,10.0
2015-08-11T16:59:50.000000Z,1.3134765625,1.3125,6.0
2015-08-11T16:59:55.000000Z,1.3134765625,1.3125,13.0
2015-08-11T17:00:00.000000Z,1.3134765625,1.3125,3.0
2015-08-11T17:00:10.000000Z,1.3134765625,1.3125,1.0
2015-08-11T17:00:15.000000Z,1.3125,1.3125,6.0
2015-08-11T17:00:20.000000Z,1.3125,1.3125,2.0
2015-08-11T17:00:25.000000Z,1.3134765625,1.3125,4.0
2015-08-11T17:00:35.000000Z,1.3125,1.3125,2.0
2015-08-11T17:00:40.000000Z,1.3134765625,1.3125,12.0
2015-08-11T17:00:45.000000Z,1.3134765625,1.3125,3.0
2015-08-11T17:00:50.000000Z,1.3125,1.3125,8.0
2015-08-11T17:00:55.000000Z,1.3125,1.3125,5.0
2015-08-11T17:01:00.000000Z,1.3125,1.3125,5.0
2015-08-11T17:01:05.000000Z,1.3125,1.3125,4.0
2015-08-11T17:01:10.000000Z,1.3125,1.3125,1.0
2015-08-11T17:01:30.000000Z,1.3125,1.3125,4.0
2015-08-11T17:01:35.000000Z,1.3125,1.3125,4.0
2015-08-11T17:01:40.000000Z,1.3125,1.3125,1.0
2015-08-11T17:01:50.000000Z,1.3125,1.3125,2.0
2015-08-11T17:01:55.000000Z,1.3125,1.3125,3.0
2015-08-11T17:02:00.000000Z,1.3125,1.3125,7.0
2015-08-11T17:02:05.000000Z,1.3125,1.3125,3.0
2015-08-11T17:02:10.000000Z,1.3125,1.3125,7.0
2015-08-11T17:02:20.000000Z,1.3125,1.3125,1.0
2015-08-11T17:02:30.000000Z,1.3125,1.3125,1.0
2015-08-11T17:02:35.000000Z,1.3125,1.3125,2.0
2015-08-11T17:02:45.000000Z,1.3125,1.3125,1.0
2015-08-11T17:03:10.000000Z,1.3125,1.3125,1.0
2015-08-11T17:03:15.000000Z,1.3125,1.3125,4.0
2015-08-11T17:03:20.000000Z,1.3125,1.3125,2.0
2015-08-11T17:03:35.000000Z,1.3125,1.3125,7.0
2015-08-11T17:03:40.000000Z,1.3125,1.3125,1.0
2015-08-11T17:03:50.000000Z,1.3125,1.3125,1.0
2015-08-11T17:03:55.000000Z,1.3125,1.3125,5.0
2015-08-11T17:04:00.000000Z,1.3125,1.3125,2.0
2015-08-11T17:04:10.000000Z,1.3125,1.3125,6.0
2015-08-11T17:04:20.000000Z,1.3125,1.3125,2.0
2015-08-11T17:04:25.000000Z,1.3125,1.3125,6.0
2015-08-11T17:04:30.000000Z,1.3125,1.3125,12.0
2015-08-11T17:04:50.000000Z,1.3125,1.3125,1.0
2015-08-11T17:04:55.000000Z,1.3125,1.3125,4.0
2015-08-11T17:05:10.000000Z,1.3125,1.3125,4.0
2015-08-11T17:05:15.000000Z,1.3125,1.3125,7.0
2015-08-11T17:05:20.000000Z,1.3125,1.3125,4.0
2015-08-11T17:05:25.000000Z,1.3125,1.3125,5.0
2015-08-11T17:05:30.000000Z,1.3125,1.3125,6.0
2015-08-11T17:05:45.000000Z,1.3125,1.3125,4.0
2015-08-11T17:05:55.000000Z,1.3125,1.3125,2.0
2015-08-11T17:06:00.000000Z,1.3125,1.3125,6.0
2015-08-11T17:06:05.000000Z,1.3125,1.3125,3.0
2015-08-11T17:06:20.000000Z,1.3125,1.3125,2.0
2015-08-11T17:06:35.000000Z,1.3125,1.3125,5.0
2015-08-11T17:06:40.000000Z,1.3125,1.3125,9.0
2015-08-11T17:06:45.000000Z,1.3125,1.3125,3.0
2015-08-11T17:06:50.000000Z,1.3125,1.3125,2.0
2015-08-11T17:07:25.000000Z,1.3125,1.3125,5.0
2015-08-11T17:07:30.000000Z,1.3125,1.3125,7.0
2015-08-11T17:07:35.000000Z,1.3125,1.3125,1.0
2015-08-11T17:07:45.000000Z,1.3125,1.3125,3.0
2015-08-11T17:07:55.000000Z,1.3125,1.3125,10.0
2015-08-11T17:08:00.000000Z,1.3125,1.3125,8.0
2015-08-11T17:08:05.000000Z,1.3125,1.3125,6.0
2015-08-11T17:08:10.000000Z,1.3125,1.3125,4.0
2015-08-11T17:08:15.000000Z,1.3125,1.3125,5.0
2015-08-11T17:08:20.000000Z,1.3125,1.3125,2.0
2015-08-11T17:08:25.000000Z,1.3125,1.3125,1.0
2015-08-11T17:08:55.000000Z,1.3125,1.3125,1.0
2015-08-11T17:09:00.000000Z,1.3125,1.3125,2.0
2015-08-11T17:09:05.000000Z,1.3125,1.3125,5.0
2015-08-11T17:09:10.000000Z,1.3125,1.3125,1.0
2015-08-11T17:09:15.000000Z,1.3125,1.3125,2.0
2015-08-11T17:09:35.000000Z,1.3125,1.3125,3.0
2015-08-11T17:09:40.000000Z,1.3125,1.3125,1.0
2015-08-11T17:09:45.000000Z,1.3125,1.3125,6.0
2015-08-11T17:09:55.000000Z,1.3125,1.3125,1.0
2015-08-11T17:10:15.000000Z,1.3125,1.3125,5.0
2015-08-11T17:10:25.000000Z,1.3125,1.3125,2.0
2015-08-11T17:10:40.000000Z,1.3125,1.3125,1.0
2015-08-11T17:10:50.000000Z,1.3125,1.3125,7.0
2015-08-11T17:10:55.000000Z,1.3125,1.3125,10.0
2015-08-11T17:11:00.000000Z,1.3134765625,1.3125,2.0
2015-08-11T17:11:05.000000Z,1.3134765625,1.3125,1.0
2015-08-11T17:11:10.000000Z,1.3134765625,1.3125,7.0
2015-08-11T17:11:15.000000Z,1.3134765625,1.3125,1.0
2015-08-11T17:11:20.000000Z,1.3134765625,1.3125,2.0
2015-08-11T17:11:25.000000Z,1.3134765625,1.3125,5.0
2015-08-11T17:11:40.000000Z,1.3134765625,1.3125,3.0
2015-08-11T17:11:45.000000Z,1.3134765625,1.3125,3.0
2015-08-11T17:11:55.000000Z,1.3125,1.3125,4.0
2015-08-11T17:12:00.000000Z,1.3125,1.3125,7.0
2015-08-11T17:12:05.000000Z,1.3125,1.3125,1.0
2015-08-11T17:12:15.000000Z,1.3125,1.3125,4.0
2015-08-11T17:12:20.000000Z,1.3125,1.3125,1.0
2015-08-11T17:12:25.000000Z,1.3125,1.3125,5.0
2015-08-11T17:12:30.000000Z,1.3125,1.3125,4.0
2015-08-11T17:12:35.000000Z,1.3134765625,1.3125,17.0
2015-08-11T17:12:40.000000Z,1.3134765625,1.3125,4.0
2015-08-11T17:12:45.000000Z,1.3134765625,1.3125,4.0
2015-08-11T17:12:50.000000Z,1.3134765625,1.3125,1.0
2015-08-11T17:13:00.000000Z,1.3134765625,1.3125,3.0
2015-08-11T17:13:05.000000Z,1.3134765625,1.3125,8.0
2015-08-11T17:13:30.000000Z,1.3134765625,1.3125,7.0
2015-08-11T17:13:40.000000Z,1.3134765625,1.3125,1.0
2015-08-11T17:13:45.000000Z,1.3134765625,1.3125,1.0
2015-08-11T17:13:50.000000Z,1.3134765625,1.3134765625,8.0
2015-08-11T17:13:55.000000Z,1.3134765625,1.3134765625,4.0
2015-08-11T17:14:00.000000Z,1.3134765625,1.3134765625,5.0
2015-08-11T17:14:05.000000Z,1.3134765625,1.3134765625,1.0
2015-08-11T17:14:20.000000Z,1.3134765625,1.3134765625,2.0
2015-08-11T17:14:30.000000Z,1.3134765625,1.3134765625,2.0
2015-08-11T17:14:35.000000Z,1.3134765625,1.3134765625,4.0
2015-08-11T17:14:40.000000Z,1.3134765625,1.3134765625,6.0
2015-08-11T17:14:45.000000Z,1.3134765625,1.3134765625,4.0
2015-08-11T17:14:50.000000Z,1.3134765625,1.3134765625,4.0
2015-08-11T17:15:15.000000Z,1.3134765625,1.3134765625,1.0
2015-08-11T17:15:25.000000Z,1.3134765625,1.3134765625,1.0
2015-08-11T17:15:30.000000Z,1.3134765625,1.3134765625,4.0
2015-08-11T17:15:40.000000Z,1.3134765625,1.3134765625,4.0
2015-08-11T17:15:45.000000Z,1.3134765625,1.3134765625,1.0
2015-08-11T17:16:00.000000Z,1.3134765625,1.3134765625,1.0
2015-08-11T17:16:05.000000Z,1.3134765625,1.3134765625,1.0
2015-08-11T17:16:25.000000Z,1.3134765625,1.3134765625,1.0
2015-08-11T17:16:30.000000Z,1.3134765625,1.3125,7.0
2015-08-11T17:16:40.000000Z,1.3134765625,1.3125,3.0
2015-08-11T17:16:45.000000Z,1.3125,1.3125,3.0
2015-08-11T17:16:50.000000Z,1.3134765625,1.3125,6.0
2015-08-11T17:16:55.000000Z,1.3134765625,1.3125,5.0
2015-08-11T17:17:00.000000Z,1.3134765625,1.3125,2.0
2015-08-11T17:17:05.000000Z,1.3125,1.3125,1.0
2015-08-11T17:17:10.000000Z,1.3125,1.3125,1.0
2015-08-11T17:17:30.000000Z,1.3125,1.3125,3.0
2015-08-11T17:17:35.000000Z,1.3125,1.3125,10.0
2015-08-11T17:17:40.000000Z,1.3125,1.3125,9.0
2015-08-11T17:17:45.000000Z,1.3125,1.3125,10.0
2015-08-11T17:17:50.000000Z,1.3125,1.3125,6.0
2015-08-11T17:18:05.000000Z,1.3125,1.3125,3.0
2015-08-11T17:18:20.000000Z,1.3125,1.3125,2.0
2015-08-11T17:18:45.000000Z,1.3125,1.3125,1.0
2015-08-11T17:18:50.000000Z,1.3125,1.3125,6.0
2015-08-11T17:18:55.000000Z,1.3125,1.3125,2.0
2015-08-11T17:19:10.000000Z,1.3125,1.3125,2.0
2015-08-11T17:19:25.000000Z,1.3125,1.3125,3.0
2015-08-11T17:19:30.000000Z,1.3125,1.3125,1.0
2015-08-11T17:19:35.000000Z,1.3125,1.3125,2.0
2015-08-11T17:19:45.000000Z,1.3125,1.3125,2.0
2015-08-11T17:20:00.000000Z,1.3125,1.3125,3.0
2015-08-11T17:20:20.000000Z,1.3125,1.3125,2.0
2015-08-11T17:20:30.000000Z,1.3125,1.3125,6.0
2015-08-11T17:20:35.000000Z,1.3125,1.3125,3.0
2015-08-11T17:20:40.000000Z,1.3125,1.3125,2.0
2015-08-11T17:20:45.000000Z,1.3125,1.3125,2.0
2015-08-11T17:20:55.000000Z,1.3134765625,1.3125,3.0
2015-08-11T17:21:00.000000Z,1.3134765625,1.3125,4.0
2015-08-11T17:21:10.000000Z,1.3134765625,1.3125,2.0
2015-08-11T17:21:15.000000Z,1.3134765625,1.3125,1.0
2015-08-11T17:21:30.000000Z,1.3134765625,1.3125,1.0
2015-08-11T17:21:35.000000Z,1.3134765625,1.3125,1.0
2015-08-11T17:21:40.000000Z,1.3134765625,1.3125,1.0
2015-08-11T17:21:50.000000Z,1.3134765625,1.3125,1.0
2015-08-11T17:22:05.000000Z,1.3134765625,1.3125,3.0
2015-08-11T17:22:10.000000Z,1.3134765625,1.3125,2.0
2015-08-11T17:22:15.000000Z,1.3134765625,1.3125,1.0
2015-08-11T17:22:20.000000Z,1.3134765625,1.3125,3.0
2015-08-11T17:22:30.000000Z,1.3134765625,1.3125,6.0
2015-08-11T17:22:35.000000Z,1.3125,1.3125,2.0
2015-08-11T17:22:40.000000Z,1.3134765625,1.3125,1.0
2015-08-11T17:22:45.000000Z,1.3125,1.3125,4.0
2015-08-11T17:22:55.000000Z,1.3134765625,1.3125,3.0
2015-08-11T17:23:05.000000Z,1.3125,1.3125,3.0
2015-08-11T17:23:10.000000Z,1.3134765625,1.3125,5.0
2015-08-11T17:23:20.000000Z,1.3134765625,1.3125,1.0
2015-08-11T17:23:30.000000Z,1.3134765625,1.3125,2.0
2015-08-11T17:23:40.000000Z,1.3134765625,1.3125,1.0
2015-08-11T17:23:45.000000Z,1.3125,1.3125,4.0
2015-08-11T17:24:05.000000Z,1.3134765625,1.3125,2.0
2015-08-11T17:24:10.000000Z,1.3134765625,1.3125,1.0
2015-08-11T17:25:20.000000Z,1.3134765625,1.3125,1.0
2015-08-11T17:25:35.000000Z,1.3134765625,1.3125,3.0
2015-08-11T17:25:40.000000Z,1.3134765625,1.3125,8.0
2015-08-11T17:25:45.000000Z,1.3134765625,1.3125,2.0
2015-08-11T17:25:55.000000Z,1.3134765625,1.3125,6.0
2015-08-11T17:26:00.000000Z,1.3134765625,1.3125,2.0
2015-08-11T17:26:25.000000Z,1.3134765625,1.3125,1.0
2015-08-11T17:26:30.000000Z,1.3134765625,1.3125,13.0
2015-08-11T17:26:45.000000Z,1.3134765625,1.3134765625,17.0
2015-08-11T17:26:50.000000Z,1.3134765625,1.3134765625,1.0
2015-08-11T17:27:05.000000Z,1.3134765625,1.3134765625,1.0
2015-08-11T17:27:15.000000Z,1.3134765625,1.3134765625,2.0
2015-08-11T17:27:40.000000Z,1.3134765625,1.3125,3.0
2015-08-11T17:27:50.000000Z,1.3134765625,1.3125,2.0
2015-08-11T17:28:35.000000Z,1.3134765625,1.3125,4.0
2015-08-11T17:28:55.000000Z,1.3134765625,1.3125,3.0
2015-08-11T17:29:00.000000Z,1.3134765625,1.3134765625,9.0
2015-08-11T17:29:10.000000Z,1.3134765625,1.3125,3.0
2015-08-11T17:29:15.000000Z,1.3134765625,1.3134765625,6.0
2015-08-11T17:29:20.000000Z,1.3134765625,1.3134765625,3.0
2015-08-11T17:29:25.000000Z,1.3134765625,1.3134765625,11.0
2015-08-11T17:29:35.000000Z,1.3134765625,1.3134765625,1.0
2015-08-11T17:29:45.000000Z,1.3134765625,1.3134765625,3.0
2015-08-11T17:29:50.000000Z,1.3134765625,1.3134765625,1.0
2015-08-11T17:30:05.000000Z,1.3134765625,1.3134765625,2.0
2015-08-11T17:30:10.000000Z,1.3134765625,1.3134765625,4.0
2015-08-11T17:30:15.000000Z,1.3134765625,1.3134765625,13.0
2015-08-11T17:30:20.000000Z,1.3134765625,1.3134765625,2.0
2015-08-11T17:30:40.000000Z,1.3134765625,1.3134765625,5.0
2015-08-11T17:30:45.000000Z,1.3134765625,1.3134765625,2.0
2015-08-11T17:30:50.000000Z,1.3134765625,1.3134765625,3.0
2015-08-11T17:30:55.000000Z,1.3134765625,1.3134765625,2.0
2015-08-11T17:31:00.000000Z,1.3134765625,1.3134765625,8.0
2015-08-11T17:31:05.000000Z,1.3134765625,1.3134765625,3.0
2015-08-11T17:31:15.000000Z,1.3134765625,1.3134765625,7.0
2015-08-11T17:31:20.000000Z,1.3134765625,1.3134765625,3.0
2015-08-11T17:31:30.000000Z,1.3134765625,1.3134765625,3.0
2015-08-11T17:31:35.000000Z,1.3134765625,1.3134765625,6.0
2015-08-11T17:31:40.000000Z,1.3134765625,1.3134765625,1.0
2015-08-11T17:31:45.000000Z,1.3134765625,1.3134765625,1.0
2015-08-11T17:31:50.000000Z,1.3134765625,1.3134765625,7.0
2015-08-11T17:32:00.000000Z,1.3134765625,1.3134765625,2.0
2015-08-11T17:32:45.000000Z,1.3134765625,1.3134765625,5.0
2015-08-11T17:33:10.000000Z,1.3134765625,1.3125,6.0
2015-08-11T17:33:30.000000Z,1.3134765625,1.3125,1.0
2015-08-11T17:33:35.000000Z,1.3134765625,1.3125,6.0
2015-08-11T17:33:50.000000Z,1.3134765625,1.3125,2.0
2015-08-11T17:33:55.000000Z,1.3134765625,1.3125,2.0
2015-08-11T17:34:00.000000Z,1.3134765625,1.3125,2.0
2015-08-11T17:34:15.000000Z,1.3134765625,1.3125,5.0
2015-08-11T17:34:20.000000Z,1.3134765625,1.3125,5.0
2015-08-11T17:34:35.000000Z,1.3134765625,1.3125,3.0
2015-08-11T17:34:55.000000Z,1.3134765625,1.3125,2.0
2015-08-11T17:35:10.000000Z,1.3134765625,1.3125,1.0
2015-08-11T17:35:15.000000Z,1.3134765625,1.3125,4.0
2015-08-11T17:35:45.000000Z,1.3125,1.3125,6.0
2015-08-11T17:35:50.000000Z,1.3125,1.3125,5.0
2015-08-11T17:35:55.000000Z,1.3125,1.3125,1.0
2015-08-11T17:36:10.000000Z,1.3134765625,1.3125,5.0
2015-08-11T17:36:20.000000Z,1.3134765625,1.3125,4.0
2015-08-11T17:36:35.000000Z,1.3134765625,1.3125,1.0
2015-08-11T17:36:40.000000Z,1.3134765625,1.3125,2.0
2015-08-11T17:36:45.000000Z,1.3134765625,1.3125,3.0
2015-08-11T17:36:50.000000Z,1.3134765625,1.3125,2.0
2015-08-11T17:37:00.000000Z,1.3134765625,1.3125,1.0
2015-08-11T17:37:05.000000Z,1.3134765625,1.3134765625,3.0
2015-08-11T17:37:10.000000Z,1.3134765625,1.3134765625,4.0
2015-08-11T17:37:20.000000Z,1.3134765625,1.3134765625,3.0
2015-08-11T17:37:25.000000Z,1.3134765625,1.3134765625,1.0
2015-08-11T17:37:30.000000Z,1.3134765625,1.3134765625,1.0
2015-08-11T17:37:45.000000Z,1.3134765625,1.3134765625,4.0
2015-08-11T17:37:50.000000Z,1.3134765625,1.3134765625,1.0
2015-08-11T17:37:55.000000Z,1.3134765625,1.3134765625,3.0
2015-08-11T17:38:10.000000Z,1.3134765625,1.3134765625,1.0
2015-08-11T17:38:50.000000Z,1.3134765625,1.3134765625,3.0
2015-08-11T17:39:30.000000Z,1.3134765625,1.3134765625,1.0
2015-08-11T17:39:40.000000Z,1.3134765625,1.3134765625,1.0
2015-08-11T17:39:50.000000Z,1.3134765625,1.3134765625,1.0
2015-08-11T17:40:15.000000Z,1.3134765625,1.3134765625,1.0
2015-08-11T17:40:20.000000Z,1.3134765625,1.3134765625,1.0
2015-08-11T17:41:05.000000Z,1.3134765625,1.3134765625,1.0
2015-08-11T17:41:15.000000Z,1.3134765625,1.3134765625,2.0
2015-08-11T17:41:30.000000Z,1.3134765625,1.3134765625,7.0
2015-08-11T17:41:50.000000Z,1.3134765625,1.3134765625,1.0
2015-08-11T17:41:55.000000Z,1.3134765625,1.3134765625,6.0
2015-08-11T17:42:00.000000Z,1.3134765625,1.3134765625,3.0
2015-08-11T17:42:05.000000Z,1.3134765625,1.3134765625,5.0
2015-08-11T17:42:10.000000Z,1.3134765625,1.3134765625,1.0
2015-08-11T17:42:35.000000Z,1.3134765625,1.3125,8.0
2015-08-11T17:42:40.000000Z,1.3134765625,1.3125,7.0
2015-08-11T17:42:45.000000Z,1.3134765625,1.3125,8.0
2015-08-11T17:42:55.000000Z,1.3134765625,1.3125,1.0
2015-08-11T17:43:00.000000Z,1.3134765625,1.3125,3.0
2015-08-11T17:43:20.000000Z,1.3134765625,1.3125,11.0
2015-08-11T17:43:25.000000Z,1.3134765625,1.3125,9.0
2015-08-11T17:43:30.000000Z,1.3125,1.3125,3.0
2015-08-11T17:43:45.000000Z,1.3125,1.3125,13.0
2015-08-11T17:43:50.000000Z,1.3125,1.3125,12.0
2015-08-11T17:43:55.000000Z,1.3125,1.3125,3.0
2015-08-11T17:44:00.000000Z,1.3125,1.3125,2.0
2015-08-11T17:44:05.000000Z,1.3125,1.3125,3.0
2015-08-11T17:44:35.000000Z,1.3125,1.3125,1.0
2015-08-11T17:44:40.000000Z,1.3125,1.3125,1.0
2015-08-11T17:44:45.000000Z,1.3125,1.3125,2.0
2015-08-11T17:44:50.000000Z,1.3125,1.3125,6.0
2015-08-11T17:45:00.000000Z,1.3125,1.3125,2.0
2015-08-11T17:45:10.000000Z,1.3125,1.3125,3.0
2015-08-11T17:45:15.000000Z,1.3125,1.3125,1.0
2015-08-11T17:45:20.000000Z,1.3125,1.3125,15.0
2015-08-11T17:45:25.000000Z,1.3125,1.3125,10.0
2015-08-11T17:45:30.000000Z,1.3125,1.3125,11.0
2015-08-11T17:45:35.000000Z,1.3125,1.3125,4.0
2015-08-11T17:45:40.000000Z,1.3125,1.3125,2.0
2015-08-11T17:46:00.000000Z,1.3125,1.3125,2.0
2015-08-11T17:46:10.000000Z,1.3125,1.3125,9.0
2015-08-11T17:46:15.000000Z,1.3125,1.3125,1.0
2015-08-11T17:46:30.000000Z,1.3125,1.3125,2.0
2015-08-11T17:46:35.000000Z,1.3125,1.3125,2.0
2015-08-11T17:46:40.000000Z,1.3125,1.3125,4.0
2015-08-11T17:46:45.000000Z,1.3125,1.3125,2.0
2015-08-11T17:46:55.000000Z,1.3134765625,1.3125,1.0
2015-08-11T17:47:00.000000Z,1.3134765625,1.3125,3.0
2015-08-11T17:47:05.000000Z,1.3134765625,1.3125,8.0
2015-08-11T17:47:10.000000Z,1.3134765625,1.3125,4.0
2015-08-11T17:47:20.000000Z,1.3134765625,1.3125,12.0
2015-08-11T17:47:35.000000Z,1.3134765625,1.3125,1.0
2015-08-11T17:47:50.000000Z,1.3134765625,1.3125,1.0
2015-08-11T17:47:55.000000Z,1.3134765625,1.3125,2.0
2015-08-11T17:48:00.000000Z,1.3134765625,1.3125,2.0
2015-08-11T17:48:05.000000Z,1.3134765625,1.3125,3.0
2015-08-11T17:48:20.000000Z,1.3134765625,1.3125,3.0
2015-08-11T17:48:40.000000Z,1.3134765625,1.3125,2.0
2015-08-11T17:48:45.000000Z,1.3134765625,1.3125,1.0
2015-08-11T17:48:55.000000Z,1.3134765625,1.3125,1.0
2015-08-11T17:49:00.000000Z,1.3134765625,1.3125,5.0
2015-08-11T17:50:00.000000Z,1.3125,1.3125,4.0
2015-08-11T17:50:05.000000Z,1.3125,1.3125,1.0
2015-08-11T17:50:10.000000Z,1.3134765625,1.3125,8.0
2015-08-11T17:50:15.000000Z,1.3125,1.3125,1.0
2015-08-11T17:50:25.000000Z,1.3125,1.3125,1.0
2015-08-11T17:50:35.000000Z,1.3125,1.3125,8.0
2015-08-11T17:50:40.000000Z,1.3125,1.3125,1.0
2015-08-11T17:50:45.000000Z,1.3125,1.3125,2.0
2015-08-11T17:50:50.000000Z,1.3125,1.3125,3.0
2015-08-11T17:50:55.000000Z,1.3125,1.3125,7.0
2015-08-11T17:51:05.000000Z,1.3125,1.3125,2.0
2015-08-11T17:51:10.000000Z,1.3125,1.3125,7.0
2015-08-11T17:51:15.000000Z,1.3125,1.3125,6.0
2015-08-11T17:51:20.000000Z,1.3125,1.3125,4.0
2015-08-11T17:51:25.000000Z,1.3125,1.3125,3.0
2015-08-11T17:51:35.000000Z,1.3125,1.3125,13.0
2015-08-11T17:51:40.000000Z,1.3125,1.3125,5.0
2015-08-11T17:51:55.000000Z,1.3125,1.3125,1.0
2015-08-11T17:52:05.000000Z,1.3125,1.3125,3.0
2015-08-11T17:52:10.000000Z,1.3125,1.3125,6.0
2015-08-11T17:52:25.000000Z,1.3125,1.3125,6.0
2015-08-11T17:52:30.000000Z,1.3125,1.3125,3.0
2015-08-11T17:52:35.000000Z,1.3125,1.3125,5.0
2015-08-11T17:52:45.000000Z,1.3125,1.3125,1.0
2015-08-11T17:52:50.000000Z,1.3125,1.3125,1.0
2015-08-11T17:52:55.000000Z,1.3125,1.3125,2.0
2015-08-11T17:53:05.000000Z,1.3125,1.3125,1.0
2015-08-11T17:53:15.000000Z,1.3125,1.3125,4.0
2015-08-11T17:53:20.000000Z,1.3125,1.3125,6.0
2015-08-11T17:53:25.000000Z,1.3125,1.3125,6.0
2015-08-11T17:53:30.000000Z,1.3125,1.3125,1.0
2015-08-11T17:53:55.000000Z,1.3125,1.3125,1.0
2015-08-11T17:54:00.000000Z,1.3125,1.3125,4.0
2015-08-11T17:54:10.000000Z,1.3134765625,1.3125,4.0
2015-08-11T17:54:15.000000Z,1.3125,1.3125,8.0
2015-08-11T17:54:20.000000Z,1.3125,1.3125,3.0
2015-08-11T17:54:25.000000Z,1.3125,1.3125,1.0
2015-08-11T17:54:45.000000Z,1.3134765625,1.3125,5.0
2015-08-11T17:54:50.000000Z,1.3134765625,1.3125,4.0
2015-08-11T17:54:55.000000Z,1.3134765625,1.3134765625,10.0
2015-08-11T17:55:05.000000Z,1.3134765625,1.3134765625,3.0
2015-08-11T17:55:10.000000Z,1.3134765625,1.3134765625,6.0
2015-08-11T17:55:15.000000Z,1.3134765625,1.3134765625,3.0
2015-08-11T17:55:25.000000Z,1.3134765625,1.3125,4.0
2015-08-11T17:55:35.000000Z,1.3134765625,1.3134765625,1.0
2015-08-11T17:55:40.000000Z,1.3134765625,1.3134765625,2.0
2015-08-11T17:55:55.000000Z,1.3134765625,1.3134765625,1.0
2015-08-11T17:56:00.000000Z,1.3134765625,1.3125,3.0
2015-08-11T17:56:05.000000Z,1.3134765625,1.3134765625,1.0
2015-08-11T17:56:10.000000Z,1.3134765625,1.3134765625,1.0
2015-08-11T17:56:25.000000Z,1.3134765625,1.3134765625,1.0
2015-08-11T17:56:45.000000Z,1.3134765625,1.3134765625,8.0
2015-08-11T17:56:50.000000Z,1.3134765625,1.3134765625,2.0
2015-08-11T17:56:55.000000Z,1.3134765625,1.3134765625,5.0
2015-08-11T17:57:00.000000Z,1.3134765625,1.3134765625,4.0
2015-08-11T17:57:10.000000Z,1.3134765625,1.3134765625,4.0
2015-08-11T17:57:15.000000Z,1.3134765625,1.3134765625,7.0
2015-08-11T17:57:35.000000Z,1.3134765625,1.3134765625,5.0
2015-08-11T17:57:40.000000Z,1.3134765625,1.3134765625,12.0
2015-08-11T17:57:45.000000Z,1.3134765625,1.3134765625,6.0
2015-08-11T17:58:00.000000Z,1.3134765625,1.3134765625,5.0
2015-08-11T17:58:10.000000Z,1.3134765625,1.3134765625,7.0
2015-08-11T17:58:15.000000Z,1.3134765625,1.3125,4.0
2015-08-11T17:58:25.000000Z,1.3134765625,1.3125,1.0
2015-08-11T17:58:30.000000Z,1.3134765625,1.3125,1.0
2015-08-11T17:59:10.000000Z,1.3134765625,1.3125,2.0
2015-08-11T17:59:45.000000Z,1.3134765625,1.3125,1.0
2015-08-11T17:59:50.000000Z,1.3134765625,1.3125,1.0
2015-08-11T18:00:00.000000Z,1.3134765625,1.3125,4.0
2015-08-11T18:00:05.000000Z,1.3134765625,1.3125,1.0
2015-08-11T18:00:10.000000Z,1.3134765625,1.3125,8.0
2015-08-11T18:00:15.000000Z,1.3134765625,1.3125,3.0
2015-08-11T18:00:25.000000Z,1.3125,1.3125,7.0
2015-08-11T18:00:30.000000Z,1.3125,1.3125,2.0
2015-08-11T18:00:40.000000Z,1.3134765625,1.3125,7.0
2015-08-11T18:01:00.000000Z,1.3134765625,1.3125,2.0
2015-08-11T18:01:10.000000Z,1.3125,1.3125,7.0
2015-08-11T18:01:15.000000Z,1.3125,1.3125,9.0
2015-08-11T18:01:20.000000Z,1.3125,1.3125,4.0
2015-08-11T18:01:25.000000Z,1.3125,1.3125,5.0
2015-08-11T18:01:30.000000Z,1.3125,1.3125,2.0
2015-08-11T18:01:35.000000Z,1.3125,1.3125,1.0
2015-08-11T18:01:55.000000Z,1.3125,1.3125,1.0
2015-08-11T18:02:00.000000Z,1.3134765625,1.3125,6.0
2015-08-11T18:02:10.000000Z,1.3134765625,1.3125,2.0
2015-08-11T18:02:15.000000Z,1.3134765625,1.3125,4.0
2015-08-11T18:02:20.000000Z,1.3134765625,1.3125,11.0
2015-08-11T18:02:25.000000Z,1.3125,1.3125,4.0
2015-08-11T18:02:30.000000Z,1.3125,1.3125,11.0
2015-08-11T18:02:35.000000Z,1.3125,1.3125,1.0
2015-08-11T18:02:40.000000Z,1.3125,1.3125,1.0
2015-08-11T18:03:15.000000Z,1.3134765625,1.3125,3.0
2015-08-11T18:03:20.000000Z,1.3125,1.3125,1.0
2015-08-11T18:03:25.000000Z,1.3134765625,1.3125,1.0
2015-08-11T18:03:30.000000Z,1.3134765625,1.3125,5.0
2015-08-11T18:03:45.000000Z,1.3134765625,1.3125,5.0
2015-08-11T18:03:50.000000Z,1.3134765625,1.3125,6.0
2015-08-11T18:03:55.000000Z,1.3134765625,1.3125,4.0
2015-08-11T18:04:00.000000Z,1.3134765625,1.3125,4.0
2015-08-11T18:04:10.000000Z,1.3134765625,1.3125,3.0
2015-08-11T18:04:15.000000Z,1.3125,1.3125,5.0
2015-08-11T18:04:20.000000Z,1.3134765625,1.3125,10.0
2015-08-11T18:04:25.000000Z,1.3134765625,1.3125,1.0
2015-08-11T18:04:30.000000Z,1.3134765625,1.3125,2.0
2015-08-11T18:04:35.000000Z,1.3134765625,1.3125,4.0
2015-08-11T18:04:40.000000Z,1.3134765625,1.3134765625,3.0
2015-08-11T18:04:45.000000Z,1.3134765625,1.3134765625,1.0
2015-08-11T18:04:50.000000Z,1.3134765625,1.3134765625,5.0
2015-08-11T18:04:55.000000Z,1.3134765625,1.3134765625,7.0
2015-08-11T18:05:00.000000Z,1.3134765625,1.3134765625,13.0
2015-08-11T18:05:05.000000Z,1.3134765625,1.3134765625,7.0
2015-08-11T18:05:10.000000Z,1.3134765625,1.3125,5.0
2015-08-11T18:05:15.000000Z,1.3134765625,1.3125,4.0
2015-08-11T18:05:25.000000Z,1.3134765625,1.3125,6.0
2015-08-11T18:05:45.000000Z,1.3134765625,1.3125,3.0
2015-08-11T18:05:50.000000Z,1.3125,1.3125,4.0
2015-08-11T18:05:55.000000Z,1.3134765625,1.3125,7.0
2015-08-11T18:06:25.000000Z,1.3134765625,1.3125,5.0
2015-08-11T18:06:35.000000Z,1.3134765625,1.3125,3.0
2015-08-11T18:06:40.000000Z,1.3134765625,1.3125,8.0
2015-08-11T18:06:50.000000Z,1.3134765625,1.3134765625,1.0
2015-08-11T18:06:55.000000Z,1.3134765625,1.3134765625,4.0
2015-08-11T18:07:10.000000Z,1.3134765625,1.3134765625,2.0
2015-08-11T18:07:15.000000Z,1.3134765625,1.3134765625,2.0
2015-08-11T18:07:20.000000Z,1.3134765625,1.3134765625,1.0
2015-08-11T18:07:25.000000Z,1.3134765625,1.3134765625,1.0
2015-08-11T18:07:30.000000Z,1.3134765625,1.3134765625,1.0
2015-08-11T18:07:35.000000Z,1.3134765625,1.3134765625,4.0
2015-08-11T18:07:45.000000Z,1.3134765625,1.3134765625,1.0
