time,closeAsk,closeBid
2015-07-29T04:24:40.000000Z,9.0433,9.03374
2015-07-29T04:24:50.000000Z,9.0433,9.03336
2015-07-29T04:25:00.000000Z,9.0433,9.03311
2015-07-29T04:25:10.000000Z,9.0433,9.03312
2015-07-29T04:25:20.000000Z,9.0432,9.03324
2015-07-29T04:25:30.000000Z,9.0432,9.03302
2015-07-29T04:25:40.000000Z,9.0432,9.03304
2015-07-29T04:25:50.000000Z,9.0432,9.03302
2015-07-29T04:26:00.000000Z,9.0432,9.03302
2015-07-29T04:26:20.000000Z,9.0432,9.03336
2015-07-29T04:26:50.000000Z,9.0432,9.03348
2015-07-29T04:27:00.000000Z,9.0432,9.03351
2015-07-29T04:27:20.000000Z,9.0432,9.03351
2015-07-29T04:27:30.000000Z,9.0432,9.03375
2015-07-29T04:27:40.000000Z,9.0431,9.03377
2015-07-29T04:27:50.000000Z,9.0431,9.03376
2015-07-29T04:28:00.000000Z,9.04443,9.03401
2015-07-29T04:28:10.000000Z,9.0431,9.0338
2015-07-29T04:28:20.000000Z,9.0431,9.03365
2015-07-29T04:28:40.000000Z,9.0431,9.03367
2015-07-29T04:28:50.000000Z,9.0431,9.03364
2015-07-29T04:29:00.000000Z,9.043,9.03365
2015-07-29T04:29:10.000000Z,9.043,9.0338
2015-07-29T04:29:20.000000Z,9.043,9.03369
2015-07-29T04:29:30.000000Z,9.043,9.03385
2015-07-29T04:29:40.000000Z,9.043,9.03382
2015-07-29T04:30:30.000000Z,9.043,9.0339
2015-07-29T04:30:40.000000Z,9.0431,9.03381
2015-07-29T04:30:50.000000Z,9.0431,9.03382
2015-07-29T04:31:00.000000Z,9.0431,9.03375
2015-07-29T04:31:20.000000Z,9.0431,9.03375
2015-07-29T04:32:10.000000Z,9.0431,9.03373
2015-07-29T04:32:20.000000Z,9.0431,9.03374
2015-07-29T04:32:30.000000Z,9.0431,9.03374
2015-07-29T04:32:40.000000Z,9.0431,9.03382
2015-07-29T04:32:50.000000Z,9.0431,9.03383
2015-07-29T04:33:00.000000Z,9.04313,9.0337
2015-07-29T04:33:10.000000Z,9.0431,9.03375
2015-07-29T04:33:20.000000Z,9.0431,9.03377
2015-07-29T04:33:30.000000Z,9.0431,9.0338
2015-07-29T04:33:40.000000Z,9.0431,9.03377
2015-07-29T04:33:50.000000Z,9.0431,9.03377
2015-07-29T04:34:10.000000Z,9.0431,9.03377
2015-07-29T04:34:20.000000Z,9.0431,9.0338
2015-07-29T04:34:30.000000Z,9.0431,9.03376
2015-07-29T04:34:50.000000Z,9.0431,9.03383
2015-07-29T04:35:00.000000Z,9.0431,9.03387
2015-07-29T04:35:10.000000Z,9.0431,9.03391
2015-07-29T04:35:20.000000Z,9.0431,9.03395
2015-07-29T04:35:30.000000Z,9.04314,9.034
2015-07-29T04:35:40.000000Z,9.04316,9.034
2015-07-29T04:35:50.000000Z,9.04344,9.03405
2015-07-29T04:36:00.000000Z,9.04343,9.0341
2015-07-29T04:36:10.000000Z,9.0431,9.03336
2015-07-29T04:36:20.000000Z,9.0431,9.03401
2015-07-29T04:36:30.000000Z,9.04331,9.03404
2015-07-29T04:36:40.000000Z,9.04331,9.03402
2015-07-29T04:36:50.000000Z,9.04314,9.0341
2015-07-29T04:37:00.000000Z,9.04335,9.03372
2015-07-29T04:37:10.000000Z,9.04331,9.03366
2015-07-29T04:37:20.000000Z,9.04332,9.03394
2015-07-29T04:37:30.000000Z,9.04314,9.0339
2015-07-29T04:37:40.000000Z,9.0431,9.0341
2015-07-29T04:37:50.000000Z,9.0431,9.03408
2015-07-29T04:38:00.000000Z,9.04314,9.03394
2015-07-29T04:38:10.000000Z,9.04314,9.03394
2015-07-29T04:38:20.000000Z,9.0431,9.03411
2015-07-29T04:38:30.000000Z,9.04326,9.03401
2015-07-29T04:38:40.000000Z,9.0431,9.03386
2015-07-29T04:38:50.000000Z,9.0431,9.03404
2015-07-29T04:39:00.000000Z,9.04349,9.03399
2015-07-29T04:39:10.000000Z,9.04312,9.034
2015-07-29T04:39:20.000000Z,9.04316,9.034
2015-07-29T04:39:30.000000Z,9.04334,9.03406
2015-07-29T04:39:40.000000Z,9.04332,9.03413
2015-07-29T04:39:50.000000Z,9.04316,9.034
2015-07-29T04:40:00.000000Z,9.04332,9.03398
2015-07-29T04:40:10.000000Z,9.04332,9.03409
2015-07-29T04:40:20.000000Z,9.04324,9.03413
2015-07-29T04:40:30.000000Z,9.04324,9.03408
2015-07-29T04:40:40.000000Z,9.04324,9.03407
2015-07-29T04:40:50.000000Z,9.04324,9.03391
2015-07-29T04:41:00.000000Z,9.04324,9.03416
2015-07-29T04:41:10.000000Z,9.04328,9.03413
2015-07-29T04:41:20.000000Z,9.04332,9.0342
2015-07-29T04:41:30.000000Z,9.04315,9.03415
2015-07-29T04:41:40.000000Z,9.0431,9.03412
2015-07-29T04:41:50.000000Z,9.04322,9.03409
2015-07-29T04:42:00.000000Z,9.04331,9.03413
2015-07-29T04:42:10.000000Z,9.04313,9.034
2015-07-29T04:42:20.000000Z,9.04331,9.03399
2015-07-29T04:42:30.000000Z,9.04315,9.03408
2015-07-29T04:42:40.000000Z,9.04314,9.0339
2015-07-29T04:42:50.000000Z,9.0431,9.03379
2015-07-29T04:43:00.000000Z,9.0431,9.03398
2015-07-29T04:43:10.000000Z,9.04332,9.03396
2015-07-29T04:43:20.000000Z,9.0431,9.03385
2015-07-29T04:43:30.000000Z,9.04331,9.03394
2015-07-29T04:43:40.000000Z,9.04332,9.03401
2015-07-29T04:43:50.000000Z,9.0431,9.03392
2015-07-29T04:44:10.000000Z,9.0437,9.03365
2015-07-29T04:44:20.000000Z,9.04313,9.034
2015-07-29T04:44:30.000000Z,9.0431,9.03382
2015-07-29T04:44:40.000000Z,9.04718,9.034
2015-07-29T04:44:50.000000Z,9.04907,9.034
2015-07-29T04:45:00.000000Z,9.04883,9.0341
2015-07-29T04:45:10.000000Z,9.04874,9.0341
2015-07-29T04:45:20.000000Z,9.04935,9.0341
2015-07-29T04:45:40.000000Z,9.04952,9.0341
2015-07-29T04:45:50.000000Z,9.04936,9.0341
2015-07-29T04:46:00.000000Z,9.04934,9.0341
2015-07-29T04:46:10.000000Z,9.04815,9.0344
2015-07-29T04:46:20.000000Z,9.04817,9.0344
2015-07-29T04:46:30.000000Z,9.04815,9.0344
2015-07-29T04:46:40.000000Z,9.04812,9.0344
2015-07-29T04:46:50.000000Z,9.04817,9.0344
2015-07-29T04:47:00.000000Z,9.04798,9.03439
2015-07-29T04:47:10.000000Z,9.04804,9.03439
2015-07-29T04:47:20.000000Z,9.04809,9.03418
2015-07-29T04:47:30.000000Z,9.04806,9.03418
2015-07-29T04:47:40.000000Z,9.04806,9.03418
2015-07-29T04:47:50.000000Z,9.04826,9.034
2015-07-29T04:48:00.000000Z,9.04806,9.03418
2015-07-29T04:48:10.000000Z,9.04808,9.03418
2015-07-29T04:48:20.000000Z,9.04809,9.03418
2015-07-29T04:48:30.000000Z,9.0481,9.03418
2015-07-29T04:48:40.000000Z,9.0481,9.03418
2015-07-29T04:48:50.000000Z,9.04812,9.03418
2015-07-29T04:49:00.000000Z,9.04817,9.034
2015-07-29T04:49:10.000000Z,9.04817,9.034
2015-07-29T04:49:20.000000Z,9.04746,9.03333
2015-07-29T04:49:30.000000Z,9.04755,9.03395
2015-07-29T04:49:40.000000Z,9.04634,9.0333
2015-07-29T04:49:50.000000Z,9.04634,9.03336
2015-07-29T04:50:00.000000Z,9.04615,9.0335
2015-07-29T04:50:10.000000Z,9.04738,9.03401
2015-07-29T04:50:20.000000Z,9.04738,9.03401
2015-07-29T04:50:30.000000Z,9.04749,9.03401
2015-07-29T04:50:40.000000Z,9.04683,9.03393
2015-07-29T04:50:50.000000Z,9.04669,9.034
2015-07-29T04:51:00.000000Z,9.04684,9.03401
2015-07-29T04:51:10.000000Z,9.0467,9.0345
2015-07-29T04:51:20.000000Z,9.0467,9.03449
2015-07-29T04:51:30.000000Z,9.04695,9.03411
2015-07-29T04:51:40.000000Z,9.04669,9.03446
2015-07-29T04:51:50.000000Z,9.04693,9.03441
2015-07-29T04:52:00.000000Z,9.047,9.03433
2015-07-29T04:52:10.000000Z,9.04744,9.03423
2015-07-29T04:52:20.000000Z,9.04706,9.03444
2015-07-29T04:52:30.000000Z,9.04687,9.03396
2015-07-29T04:52:40.000000Z,9.04729,9.03395
2015-07-29T04:52:50.000000Z,9.04721,9.0343
2015-07-29T04:53:00.000000Z,9.04712,9.03401
2015-07-29T04:53:10.000000Z,9.04728,9.03401
2015-07-29T04:53:20.000000Z,9.04728,9.03401
2015-07-29T04:53:40.000000Z,9.04734,9.03401
2015-07-29T04:53:50.000000Z,9.0472,9.034
2015-07-29T04:54:00.000000Z,9.04734,9.034
2015-07-29T04:54:10.000000Z,9.04715,9.03398
2015-07-29T04:54:20.000000Z,9.04735,9.03401
2015-07-29T04:54:30.000000Z,9.04709,9.034
2015-07-29T04:54:40.000000Z,9.04702,9.034
2015-07-29T04:54:50.000000Z,9.04686,9.034
2015-07-29T04:55:00.000000Z,9.04699,9.034
2015-07-29T04:55:10.000000Z,9.047,9.03452
2015-07-29T04:55:20.000000Z,9.04705,9.03439
2015-07-29T04:55:30.000000Z,9.04724,9.034
2015-07-29T04:55:40.000000Z,9.04697,9.03441
2015-07-29T04:55:50.000000Z,9.04681,9.03453
2015-07-29T04:56:00.000000Z,9.04713,9.03443
2015-07-29T04:56:10.000000Z,9.04712,9.03449
2015-07-29T04:56:20.000000Z,9.0475,9.03394
2015-07-29T04:56:30.000000Z,9.04818,9.0343
2015-07-29T04:56:40.000000Z,9.04826,9.0345
2015-07-29T04:56:50.000000Z,9.04853,9.0343
2015-07-29T04:57:00.000000Z,9.04905,9.03424
2015-07-29T04:57:10.000000Z,9.04872,9.034
2015-07-29T04:57:20.000000Z,9.04847,9.03405
2015-07-29T04:57:30.000000Z,9.05412,9.03432
2015-07-29T04:57:40.000000Z,9.05362,9.03451
2015-07-29T04:57:50.000000Z,9.05339,9.03419
2015-07-29T04:58:00.000000Z,9.05152,9.03467
2015-07-29T04:58:10.000000Z,9.05352,9.03467
2015-07-29T04:58:20.000000Z,9.04784,9.03302
2015-07-29T04:58:30.000000Z,9.04625,9.03476
2015-07-29T04:58:40.000000Z,9.0461,9.03457
2015-07-29T04:58:50.000000Z,9.046,9.03443
2015-07-29T04:59:00.000000Z,9.0459,9.03454
2015-07-29T04:59:10.000000Z,9.046,9.03439
2015-07-29T04:59:20.000000Z,9.04606,9.0344
2015-07-29T04:59:30.000000Z,9.04603,9.03447
2015-07-29T04:59:40.000000Z,9.046,9.03449
2015-07-29T04:59:50.000000Z,9.0459,9.03447
2015-07-29T05:00:00.000000Z,9.0461,9.03442
2015-07-29T05:00:10.000000Z,9.0463,9.03472
2015-07-29T05:00:20.000000Z,9.04633,9.0348
2015-07-29T05:00:30.000000Z,9.04629,9.0348
2015-07-29T05:00:50.000000Z,9.0461,9.03496
2015-07-29T05:01:00.000000Z,9.0462,9.03494
2015-07-29T05:01:10.000000Z,9.0462,9.03489
2015-07-29T05:01:20.000000Z,9.0462,9.03498
2015-07-29T05:01:30.000000Z,9.0462,9.03485
2015-07-29T05:01:40.000000Z,9.0461,9.03491
2015-07-29T05:01:50.000000Z,9.0461,9.03491
2015-07-29T05:02:00.000000Z,9.04611,9.03494
2015-07-29T05:02:10.000000Z,9.046,9.03468
2015-07-29T05:02:20.000000Z,9.046,9.03466
2015-07-29T05:02:30.000000Z,9.046,9.03469
2015-07-29T05:02:50.000000Z,9.046,9.03494
2015-07-29T05:03:00.000000Z,9.046,9.03497
2015-07-29T05:03:10.000000Z,9.0462,9.03512
2015-07-29T05:03:20.000000Z,9.0461,9.03522
2015-07-29T05:03:30.000000Z,9.0462,9.03524
2015-07-29T05:03:40.000000Z,9.0461,9.03532
2015-07-29T05:03:50.000000Z,9.0461,9.03524
2015-07-29T05:04:00.000000Z,9.0461,9.0352
2015-07-29T05:04:10.000000Z,9.046,9.03498
2015-07-29T05:04:20.000000Z,9.0459,9.03497
2015-07-29T05:04:30.000000Z,9.0459,9.03492
2015-07-29T05:04:40.000000Z,9.0459,9.03494
2015-07-29T05:04:50.000000Z,9.04605,9.0346
2015-07-29T05:05:00.000000Z,9.04604,9.0346
2015-07-29T05:05:10.000000Z,9.04618,9.0346
2015-07-29T05:05:20.000000Z,9.04624,9.0346
2015-07-29T05:05:30.000000Z,9.04625,9.0346
2015-07-29T05:05:40.000000Z,9.04629,9.0345
2015-07-29T05:05:50.000000Z,9.04624,9.03454
2015-07-29T05:06:00.000000Z,9.04622,9.03454
2015-07-29T05:06:10.000000Z,9.04605,9.0345
2015-07-29T05:06:20.000000Z,9.04605,9.0345
2015-07-29T05:06:30.000000Z,9.04613,9.0344
2015-07-29T05:06:40.000000Z,9.04606,9.0344
2015-07-29T05:06:50.000000Z,9.0458,9.0347
2015-07-29T05:07:00.000000Z,9.0458,9.03469
2015-07-29T05:07:10.000000Z,9.04601,9.03487
2015-07-29T05:07:20.000000Z,9.046,9.03489
2015-07-29T05:07:30.000000Z,9.0459,9.035
2015-07-29T05:07:40.000000Z,9.0459,9.03497
2015-07-29T05:08:00.000000Z,9.046,9.03494
2015-07-29T05:08:10.000000Z,9.0459,9.03504
2015-07-29T05:08:20.000000Z,9.046,9.03501
2015-07-29T05:08:30.000000Z,9.046,9.03454
2015-07-29T05:08:40.000000Z,9.0459,9.03473
2015-07-29T05:08:50.000000Z,9.046,9.03493
2015-07-29T05:09:00.000000Z,9.0461,9.03492
2015-07-29T05:09:10.000000Z,9.0461,9.03494
2015-07-29T05:09:20.000000Z,9.0461,9.03525
2015-07-29T05:09:30.000000Z,9.046,9.03524
2015-07-29T05:09:40.000000Z,9.046,9.03522
2015-07-29T05:09:50.000000Z,9.046,9.03525
2015-07-29T05:10:00.000000Z,9.046,9.03526
2015-07-29T05:10:10.000000Z,9.0458,9.03497
2015-07-29T05:10:20.000000Z,9.0458,9.03497
2015-07-29T05:10:30.000000Z,9.0459,9.03496
2015-07-29T05:10:40.000000Z,9.0459,9.03498
2015-07-29T05:10:50.000000Z,9.04607,9.0344
2015-07-29T05:11:00.000000Z,9.04603,9.0345
2015-07-29T05:11:10.000000Z,9.046,9.0345
2015-07-29T05:11:20.000000Z,9.04603,9.0345
2015-07-29T05:11:40.000000Z,9.04603,9.0345
2015-07-29T05:12:00.000000Z,9.04606,9.0346
2015-07-29T05:12:10.000000Z,9.04607,9.0346
2015-07-29T05:12:40.000000Z,9.04605,9.0346
2015-07-29T05:12:50.000000Z,9.0458,9.03492
2015-07-29T05:13:00.000000Z,9.0458,9.03486
2015-07-29T05:13:10.000000Z,9.0458,9.03485
2015-07-29T05:13:20.000000Z,9.0458,9.03485
2015-07-29T05:13:30.000000Z,9.0458,9.03488
2015-07-29T05:13:40.000000Z,9.0459,9.03482
2015-07-29T05:14:00.000000Z,9.0459,9.03485
2015-07-29T05:14:10.000000Z,9.0459,9.03485
2015-07-29T05:14:20.000000Z,9.0459,9.03485
2015-07-29T05:14:30.000000Z,9.0459,9.03484
2015-07-29T05:14:40.000000Z,9.0459,9.03486
2015-07-29T05:14:50.000000Z,9.0459,9.03474
2015-07-29T05:15:00.000000Z,9.0459,9.03476
2015-07-29T05:15:10.000000Z,9.0461,9.03491
2015-07-29T05:15:20.000000Z,9.0461,9.03491
2015-07-29T05:15:30.000000Z,9.0461,9.03492
2015-07-29T05:15:40.000000Z,9.0461,9.03541
2015-07-29T05:15:50.000000Z,9.04627,9.0354
2015-07-29T05:16:00.000000Z,9.0461,9.03537
2015-07-29T05:16:10.000000Z,9.04628,9.0354
2015-07-29T05:16:20.000000Z,9.04606,9.0354
2015-07-29T05:16:30.000000Z,9.0429,9.03448
2015-07-29T05:16:40.000000Z,9.04283,9.03456
2015-07-29T05:16:50.000000Z,9.04283,9.03455
2015-07-29T05:17:00.000000Z,9.0429,9.03448
2015-07-29T05:17:10.000000Z,9.04283,9.03463
2015-07-29T05:17:20.000000Z,9.04294,9.03455
2015-07-29T05:17:30.000000Z,9.04434,9.0347
2015-07-29T05:17:40.000000Z,9.043,9.0346
2015-07-29T05:17:50.000000Z,9.04306,9.03477
2015-07-29T05:18:00.000000Z,9.0439,9.03421
2015-07-29T05:18:10.000000Z,9.04429,9.03436
2015-07-29T05:18:20.000000Z,9.0448,9.03675
2015-07-29T05:18:30.000000Z,9.0445,9.0345
2015-07-29T05:18:40.000000Z,9.04526,9.0347
2015-07-29T05:18:50.000000Z,9.04702,9.038
2015-07-29T05:19:00.000000Z,9.04689,9.038
2015-07-29T05:19:10.000000Z,9.0471,9.038
2015-07-29T05:19:20.000000Z,9.04707,9.038
2015-07-29T05:19:30.000000Z,9.04706,9.038
2015-07-29T05:19:40.000000Z,9.04711,9.038
2015-07-29T05:19:50.000000Z,9.04711,9.038
2015-07-29T05:20:00.000000Z,9.0471,9.038
2015-07-29T05:20:10.000000Z,9.04703,9.038
2015-07-29T05:20:20.000000Z,9.04682,9.03834
2015-07-29T05:20:30.000000Z,9.04675,9.03834
2015-07-29T05:20:40.000000Z,9.04737,9.03625
2015-07-29T05:20:50.000000Z,9.04752,9.036
2015-07-29T05:21:00.000000Z,9.04749,9.036
2015-07-29T05:21:10.000000Z,9.04752,9.036
2015-07-29T05:21:20.000000Z,9.04751,9.036
2015-07-29T05:21:30.000000Z,9.0475,9.036
2015-07-29T05:21:40.000000Z,9.0476,9.036
2015-07-29T05:21:50.000000Z,9.04752,9.036
2015-07-29T05:22:50.000000Z,9.04739,9.036
2015-07-29T05:23:00.000000Z,9.04736,9.03595
2015-07-29T05:23:10.000000Z,9.04737,9.03595
2015-07-29T05:23:20.000000Z,9.04752,9.03599
2015-07-29T05:23:30.000000Z,9.04739,9.03599
2015-07-29T05:23:40.000000Z,9.04739,9.03602
2015-07-29T05:23:50.000000Z,9.0474,9.03602
2015-07-29T05:24:00.000000Z,9.04731,9.03603
2015-07-29T05:24:10.000000Z,9.04715,9.03603
2015-07-29T05:24:20.000000Z,9.04746,9.03603
2015-07-29T05:24:30.000000Z,9.04798,9.03603
2015-07-29T05:24:40.000000Z,9.04749,9.03609
2015-07-29T05:24:50.000000Z,9.04711,9.03609
2015-07-29T05:25:00.000000Z,9.04716,9.03606
2015-07-29T05:25:10.000000Z,9.04731,9.03606
2015-07-29T05:25:20.000000Z,9.04721,9.03606
2015-07-29T05:25:30.000000Z,9.0472,9.03606
2015-07-29T05:26:00.000000Z,9.04728,9.0369
2015-07-29T05:26:40.000000Z,9.04731,9.0369
2015-07-29T05:26:50.000000Z,9.04765,9.03684
2015-07-29T05:27:00.000000Z,9.04742,9.0368
2015-07-29T05:27:10.000000Z,9.04764,9.0368
2015-07-29T05:27:20.000000Z,9.04764,9.0368
2015-07-29T05:27:30.000000Z,9.04765,9.0368
2015-07-29T05:27:40.000000Z,9.04763,9.0368
2015-07-29T05:27:50.000000Z,9.04778,9.03673
2015-07-29T05:28:00.000000Z,9.04663,9.0365
2015-07-29T05:28:10.000000Z,9.04661,9.0365
2015-07-29T05:28:20.000000Z,9.0463,9.03619
2015-07-29T05:28:30.000000Z,9.0464,9.03619
2015-07-29T05:28:40.000000Z,9.0464,9.03632
2015-07-29T05:28:50.000000Z,9.04647,9.03649
2015-07-29T05:29:00.000000Z,9.04641,9.03624
2015-07-29T05:29:10.000000Z,9.0464,9.03624
2015-07-29T05:29:20.000000Z,9.0464,9.03624
2015-07-29T05:29:30.000000Z,9.0464,9.03624
2015-07-29T05:29:40.000000Z,9.0464,9.03622
2015-07-29T05:29:50.000000Z,9.04675,9.0369
2015-07-29T05:30:00.000000Z,9.04675,9.0369
2015-07-29T05:30:10.000000Z,9.04678,9.0369
2015-07-29T05:30:30.000000Z,9.04676,9.03687
2015-07-29T05:30:50.000000Z,9.0465,9.03704
2015-07-29T05:31:20.000000Z,9.04649,9.03704
2015-07-29T05:31:50.000000Z,9.0465,9.03704
2015-07-29T05:32:00.000000Z,9.0465,9.03704
2015-07-29T05:32:10.000000Z,9.04655,9.03704
2015-07-29T05:32:20.000000Z,9.04644,9.03704
2015-07-29T05:32:30.000000Z,9.04642,9.03704
2015-07-29T05:32:40.000000Z,9.04647,9.03704
2015-07-29T05:32:50.000000Z,9.04655,9.03704
2015-07-29T05:33:00.000000Z,9.04658,9.03704
2015-07-29T05:33:10.000000Z,9.04653,9.03704
2015-07-29T05:33:20.000000Z,9.04665,9.03704
2015-07-29T05:33:30.000000Z,9.04715,9.0372
2015-07-29T05:33:40.000000Z,9.04707,9.0371
2015-07-29T05:33:50.000000Z,9.04718,9.03713
2015-07-29T05:34:00.000000Z,9.04702,9.03713
2015-07-29T05:34:10.000000Z,9.04713,9.03713
2015-07-29T05:34:20.000000Z,9.0471,9.03713
2015-07-29T05:34:30.000000Z,9.04701,9.03713
2015-07-29T05:34:40.000000Z,9.04698,9.03713
2015-07-29T05:34:50.000000Z,9.04724,9.03689
2015-07-29T05:35:00.000000Z,9.04724,9.03689
2015-07-29T05:35:10.000000Z,9.04724,9.03689
2015-07-29T05:35:20.000000Z,9.04724,9.03691
2015-07-29T05:35:30.000000Z,9.04724,9.03689
2015-07-29T05:35:40.000000Z,9.04724,9.03686
2015-07-29T05:35:50.000000Z,9.04724,9.03694
2015-07-29T05:36:00.000000Z,9.04724,9.03695
2015-07-29T05:36:10.000000Z,9.04724,9.03703
2015-07-29T05:36:20.000000Z,9.04724,9.037
2015-07-29T05:36:30.000000Z,9.04724,9.0369
2015-07-29T05:36:40.000000Z,9.04724,9.03685
2015-07-29T05:36:50.000000Z,9.04693,9.03817
2015-07-29T05:37:00.000000Z,9.04664,9.03853
2015-07-29T05:37:10.000000Z,9.0464,9.03809
2015-07-29T05:37:20.000000Z,9.04514,9.03799
2015-07-29T05:37:30.000000Z,9.04671,9.0376
2015-07-29T05:37:40.000000Z,9.04706,9.03875
2015-07-29T05:37:50.000000Z,9.0473,9.03877
2015-07-29T05:38:00.000000Z,9.05064,9.03999
2015-07-29T05:38:10.000000Z,9.05043,9.03984
2015-07-29T05:38:20.000000Z,9.05034,9.03965
2015-07-29T05:38:30.000000Z,9.05049,9.03974
2015-07-29T05:38:40.000000Z,9.05034,9.03995
2015-07-29T05:38:50.000000Z,9.05029,9.03999
2015-07-29T05:39:00.000000Z,9.04952,9.03948
2015-07-29T05:39:10.000000Z,9.04979,9.03948
2015-07-29T05:39:20.000000Z,9.0495,9.03923
2015-07-29T05:39:30.000000Z,9.0495,9.03947
2015-07-29T05:39:40.000000Z,9.0496,9.03938
2015-07-29T05:39:50.000000Z,9.0495,9.03948
2015-07-29T05:40:00.000000Z,9.0495,9.03947
2015-07-29T05:40:10.000000Z,9.0496,9.03944
2015-07-29T05:40:20.000000Z,9.0495,9.03956
2015-07-29T05:40:30.000000Z,9.0495,9.03951
2015-07-29T05:40:40.000000Z,9.0495,9.0395
2015-07-29T05:40:50.000000Z,9.0495,9.03952
2015-07-29T05:41:00.000000Z,9.0495,9.03952
2015-07-29T05:41:20.000000Z,9.0495,9.03954
2015-07-29T05:41:30.000000Z,9.0495,9.03952
2015-07-29T05:41:40.000000Z,9.0495,9.03952
2015-07-29T05:41:50.000000Z,9.0495,9.03955
2015-07-29T05:42:20.000000Z,9.0495,9.03953
2015-07-29T05:42:40.000000Z,9.0495,9.0395
2015-07-29T05:42:50.000000Z,9.04969,9.03944
2015-07-29T05:43:00.000000Z,9.04969,9.03949
2015-07-29T05:43:10.000000Z,9.04969,9.03946
2015-07-29T05:43:20.000000Z,9.04969,9.03946
2015-07-29T05:43:30.000000Z,9.04969,9.03946
2015-07-29T05:43:40.000000Z,9.05004,9.03915
2015-07-29T05:43:50.000000Z,9.04987,9.03944
2015-07-29T05:44:00.000000Z,9.04925,9.0391
2015-07-29T05:44:10.000000Z,9.04921,9.03893
2015-07-29T05:44:20.000000Z,9.04921,9.03893
2015-07-29T05:44:30.000000Z,9.05021,9.04087
2015-07-29T05:44:40.000000Z,9.04905,9.03893
2015-07-29T05:44:50.000000Z,9.04833,9.03979
2015-07-29T05:45:00.000000Z,9.04992,9.03905
2015-07-29T05:45:10.000000Z,9.04989,9.0413
2015-07-29T05:45:20.000000Z,9.05013,9.0413
2015-07-29T05:45:30.000000Z,9.05027,9.0413
2015-07-29T05:45:40.000000Z,9.04979,9.04019
2015-07-29T05:45:50.000000Z,9.04954,9.04118
2015-07-29T05:46:00.000000Z,9.0495,9.04117
2015-07-29T05:46:10.000000Z,9.04952,9.0413
2015-07-29T05:46:20.000000Z,9.04951,9.04127
2015-07-29T05:46:30.000000Z,9.04944,9.04129
2015-07-29T05:46:40.000000Z,9.04943,9.04127
2015-07-29T05:46:50.000000Z,9.04943,9.04113
2015-07-29T05:47:00.000000Z,9.04943,9.04099
2015-07-29T05:47:10.000000Z,9.04943,9.04099
2015-07-29T05:47:20.000000Z,9.04944,9.04098
2015-07-29T05:47:40.000000Z,9.04944,9.04112
2015-07-29T05:47:50.000000Z,9.04943,9.04096
2015-07-29T05:48:00.000000Z,9.0494,9.04102
2015-07-29T05:48:10.000000Z,9.04943,9.04105
2015-07-29T05:48:20.000000Z,9.0494,9.04106
2015-07-29T05:48:30.000000Z,9.04933,9.04104
2015-07-29T05:48:40.000000Z,9.04933,9.04093
2015-07-29T05:48:50.000000Z,9.0494,9.04101
2015-07-29T05:49:00.000000Z,9.0494,9.04101
2015-07-29T05:49:10.000000Z,9.04933,9.04106
2015-07-29T05:49:20.000000Z,9.0513,9.04251
2015-07-29T05:49:30.000000Z,9.0513,9.04259
2015-07-29T05:49:40.000000Z,9.0514,9.04264
2015-07-29T05:49:50.000000Z,9.0514,9.0426
2015-07-29T05:50:00.000000Z,9.0513,9.04272
2015-07-29T05:50:10.000000Z,9.0513,9.04269
2015-07-29T05:50:20.000000Z,9.0514,9.04263
2015-07-29T05:50:30.000000Z,9.05138,9.04262
2015-07-29T05:50:40.000000Z,9.0513,9.04265
2015-07-29T05:50:50.000000Z,9.0513,9.04274
2015-07-29T05:51:00.000000Z,9.0513,9.04268
2015-07-29T05:51:10.000000Z,9.0513,9.0427
2015-07-29T05:51:20.000000Z,9.0513,9.0427
2015-07-29T05:51:30.000000Z,9.0513,9.04268
2015-07-29T05:51:40.000000Z,9.0513,9.04271
2015-07-29T05:52:00.000000Z,9.0513,9.0427
2015-07-29T05:52:10.000000Z,9.0513,9.04258
2015-07-29T05:52:30.000000Z,9.0513,9.04258
2015-07-29T05:52:40.000000Z,9.0513,9.0427
2015-07-29T05:53:00.000000Z,9.0514,9.04278
2015-07-29T05:53:20.000000Z,9.0514,9.04281
2015-07-29T05:53:30.000000Z,9.0514,9.04281
2015-07-29T05:53:40.000000Z,9.0513,9.04282
2015-07-29T05:53:50.000000Z,9.0513,9.04281
2015-07-29T05:54:00.000000Z,9.0513,9.04278
2015-07-29T05:54:10.000000Z,9.0513,9.04281
2015-07-29T05:54:20.000000Z,9.0513,9.04281
2015-07-29T05:54:30.000000Z,9.0513,9.04281
2015-07-29T05:54:40.000000Z,9.0513,9.04277
2015-07-29T05:54:50.000000Z,9.0513,9.04273
2015-07-29T05:55:00.000000Z,9.0513,9.04283
2015-07-29T05:55:10.000000Z,9.05112,9.04292
2015-07-29T05:55:20.000000Z,9.05112,9.04279
2015-07-29T05:55:30.000000Z,9.05135,9.04268
2015-07-29T05:55:40.000000Z,9.05135,9.04271
2015-07-29T05:55:50.000000Z,9.051,9.0431
2015-07-29T05:56:00.000000Z,9.0509,9.04307
2015-07-29T05:56:20.000000Z,9.0509,9.04312
2015-07-29T05:56:50.000000Z,9.051,9.04297
2015-07-29T05:57:00.000000Z,9.0509,9.04306
2015-07-29T05:57:10.000000Z,9.0509,9.04299
2015-07-29T05:57:20.000000Z,9.04848,9.0419
2015-07-29T05:57:30.000000Z,9.0486,9.04185
2015-07-29T05:57:40.000000Z,9.0486,9.04188
2015-07-29T05:57:50.000000Z,9.04715,9.0402
2015-07-29T05:58:00.000000Z,9.04656,9.03088
2015-07-29T05:58:10.000000Z,9.04403,9.03068
2015-07-29T05:58:20.000000Z,9.04545,9.03373
2015-07-29T05:58:30.000000Z,9.0437,9.03614
2015-07-29T05:58:40.000000Z,9.04236,9.03525
2015-07-29T05:58:50.000000Z,9.04246,9.02969
2015-07-29T05:59:00.000000Z,9.04182,9.03068
2015-07-29T05:59:10.000000Z,9.0417,9.03056
2015-07-29T05:59:20.000000Z,9.04195,9.03049
2015-07-29T05:59:30.000000Z,9.042,9.03201
2015-07-29T05:59:40.000000Z,9.042,9.03225
2015-07-29T05:59:50.000000Z,9.04195,9.03113
2015-07-29T06:00:00.000000Z,9.04098,9.03213
2015-07-29T06:00:10.000000Z,9.041,9.03205
2015-07-29T06:00:20.000000Z,9.041,9.03218
2015-07-29T06:00:30.000000Z,9.04125,9.03243
2015-07-29T06:00:40.000000Z,9.04162,9.03405
2015-07-29T06:00:50.000000Z,9.04154,9.03393
2015-07-29T06:01:00.000000Z,9.04715,9.03714
2015-07-29T06:01:10.000000Z,9.04694,9.03752
2015-07-29T06:01:20.000000Z,9.04754,9.03861
2015-07-29T06:01:30.000000Z,9.04948,9.04045
2015-07-29T06:01:40.000000Z,9.04945,9.04045
2015-07-29T06:01:50.000000Z,9.04963,9.04045
2015-07-29T06:02:00.000000Z,9.04954,9.04074
2015-07-29T06:02:10.000000Z,9.04951,9.04074
2015-07-29T06:02:20.000000Z,9.04963,9.04067
2015-07-29T06:02:30.000000Z,9.04956,9.0407
2015-07-29T06:02:40.000000Z,9.04968,9.04075
2015-07-29T06:02:50.000000Z,9.04977,9.04089
2015-07-29T06:03:00.000000Z,9.05092,9.04193
2015-07-29T06:03:10.000000Z,9.05028,9.04148
2015-07-29T06:03:20.000000Z,9.05193,9.0431
2015-07-29T06:03:30.000000Z,9.05193,9.042
2015-07-29T06:03:40.000000Z,9.05219,9.04214
2015-07-29T06:03:50.000000Z,9.05162,9.04298
2015-07-29T06:04:00.000000Z,9.05139,9.04279
2015-07-29T06:04:10.000000Z,9.05141,9.04279
2015-07-29T06:04:20.000000Z,9.05142,9.04271
2015-07-29T06:04:30.000000Z,9.05155,9.04264
2015-07-29T06:04:40.000000Z,9.05158,9.04285
2015-07-29T06:04:50.000000Z,9.05153,9.04278
2015-07-29T06:05:00.000000Z,9.05064,9.04178
2015-07-29T06:05:10.000000Z,9.0494,9.04217
2015-07-29T06:05:20.000000Z,9.0521,9.04134
2015-07-29T06:05:30.000000Z,9.05145,9.04201
2015-07-29T06:05:40.000000Z,9.0514,9.04201
2015-07-29T06:05:50.000000Z,9.05136,9.04211
2015-07-29T06:06:00.000000Z,9.05133,9.04211
2015-07-29T06:06:10.000000Z,9.05149,9.04211
2015-07-29T06:06:20.000000Z,9.05147,9.04211
2015-07-29T06:06:30.000000Z,9.05155,9.04218
2015-07-29T06:06:40.000000Z,9.05147,9.04227
2015-07-29T06:06:50.000000Z,9.05156,9.04238
2015-07-29T06:07:00.000000Z,9.05196,9.04333
2015-07-29T06:07:10.000000Z,9.05211,9.04368
2015-07-29T06:07:20.000000Z,9.05228,9.04342
2015-07-29T06:07:30.000000Z,9.0518,9.04342
2015-07-29T06:07:40.000000Z,9.05187,9.0434
2015-07-29T06:07:50.000000Z,9.05176,9.043
2015-07-29T06:08:00.000000Z,9.05181,9.04294
2015-07-29T06:08:10.000000Z,9.05181,9.04294
2015-07-29T06:08:20.000000Z,9.05181,9.04294
2015-07-29T06:08:30.000000Z,9.05179,9.04302
2015-07-29T06:08:40.000000Z,9.05181,9.04304
2015-07-29T06:08:50.000000Z,9.0518,9.04279
2015-07-29T06:09:00.000000Z,9.05769,9.04591
2015-07-29T06:09:10.000000Z,9.05573,9.04653
2015-07-29T06:09:20.000000Z,9.05558,9.04643
2015-07-29T06:09:30.000000Z,9.05615,9.04455
2015-07-29T06:09:40.000000Z,9.05337,9.04335
2015-07-29T06:09:50.000000Z,9.05369,9.04491
2015-07-29T06:10:00.000000Z,9.05381,9.04479
2015-07-29T06:10:10.000000Z,9.05403,9.043
2015-07-29T06:10:20.000000Z,9.0536,9.04326
2015-07-29T06:10:30.000000Z,9.05326,9.04352
2015-07-29T06:10:40.000000Z,9.05248,9.04296
2015-07-29T06:10:50.000000Z,9.05424,9.04273
2015-07-29T06:11:00.000000Z,9.05341,9.04375
2015-07-29T06:11:10.000000Z,9.05375,9.04375
2015-07-29T06:11:20.000000Z,9.05365,9.04431
2015-07-29T06:11:30.000000Z,9.05747,9.04648
2015-07-29T06:11:40.000000Z,9.05565,9.04392
2015-07-29T06:11:50.000000Z,9.06101,9.04794
2015-07-29T06:12:00.000000Z,9.05747,9.04544
2015-07-29T06:12:10.000000Z,9.05747,9.04533
2015-07-29T06:12:20.000000Z,9.0576,9.04524
2015-07-29T06:12:30.000000Z,9.05684,9.04594
2015-07-29T06:12:40.000000Z,9.05654,9.04582
2015-07-29T06:12:50.000000Z,9.05311,9.04352
2015-07-29T06:13:00.000000Z,9.05706,9.045
2015-07-29T06:13:10.000000Z,9.0569,9.04577
2015-07-29T06:13:20.000000Z,9.06282,9.04891
2015-07-29T06:13:30.000000Z,9.06505,9.05277
2015-07-29T06:13:40.000000Z,9.06727,9.05638
2015-07-29T06:13:50.000000Z,9.06727,9.05596
2015-07-29T06:14:00.000000Z,9.06707,9.05564
2015-07-29T06:14:10.000000Z,9.06783,9.05448
2015-07-29T06:14:20.000000Z,9.06767,9.05706
2015-07-29T06:14:30.000000Z,9.0682,9.05418
2015-07-29T06:14:40.000000Z,9.06677,9.05434
2015-07-29T06:14:50.000000Z,9.06659,9.05451
2015-07-29T06:15:00.000000Z,9.06476,9.05591
2015-07-29T06:15:10.000000Z,9.06489,9.05649
2015-07-29T06:15:20.000000Z,9.0636,9.05522
2015-07-29T06:15:30.000000Z,9.0641,9.05542
2015-07-29T06:15:40.000000Z,9.06357,9.05523
2015-07-29T06:15:50.000000Z,9.06245,9.05439
2015-07-29T06:16:00.000000Z,9.06167,9.05067
2015-07-29T06:16:10.000000Z,9.06234,9.05306
2015-07-29T06:16:20.000000Z,9.0639,9.05582
2015-07-29T06:16:30.000000Z,9.06347,9.05595
2015-07-29T06:16:40.000000Z,9.06219,9.05138
2015-07-29T06:16:50.000000Z,9.06269,9.05316
2015-07-29T06:17:00.000000Z,9.06175,9.05402
2015-07-29T06:17:10.000000Z,9.06195,9.05417
2015-07-29T06:17:20.000000Z,9.06181,9.05403
2015-07-29T06:17:30.000000Z,9.05875,9.05418
2015-07-29T06:17:40.000000Z,9.05865,9.05419
2015-07-29T06:17:50.000000Z,9.06024,9.05473
2015-07-29T06:18:00.000000Z,9.05922,9.0513
2015-07-29T06:18:10.000000Z,9.059,9.05068
2015-07-29T06:18:20.000000Z,9.05998,9.05309
2015-07-29T06:18:30.000000Z,9.05811,9.05059
2015-07-29T06:18:40.000000Z,9.05748,9.051
2015-07-29T06:18:50.000000Z,9.05535,9.04906
2015-07-29T06:19:00.000000Z,9.0554,9.04777
2015-07-29T06:19:10.000000Z,9.05532,9.04761
2015-07-29T06:19:20.000000Z,9.05523,9.05109
2015-07-29T06:19:30.000000Z,9.05516,9.05121
2015-07-29T06:19:40.000000Z,9.05517,9.05097
2015-07-29T06:19:50.000000Z,9.05523,9.0509
2015-07-29T06:20:00.000000Z,9.05527,9.05105
2015-07-29T06:20:10.000000Z,9.05533,9.05077
2015-07-29T06:20:20.000000Z,9.05533,9.0508
2015-07-29T06:20:30.000000Z,9.05523,9.05071
2015-07-29T06:20:40.000000Z,9.05517,9.05081
2015-07-29T06:20:50.000000Z,9.05527,9.05086
2015-07-29T06:21:00.000000Z,9.05527,9.05109
2015-07-29T06:21:10.000000Z,9.0556,9.05132
2015-07-29T06:21:20.000000Z,9.05595,9.0521
2015-07-29T06:21:30.000000Z,9.05591,9.05079
2015-07-29T06:21:40.000000Z,9.05575,9.05072
2015-07-29T06:21:50.000000Z,9.05575,9.05036
2015-07-29T06:22:00.000000Z,9.05575,9.05038
2015-07-29T06:22:10.000000Z,9.05575,9.05044
2015-07-29T06:22:20.000000Z,9.05575,9.05046
2015-07-29T06:22:30.000000Z,9.05575,9.05073
2015-07-29T06:22:40.000000Z,9.05572,9.05047
2015-07-29T06:22:50.000000Z,9.05572,9.05036
2015-07-29T06:23:00.000000Z,9.05575,9.05093
2015-07-29T06:23:10.000000Z,9.05599,9.051
2015-07-29T06:23:20.000000Z,9.05571,9.05067
2015-07-29T06:23:30.000000Z,9.05568,9.05046
2015-07-29T06:23:40.000000Z,9.0557,9.05061
2015-07-29T06:23:50.000000Z,9.05572,9.0506
2015-07-29T06:24:00.000000Z,9.05557,9.05063
2015-07-29T06:24:10.000000Z,9.05568,9.05072
2015-07-29T06:24:20.000000Z,9.0556,9.05081
2015-07-29T06:24:30.000000Z,9.05553,9.05074
2015-07-29T06:24:40.000000Z,9.05539,9.05094
2015-07-29T06:24:50.000000Z,9.05569,9.0507
2015-07-29T06:25:00.000000Z,9.05562,9.05055
2015-07-29T06:25:10.000000Z,9.05572,9.05055
2015-07-29T06:25:20.000000Z,9.0556,9.05069
2015-07-29T06:25:30.000000Z,9.05559,9.05067
2015-07-29T06:25:40.000000Z,9.05543,9.0506
2015-07-29T06:25:50.000000Z,9.05542,9.05053
2015-07-29T06:26:00.000000Z,9.05564,9.05036
2015-07-29T06:26:10.000000Z,9.05527,9.04792
2015-07-29T06:26:20.000000Z,9.0553,9.04802
2015-07-29T06:26:30.000000Z,9.05448,9.04648
2015-07-29T06:26:40.000000Z,9.05248,9.04365
2015-07-29T06:26:50.000000Z,9.05259,9.04296
2015-07-29T06:27:00.000000Z,9.04872,9.041
2015-07-29T06:27:10.000000Z,9.04873,9.04097
2015-07-29T06:27:20.000000Z,9.04864,9.04097
2015-07-29T06:27:30.000000Z,9.04769,9.04097
2015-07-29T06:27:40.000000Z,9.0476,9.04098
2015-07-29T06:27:50.000000Z,9.04747,9.04104
2015-07-29T06:28:00.000000Z,9.04752,9.0409
2015-07-29T06:28:10.000000Z,9.04764,9.04104
2015-07-29T06:28:20.000000Z,9.04778,9.04104
2015-07-29T06:28:30.000000Z,9.04774,9.0412
2015-07-29T06:28:40.000000Z,9.04765,9.04096
2015-07-29T06:28:50.000000Z,9.04742,9.04104
2015-07-29T06:29:00.000000Z,9.04767,9.0412
2015-07-29T06:29:10.000000Z,9.04768,9.04115
2015-07-29T06:29:20.000000Z,9.04765,9.04118
2015-07-29T06:29:30.000000Z,9.04767,9.0412
2015-07-29T06:29:40.000000Z,9.0476,9.0412
2015-07-29T06:29:50.000000Z,9.04765,9.0411
2015-07-29T06:30:00.000000Z,9.04722,9.0412
2015-07-29T06:30:10.000000Z,9.04711,9.0414
2015-07-29T06:30:20.000000Z,9.04723,9.04129
2015-07-29T06:30:30.000000Z,9.04739,9.04223
2015-07-29T06:30:40.000000Z,9.05052,9.04333
2015-07-29T06:30:50.000000Z,9.05052,9.04325
2015-07-29T06:31:00.000000Z,9.05057,9.04341
2015-07-29T06:31:10.000000Z,9.05052,9.04339
2015-07-29T06:31:20.000000Z,9.0507,9.04337
2015-07-29T06:31:30.000000Z,9.0508,9.0433
2015-07-29T06:31:40.000000Z,9.05048,9.04323
2015-07-29T06:31:50.000000Z,9.05048,9.04326
2015-07-29T06:32:00.000000Z,9.05048,9.04323
2015-07-29T06:32:10.000000Z,9.05048,9.04324
2015-07-29T06:32:20.000000Z,9.05052,9.04334
2015-07-29T06:32:30.000000Z,9.05078,9.04351
2015-07-29T06:32:40.000000Z,9.05068,9.0435
2015-07-29T06:32:50.000000Z,9.05032,9.04352
2015-07-29T06:33:00.000000Z,9.05009,9.04357
2015-07-29T06:33:10.000000Z,9.05005,9.04348
2015-07-29T06:33:20.000000Z,9.05005,9.04362
2015-07-29T06:33:30.000000Z,9.05005,9.04301
2015-07-29T06:33:40.000000Z,9.05026,9.04341
2015-07-29T06:33:50.000000Z,9.05028,9.04353
2015-07-29T06:34:00.000000Z,9.05017,9.04385
2015-07-29T06:34:10.000000Z,9.05005,9.04362
2015-07-29T06:34:20.000000Z,9.05005,9.04362
2015-07-29T06:34:30.000000Z,9.05014,9.0435
2015-07-29T06:34:40.000000Z,9.04995,9.04377
2015-07-29T06:34:50.000000Z,9.05012,9.04376
2015-07-29T06:35:00.000000Z,9.05012,9.04378
2015-07-29T06:35:10.000000Z,9.05012,9.0438
2015-07-29T06:35:30.000000Z,9.05012,9.04393
2015-07-29T06:35:40.000000Z,9.05224,9.04391
2015-07-29T06:35:50.000000Z,9.05228,9.04407
2015-07-29T06:36:00.000000Z,9.05257,9.04429
2015-07-29T06:36:10.000000Z,9.052,9.04437
2015-07-29T06:36:20.000000Z,9.04989,9.04665
2015-07-29T06:36:30.000000Z,9.04978,9.04628
2015-07-29T06:36:40.000000Z,9.04964,9.04617
2015-07-29T06:36:50.000000Z,9.05004,9.04651
2015-07-29T06:37:00.000000Z,9.05025,9.04639
2015-07-29T06:37:10.000000Z,9.04983,9.04598
2015-07-29T06:37:20.000000Z,9.05019,9.04573
2015-07-29T06:37:30.000000Z,9.04958,9.04551
2015-07-29T06:37:40.000000Z,9.05047,9.0448
2015-07-29T06:37:50.000000Z,9.0487,9.04507
2015-07-29T06:38:00.000000Z,9.04946,9.04493
2015-07-29T06:38:10.000000Z,9.04941,9.04493
2015-07-29T06:38:20.000000Z,9.04943,9.04493
2015-07-29T06:38:30.000000Z,9.04911,9.04497
2015-07-29T06:38:40.000000Z,9.04922,9.0449
2015-07-29T06:38:50.000000Z,9.04956,9.04501
2015-07-29T06:39:00.000000Z,9.04908,9.04496
2015-07-29T06:39:10.000000Z,9.04859,9.04507
2015-07-29T06:39:20.000000Z,9.04905,9.04497
2015-07-29T06:39:30.000000Z,9.04877,9.04495
2015-07-29T06:39:40.000000Z,9.04895,9.04495
2015-07-29T06:39:50.000000Z,9.0495,9.0449
2015-07-29T06:40:00.000000Z,9.04915,9.04492
2015-07-29T06:40:10.000000Z,9.04983,9.04507
2015-07-29T06:40:20.000000Z,9.04953,9.04497
2015-07-29T06:40:30.000000Z,9.04941,9.04498
2015-07-29T06:40:40.000000Z,9.0486,9.04498
2015-07-29T06:40:50.000000Z,9.04841,9.04498
2015-07-29T06:41:00.000000Z,9.04904,9.0452
2015-07-29T06:41:10.000000Z,9.04955,9.04497
2015-07-29T06:41:20.000000Z,9.04893,9.04497
2015-07-29T06:41:30.000000Z,9.04918,9.04502
2015-07-29T06:41:40.000000Z,9.04924,9.04512
2015-07-29T06:41:50.000000Z,9.04944,9.04512
2015-07-29T06:42:00.000000Z,9.04964,9.04547
2015-07-29T06:42:10.000000Z,9.04948,9.04529
2015-07-29T06:42:20.000000Z,9.0499,9.04502
2015-07-29T06:42:30.000000Z,9.0489,9.04524
2015-07-29T06:42:40.000000Z,9.04957,9.04515
2015-07-29T06:42:50.000000Z,9.04947,9.04521
2015-07-29T06:43:00.000000Z,9.04891,9.04504
2015-07-29T06:43:10.000000Z,9.04824,9.04453
2015-07-29T06:43:20.000000Z,9.04815,9.04464
2015-07-29T06:43:30.000000Z,9.04802,9.04472
2015-07-29T06:43:40.000000Z,9.04871,9.0445
2015-07-29T06:43:50.000000Z,9.04896,9.04455
2015-07-29T06:44:00.000000Z,9.04907,9.0457
2015-07-29T06:44:10.000000Z,9.04895,9.04597
2015-07-29T06:44:20.000000Z,9.04921,9.04572
2015-07-29T06:44:30.000000Z,9.04923,9.046
2015-07-29T06:44:40.000000Z,9.04922,9.04628
2015-07-29T06:44:50.000000Z,9.04922,9.04623
2015-07-29T06:45:00.000000Z,9.04921,9.046
2015-07-29T06:45:10.000000Z,9.0493,9.046
2015-07-29T06:45:20.000000Z,9.04928,9.04616
2015-07-29T06:45:30.000000Z,9.04949,9.04606
2015-07-29T06:45:40.000000Z,9.04942,9.04616
2015-07-29T06:45:50.000000Z,9.04944,9.04616
2015-07-29T06:46:00.000000Z,9.04934,9.04615
2015-07-29T06:46:10.000000Z,9.0494,9.04615
2015-07-29T06:46:20.000000Z,9.04938,9.04616
2015-07-29T06:46:30.000000Z,9.04945,9.04597
2015-07-29T06:46:40.000000Z,9.04924,9.0459
2015-07-29T06:46:50.000000Z,9.04938,9.046
2015-07-29T06:47:00.000000Z,9.04927,9.04633
2015-07-29T06:47:10.000000Z,9.04949,9.04614
2015-07-29T06:47:20.000000Z,9.0494,9.04625
2015-07-29T06:47:30.000000Z,9.04942,9.04625
2015-07-29T06:47:40.000000Z,9.04935,9.04624
2015-07-29T06:47:50.000000Z,9.04937,9.04625
2015-07-29T06:48:00.000000Z,9.04939,9.04625
2015-07-29T06:48:10.000000Z,9.0494,9.04625
2015-07-29T06:48:20.000000Z,9.0494,9.04625
2015-07-29T06:48:30.000000Z,9.04938,9.04625
2015-07-29T06:48:40.000000Z,9.04955,9.04637
2015-07-29T06:48:50.000000Z,9.04939,9.0461
2015-07-29T06:49:00.000000Z,9.04958,9.0463
2015-07-29T06:49:10.000000Z,9.04943,9.04632
2015-07-29T06:49:20.000000Z,9.04945,9.04636
2015-07-29T06:49:30.000000Z,9.04954,9.04632
2015-07-29T06:49:40.000000Z,9.04949,9.04625
2015-07-29T06:49:50.000000Z,9.04949,9.04625
2015-07-29T06:50:00.000000Z,9.0495,9.04644
2015-07-29T06:50:10.000000Z,9.04935,9.04646
2015-07-29T06:50:20.000000Z,9.04947,9.04632
2015-07-29T06:50:30.000000Z,9.0509,9.047
2015-07-29T06:50:40.000000Z,9.04993,9.04681
2015-07-29T06:50:50.000000Z,9.04929,9.04639
2015-07-29T06:51:00.000000Z,9.04858,9.04579
2015-07-29T06:51:10.000000Z,9.04883,9.04595
2015-07-29T06:51:20.000000Z,9.0492,9.04575
2015-07-29T06:51:30.000000Z,9.04885,9.04572
2015-07-29T06:51:40.000000Z,9.04891,9.04578
2015-07-29T06:51:50.000000Z,9.04861,9.04589
2015-07-29T06:52:00.000000Z,9.04929,9.04605
2015-07-29T06:52:10.000000Z,9.04893,9.04605
2015-07-29T06:52:20.000000Z,9.04923,9.04605
2015-07-29T06:52:30.000000Z,9.04937,9.04605
2015-07-29T06:52:40.000000Z,9.04923,9.04599
2015-07-29T06:52:50.000000Z,9.04899,9.04582
2015-07-29T06:53:00.000000Z,9.04877,9.04584
2015-07-29T06:53:10.000000Z,9.04808,9.04145
2015-07-29T06:53:20.000000Z,9.04614,9.04223
2015-07-29T06:53:30.000000Z,9.0461,9.04265
2015-07-29T06:53:40.000000Z,9.04593,9.04292
2015-07-29T06:53:50.000000Z,9.04533,9.04215
2015-07-29T06:54:00.000000Z,9.04581,9.04284
2015-07-29T06:54:10.000000Z,9.04586,9.04276
2015-07-29T06:54:20.000000Z,9.0459,9.04261
2015-07-29T06:54:30.000000Z,9.04581,9.04288
2015-07-29T06:54:40.000000Z,9.04593,9.04288
2015-07-29T06:54:50.000000Z,9.0463,9.04268
2015-07-29T06:55:00.000000Z,9.04608,9.04287
2015-07-29T06:55:10.000000Z,9.04642,9.04273
2015-07-29T06:55:20.000000Z,9.04634,9.04282
2015-07-29T06:55:30.000000Z,9.04642,9.04287
2015-07-29T06:55:40.000000Z,9.04623,9.04292
2015-07-29T06:55:50.000000Z,9.04628,9.04292
2015-07-29T06:56:00.000000Z,9.04628,9.04299
2015-07-29T06:56:10.000000Z,9.04627,9.043
2015-07-29T06:56:20.000000Z,9.04627,9.04292
2015-07-29T06:56:30.000000Z,9.04627,9.04299
2015-07-29T06:56:40.000000Z,9.04627,9.04286
2015-07-29T06:56:50.000000Z,9.04622,9.04298
2015-07-29T06:57:00.000000Z,9.04636,9.04285
2015-07-29T06:57:10.000000Z,9.04622,9.04275
2015-07-29T06:57:20.000000Z,9.04608,9.04281
2015-07-29T06:57:30.000000Z,9.04598,9.04254
2015-07-29T06:57:40.000000Z,9.04588,9.04264
2015-07-29T06:57:50.000000Z,9.04576,9.04266
2015-07-29T06:58:00.000000Z,9.04606,9.04297
2015-07-29T06:58:10.000000Z,9.04589,9.04298
2015-07-29T06:58:20.000000Z,9.04615,9.04289
2015-07-29T06:58:30.000000Z,9.04644,9.04297
2015-07-29T06:58:40.000000Z,9.04629,9.04287
2015-07-29T06:58:50.000000Z,9.04628,9.04293
2015-07-29T06:59:00.000000Z,9.04609,9.04303
2015-07-29T06:59:10.000000Z,9.04606,9.04294
2015-07-29T06:59:20.000000Z,9.04626,9.04299
2015-07-29T06:59:30.000000Z,9.04617,9.04279
2015-07-29T06:59:40.000000Z,9.05222,9.03097
2015-07-29T06:59:50.000000Z,9.0499,9.03604
2015-07-29T07:00:00.000000Z,9.04716,9.04303
2015-07-29T07:00:10.000000Z,9.04766,9.04284
2015-07-29T07:00:20.000000Z,9.05591,9.04301
2015-07-29T07:00:30.000000Z,9.05678,9.04686
2015-07-29T07:00:40.000000Z,9.05658,9.0478
2015-07-29T07:00:50.000000Z,9.05456,9.04759
2015-07-29T07:01:00.000000Z,9.05536,9.0465
2015-07-29T07:01:10.000000Z,9.05253,9.0481
2015-07-29T07:01:20.000000Z,9.05353,9.04335
2015-07-29T07:01:30.000000Z,9.05509,9.0459
2015-07-29T07:01:40.000000Z,9.05473,9.04701
2015-07-29T07:01:50.000000Z,9.05544,9.04901
2015-07-29T07:02:00.000000Z,9.05284,9.04905
2015-07-29T07:02:10.000000Z,9.05179,9.04831
2015-07-29T07:02:20.000000Z,9.05406,9.04527
2015-07-29T07:02:30.000000Z,9.05334,9.04979
2015-07-29T07:02:40.000000Z,9.05061,9.04699
2015-07-29T07:02:50.000000Z,9.0527,9.04321
2015-07-29T07:03:00.000000Z,9.04903,9.03999
2015-07-29T07:03:10.000000Z,9.04589,9.04232
2015-07-29T07:03:20.000000Z,9.0513,9.04401
2015-07-29T07:03:30.000000Z,9.0512,9.04505
2015-07-29T07:03:40.000000Z,9.0517,9.04484
2015-07-29T07:03:50.000000Z,9.05428,9.04567
2015-07-29T07:04:00.000000Z,9.05359,9.04523
2015-07-29T07:04:10.000000Z,9.0508,9.04707
2015-07-29T07:04:20.000000Z,9.0532,9.04592
2015-07-29T07:04:30.000000Z,9.05335,9.04656
2015-07-29T07:04:40.000000Z,9.0533,9.04627
2015-07-29T07:04:50.000000Z,9.05381,9.04633
2015-07-29T07:05:00.000000Z,9.05117,9.04812
2015-07-29T07:05:10.000000Z,9.05165,9.04832
2015-07-29T07:05:20.000000Z,9.05334,9.05001
2015-07-29T07:05:30.000000Z,9.05327,9.04959
2015-07-29T07:05:40.000000Z,9.053,9.04945
2015-07-29T07:05:50.000000Z,9.0535,9.04955
2015-07-29T07:06:00.000000Z,9.05315,9.04941
2015-07-29T07:06:10.000000Z,9.05313,9.04964
2015-07-29T07:06:20.000000Z,9.05308,9.0493
2015-07-29T07:06:30.000000Z,9.05272,9.04932
2015-07-29T07:06:40.000000Z,9.05291,9.04936
2015-07-29T07:06:50.000000Z,9.0525,9.04891
2015-07-29T07:07:00.000000Z,9.0523,9.04906
2015-07-29T07:07:10.000000Z,9.05261,9.04889
2015-07-29T07:07:20.000000Z,9.05303,9.04889
2015-07-29T07:07:30.000000Z,9.05248,9.04894
2015-07-29T07:07:40.000000Z,9.0519,9.04877
2015-07-29T07:07:50.000000Z,9.05236,9.04853
2015-07-29T07:08:00.000000Z,9.05288,9.04879
2015-07-29T07:08:10.000000Z,9.05305,9.04878
2015-07-29T07:08:20.000000Z,9.05299,9.04874
2015-07-29T07:08:30.000000Z,9.0512,9.04831
2015-07-29T07:08:40.000000Z,9.0512,9.04824
2015-07-29T07:08:50.000000Z,9.05104,9.04813
2015-07-29T07:09:00.000000Z,9.05104,9.04814
2015-07-29T07:09:10.000000Z,9.05114,9.04771
2015-07-29T07:09:20.000000Z,9.051,9.04768
2015-07-29T07:09:30.000000Z,9.0508,9.04791
2015-07-29T07:09:40.000000Z,9.05111,9.04809
2015-07-29T07:09:50.000000Z,9.05155,9.04811
2015-07-29T07:10:00.000000Z,9.05167,9.04856
2015-07-29T07:10:10.000000Z,9.05146,9.04805
2015-07-29T07:10:20.000000Z,9.05107,9.04792
2015-07-29T07:10:30.000000Z,9.0541,9.0475
2015-07-29T07:10:40.000000Z,9.05208,9.04762
2015-07-29T07:10:50.000000Z,9.0537,9.0476
2015-07-29T07:11:00.000000Z,9.05304,9.04767
2015-07-29T07:11:10.000000Z,9.05221,9.04796
2015-07-29T07:11:20.000000Z,9.0538,9.04665
2015-07-29T07:11:30.000000Z,9.05393,9.04648
2015-07-29T07:11:40.000000Z,9.05385,9.04676
2015-07-29T07:11:50.000000Z,9.05105,9.04771
2015-07-29T07:12:00.000000Z,9.05175,9.04847
2015-07-29T07:12:10.000000Z,9.05158,9.04796
2015-07-29T07:12:20.000000Z,9.05074,9.04784
2015-07-29T07:12:30.000000Z,9.05117,9.04784
2015-07-29T07:12:40.000000Z,9.05101,9.04784
2015-07-29T07:12:50.000000Z,9.05081,9.04786
2015-07-29T07:13:00.000000Z,9.05097,9.04772
2015-07-29T07:13:10.000000Z,9.05076,9.04766
2015-07-29T07:13:20.000000Z,9.05061,9.04704
2015-07-29T07:13:30.000000Z,9.05045,9.0474
2015-07-29T07:13:40.000000Z,9.05085,9.0479
2015-07-29T07:13:50.000000Z,9.05109,9.04806
2015-07-29T07:14:00.000000Z,9.05113,9.04824
2015-07-29T07:14:10.000000Z,9.05117,9.04828
2015-07-29T07:14:20.000000Z,9.05114,9.04806
2015-07-29T07:14:30.000000Z,9.05087,9.04798
2015-07-29T07:14:40.000000Z,9.05107,9.04787
2015-07-29T07:14:50.000000Z,9.05107,9.04765
2015-07-29T07:15:00.000000Z,9.05087,9.04788
2015-07-29T07:15:10.000000Z,9.05104,9.04781
2015-07-29T07:15:20.000000Z,9.05116,9.04767
2015-07-29T07:15:30.000000Z,9.05101,9.04772
2015-07-29T07:15:40.000000Z,9.05119,9.04772
2015-07-29T07:15:50.000000Z,9.05121,9.04773
2015-07-29T07:16:00.000000Z,9.05123,9.04765
2015-07-29T07:16:10.000000Z,9.05093,9.0477
2015-07-29T07:16:20.000000Z,9.05113,9.0478
2015-07-29T07:16:30.000000Z,9.05089,9.0477
2015-07-29T07:16:40.000000Z,9.05122,9.0478
2015-07-29T07:16:50.000000Z,9.0511,9.04787
2015-07-29T07:17:00.000000Z,9.05118,9.04787
2015-07-29T07:17:10.000000Z,9.05105,9.04765
2015-07-29T07:17:20.000000Z,9.0511,9.04772
2015-07-29T07:17:30.000000Z,9.05128,9.0479
2015-07-29T07:17:40.000000Z,9.0508,9.04774
2015-07-29T07:17:50.000000Z,9.05078,9.04774
2015-07-29T07:18:00.000000Z,9.05106,9.04788
2015-07-29T07:18:10.000000Z,9.05255,9.04936
2015-07-29T07:18:20.000000Z,9.05154,9.04799
2015-07-29T07:18:30.000000Z,9.0503,9.04719
2015-07-29T07:18:40.000000Z,9.04988,9.04693
2015-07-29T07:18:50.000000Z,9.04991,9.04682
2015-07-29T07:19:00.000000Z,9.0482,9.04454
2015-07-29T07:19:10.000000Z,9.04564,9.04115
2015-07-29T07:19:20.000000Z,9.04541,9.04196
2015-07-29T07:19:30.000000Z,9.04489,9.04137
2015-07-29T07:19:40.000000Z,9.04472,9.04166
2015-07-29T07:19:50.000000Z,9.04557,9.04194
2015-07-29T07:20:00.000000Z,9.04522,9.04193
2015-07-29T07:20:10.000000Z,9.04498,9.04206
2015-07-29T07:20:20.000000Z,9.04762,9.04445
2015-07-29T07:20:30.000000Z,9.04768,9.04437
2015-07-29T07:20:40.000000Z,9.048,9.0445
2015-07-29T07:20:50.000000Z,9.04763,9.04434
2015-07-29T07:21:00.000000Z,9.04874,9.04523
2015-07-29T07:21:10.000000Z,9.04745,9.04391
2015-07-29T07:21:20.000000Z,9.04679,9.04342
2015-07-29T07:21:30.000000Z,9.0472,9.04394
2015-07-29T07:21:40.000000Z,9.04824,9.04424
2015-07-29T07:21:50.000000Z,9.04813,9.0443
2015-07-29T07:22:00.000000Z,9.04749,9.04442
2015-07-29T07:22:10.000000Z,9.0473,9.0443
2015-07-29T07:22:20.000000Z,9.0462,9.04257
2015-07-29T07:22:30.000000Z,9.04577,9.04261
2015-07-29T07:22:40.000000Z,9.04542,9.04225
2015-07-29T07:22:50.000000Z,9.04532,9.0423
2015-07-29T07:23:00.000000Z,9.04537,9.04227
2015-07-29T07:23:10.000000Z,9.04542,9.04228
2015-07-29T07:23:20.000000Z,9.04537,9.0423
2015-07-29T07:23:30.000000Z,9.04552,9.04222
2015-07-29T07:23:40.000000Z,9.04541,9.04233
2015-07-29T07:23:50.000000Z,9.04548,9.04233
2015-07-29T07:24:00.000000Z,9.04512,9.04236
2015-07-29T07:24:10.000000Z,9.04511,9.0423
2015-07-29T07:24:20.000000Z,9.04495,9.04189
2015-07-29T07:24:30.000000Z,9.04472,9.04157
2015-07-29T07:24:40.000000Z,9.04501,9.04229
2015-07-29T07:24:50.000000Z,9.04486,9.04203
2015-07-29T07:25:00.000000Z,9.04407,9.04116
2015-07-29T07:25:10.000000Z,9.04014,9.03679
2015-07-29T07:25:20.000000Z,9.0402,9.03687
2015-07-29T07:25:30.000000Z,9.04036,9.0369
2015-07-29T07:25:40.000000Z,9.04024,9.03682
2015-07-29T07:25:50.000000Z,9.03992,9.03675
2015-07-29T07:26:00.000000Z,9.0401,9.03692
2015-07-29T07:26:10.000000Z,9.04011,9.03693
2015-07-29T07:26:20.000000Z,9.0396,9.0367
2015-07-29T07:26:30.000000Z,9.03989,9.03697
2015-07-29T07:26:40.000000Z,9.03902,9.03616
2015-07-29T07:26:50.000000Z,9.03959,9.0364
2015-07-29T07:27:00.000000Z,9.03824,9.03554
2015-07-29T07:27:10.000000Z,9.03663,9.03334
2015-07-29T07:27:20.000000Z,9.03678,9.03148
2015-07-29T07:27:30.000000Z,9.03425,9.03116
2015-07-29T07:27:40.000000Z,9.03236,9.02877
2015-07-29T07:27:50.000000Z,9.02957,9.02579
2015-07-29T07:28:00.000000Z,9.02971,9.02641
2015-07-29T07:28:10.000000Z,9.03315,9.02537
2015-07-29T07:28:20.000000Z,9.03026,9.02674
2015-07-29T07:28:30.000000Z,9.03068,9.02706
2015-07-29T07:28:40.000000Z,9.03076,9.02735
2015-07-29T07:28:50.000000Z,9.03084,9.02786
2015-07-29T07:29:00.000000Z,9.0309,9.0281
2015-07-29T07:29:10.000000Z,9.03125,9.02789
2015-07-29T07:29:20.000000Z,9.03144,9.02758
2015-07-29T07:29:30.000000Z,9.03125,9.02766
2015-07-29T07:29:40.000000Z,9.03243,9.02948
2015-07-29T07:29:50.000000Z,9.03317,9.0302
2015-07-29T07:30:00.000000Z,9.03344,9.02778
2015-07-29T07:30:10.000000Z,9.03736,9.03397
2015-07-29T07:30:20.000000Z,9.03735,9.03378
2015-07-29T07:30:30.000000Z,9.03683,9.03392
2015-07-29T07:30:40.000000Z,9.03788,9.03257
2015-07-29T07:30:50.000000Z,9.03633,9.03274
2015-07-29T07:31:00.000000Z,9.03732,9.03375
2015-07-29T07:31:10.000000Z,9.0349,9.03201
2015-07-29T07:31:20.000000Z,9.03569,9.0321
2015-07-29T07:31:30.000000Z,9.0367,9.0339
2015-07-29T07:31:40.000000Z,9.03694,9.03394
2015-07-29T07:31:50.000000Z,9.03659,9.03355
2015-07-29T07:32:00.000000Z,9.03642,9.03353
2015-07-29T07:32:10.000000Z,9.03692,9.03387
2015-07-29T07:32:20.000000Z,9.03532,9.03275
2015-07-29T07:32:30.000000Z,9.03577,9.03245
2015-07-29T07:32:40.000000Z,9.03557,9.03277
2015-07-29T07:32:50.000000Z,9.03604,9.03303
2015-07-29T07:33:00.000000Z,9.03562,9.03356
2015-07-29T07:33:10.000000Z,9.03567,9.03325
2015-07-29T07:33:20.000000Z,9.03725,9.03405
2015-07-29T07:33:30.000000Z,9.03579,9.03325
2015-07-29T07:33:40.000000Z,9.03562,9.03321
2015-07-29T07:33:50.000000Z,9.03567,9.03323
2015-07-29T07:34:00.000000Z,9.03569,9.03335
2015-07-29T07:34:10.000000Z,9.0357,9.03313
2015-07-29T07:34:20.000000Z,9.0358,9.03325
2015-07-29T07:34:30.000000Z,9.03581,9.03336
2015-07-29T07:34:40.000000Z,9.03677,9.0338
2015-07-29T07:34:50.000000Z,9.03726,9.0341
2015-07-29T07:35:00.000000Z,9.03724,9.03415
2015-07-29T07:35:10.000000Z,9.03726,9.03417
2015-07-29T07:35:20.000000Z,9.03697,9.0342
2015-07-29T07:35:30.000000Z,9.03666,9.03372
2015-07-29T07:35:40.000000Z,9.03521,9.0317
2015-07-29T07:35:50.000000Z,9.03489,9.03207
2015-07-29T07:36:00.000000Z,9.03628,9.03313
2015-07-29T07:36:10.000000Z,9.0354,9.03242
2015-07-29T07:36:20.000000Z,9.03525,9.0321
2015-07-29T07:36:30.000000Z,9.03564,9.03282
2015-07-29T07:36:40.000000Z,9.03567,9.03223
2015-07-29T07:36:50.000000Z,9.03632,9.03319
2015-07-29T07:37:00.000000Z,9.03612,9.03148
2015-07-29T07:37:10.000000Z,9.03613,9.03301
2015-07-29T07:37:20.000000Z,9.03598,9.03255
2015-07-29T07:37:30.000000Z,9.03687,9.03351
2015-07-29T07:37:40.000000Z,9.037,9.03386
2015-07-29T07:37:50.000000Z,9.037,9.03399
2015-07-29T07:38:00.000000Z,9.03685,9.0336
2015-07-29T07:38:10.000000Z,9.03703,9.03377
2015-07-29T07:38:20.000000Z,9.03698,9.03338
2015-07-29T07:38:30.000000Z,9.03679,9.03336
2015-07-29T07:38:40.000000Z,9.03717,9.03368
2015-07-29T07:38:50.000000Z,9.03774,9.03402
2015-07-29T07:39:00.000000Z,9.03734,9.03441
2015-07-29T07:39:10.000000Z,9.03708,9.03374
2015-07-29T07:39:20.000000Z,9.03657,9.03373
2015-07-29T07:39:30.000000Z,9.03659,9.0335
2015-07-29T07:39:40.000000Z,9.03653,9.03361
2015-07-29T07:39:50.000000Z,9.03653,9.03344
2015-07-29T07:40:00.000000Z,9.03642,9.03211
2015-07-29T07:40:10.000000Z,9.03538,9.03255
2015-07-29T07:40:20.000000Z,9.03495,9.03187
2015-07-29T07:40:30.000000Z,9.03551,9.03244
2015-07-29T07:40:40.000000Z,9.03462,9.03177
2015-07-29T07:40:50.000000Z,9.03525,9.03236
2015-07-29T07:41:00.000000Z,9.03542,9.0325
2015-07-29T07:41:10.000000Z,9.03542,9.03261
2015-07-29T07:41:20.000000Z,9.0354,9.0325
2015-07-29T07:41:30.000000Z,9.03556,9.0325
2015-07-29T07:41:40.000000Z,9.03557,9.03277
2015-07-29T07:41:50.000000Z,9.03573,9.03281
2015-07-29T07:42:00.000000Z,9.0356,9.03278
2015-07-29T07:42:10.000000Z,9.0356,9.03264
2015-07-29T07:42:20.000000Z,9.0356,9.03261
2015-07-29T07:42:30.000000Z,9.03553,9.03249
2015-07-29T07:42:40.000000Z,9.03671,9.03331
2015-07-29T07:42:50.000000Z,9.03507,9.03213
2015-07-29T07:43:00.000000Z,9.03507,9.03197
2015-07-29T07:43:10.000000Z,9.03507,9.03203
2015-07-29T07:43:20.000000Z,9.03507,9.03221
2015-07-29T07:43:30.000000Z,9.03507,9.03221
2015-07-29T07:43:40.000000Z,9.03507,9.03239
2015-07-29T07:43:50.000000Z,9.03507,9.03234
2015-07-29T07:44:00.000000Z,9.03518,9.03245
2015-07-29T07:44:10.000000Z,9.03233,9.02879
2015-07-29T07:44:20.000000Z,9.03385,9.02869
2015-07-29T07:44:30.000000Z,9.03277,9.02794
2015-07-29T07:44:40.000000Z,9.03323,9.03017
2015-07-29T07:44:50.000000Z,9.03316,9.02935
2015-07-29T07:45:00.000000Z,9.03356,9.02856
2015-07-29T07:45:10.000000Z,9.03334,9.02817
2015-07-29T07:45:20.000000Z,9.03571,9.02967
2015-07-29T07:45:30.000000Z,9.03516,9.02955
2015-07-29T07:45:40.000000Z,9.03384,9.02905
2015-07-29T07:45:50.000000Z,9.03321,9.02927
2015-07-29T07:46:00.000000Z,9.03242,9.02881
2015-07-29T07:46:10.000000Z,9.03286,9.02933
2015-07-29T07:46:20.000000Z,9.03312,9.02927
2015-07-29T07:46:30.000000Z,9.03394,9.02903
2015-07-29T07:46:40.000000Z,9.03362,9.02933
2015-07-29T07:46:50.000000Z,9.03267,9.02922
2015-07-29T07:47:00.000000Z,9.03282,9.02881
2015-07-29T07:47:10.000000Z,9.03235,9.02919
2015-07-29T07:47:20.000000Z,9.03269,9.02972
2015-07-29T07:47:30.000000Z,9.03184,9.02884
2015-07-29T07:47:40.000000Z,9.03179,9.02871
2015-07-29T07:47:50.000000Z,9.03053,9.02726
2015-07-29T07:48:00.000000Z,9.02926,9.0258
2015-07-29T07:48:10.000000Z,9.02855,9.02527
2015-07-29T07:48:20.000000Z,9.02787,9.02482
2015-07-29T07:48:30.000000Z,9.02825,9.02523
2015-07-29T07:48:40.000000Z,9.02902,9.02613
2015-07-29T07:48:50.000000Z,9.02896,9.02613
2015-07-29T07:49:00.000000Z,9.02915,9.02614
2015-07-29T07:49:10.000000Z,9.02939,9.02632
2015-07-29T07:49:20.000000Z,9.02872,9.02556
2015-07-29T07:49:30.000000Z,9.02875,9.02571
2015-07-29T07:49:40.000000Z,9.02961,9.02657
2015-07-29T07:49:50.000000Z,9.02961,9.02681
2015-07-29T07:50:00.000000Z,9.02937,9.02637
2015-07-29T07:50:10.000000Z,9.02866,9.02455
2015-07-29T07:50:20.000000Z,9.02841,9.02441
2015-07-29T07:50:30.000000Z,9.02649,9.02286
2015-07-29T07:50:40.000000Z,9.02652,9.02281
2015-07-29T07:50:50.000000Z,9.02703,9.02403
2015-07-29T07:51:00.000000Z,9.02754,9.02471
2015-07-29T07:51:10.000000Z,9.02743,9.02463
2015-07-29T07:51:20.000000Z,9.02742,9.02483
2015-07-29T07:51:30.000000Z,9.02765,9.02475
2015-07-29T07:51:40.000000Z,9.02821,9.02529
2015-07-29T07:51:50.000000Z,9.02849,9.02501
2015-07-29T07:52:00.000000Z,9.0277,9.02483
2015-07-29T07:52:10.000000Z,9.0276,9.02466
2015-07-29T07:52:20.000000Z,9.02771,9.02456
2015-07-29T07:52:30.000000Z,9.02776,9.02493
2015-07-29T07:52:40.000000Z,9.02811,9.02516
2015-07-29T07:52:50.000000Z,9.02467,9.02108
2015-07-29T07:53:00.000000Z,9.02404,9.01695
2015-07-29T07:53:10.000000Z,9.02071,9.01788
2015-07-29T07:53:20.000000Z,9.01899,9.01555
2015-07-29T07:53:30.000000Z,9.00943,9.00214
2015-07-29T07:53:40.000000Z,9.00571,8.9976
2015-07-29T07:53:50.000000Z,9.00717,9.00005
2015-07-29T07:54:00.000000Z,9.0082,9.00354
2015-07-29T07:54:10.000000Z,9.0072,9.00388
2015-07-29T07:54:20.000000Z,9.00821,9.0048
2015-07-29T07:54:30.000000Z,9.01008,9.00659
2015-07-29T07:54:40.000000Z,9.01313,9.00674
2015-07-29T07:54:50.000000Z,9.0148,9.0088
2015-07-29T07:55:00.000000Z,9.01063,9.00661
2015-07-29T07:55:10.000000Z,9.00942,9.00601
2015-07-29T07:55:20.000000Z,9.01084,9.00789
2015-07-29T07:55:30.000000Z,9.01154,9.00841
2015-07-29T07:55:40.000000Z,9.01259,9.00945
2015-07-29T07:55:50.000000Z,9.01259,9.00956
2015-07-29T07:56:00.000000Z,9.01444,9.00929
2015-07-29T07:56:10.000000Z,9.01298,9.00964
2015-07-29T07:56:20.000000Z,9.01222,9.00902
2015-07-29T07:56:30.000000Z,9.00985,9.00691
2015-07-29T07:56:40.000000Z,9.00915,9.00616
2015-07-29T07:56:50.000000Z,9.00823,9.00526
2015-07-29T07:57:00.000000Z,9.01445,9.00545
2015-07-29T07:57:10.000000Z,9.01474,9.00623
2015-07-29T07:57:20.000000Z,9.01451,9.00605
2015-07-29T07:57:30.000000Z,9.0137,9.01007
2015-07-29T07:57:40.000000Z,9.01535,9.01218
2015-07-29T07:57:50.000000Z,9.0143,9.01081
2015-07-29T07:58:00.000000Z,9.01405,9.00772
2015-07-29T07:58:10.000000Z,9.01402,9.01057
2015-07-29T07:58:20.000000Z,9.01394,9.01089
2015-07-29T07:58:30.000000Z,9.0136,9.01067
2015-07-29T07:58:40.000000Z,9.01419,9.01098
2015-07-29T07:58:50.000000Z,9.01435,9.0109
2015-07-29T07:59:00.000000Z,9.01487,9.01157
2015-07-29T07:59:10.000000Z,9.02038,9.01072
2015-07-29T07:59:20.000000Z,9.02557,9.0022
2015-07-29T07:59:30.000000Z,9.02519,9.00941
2015-07-29T07:59:40.000000Z,9.02435,9.01035
2015-07-29T07:59:50.000000Z,9.03426,9.00137
2015-07-29T08:00:00.000000Z,9.03991,8.99491
2015-07-29T08:00:10.000000Z,9.02451,9.01033
2015-07-29T08:00:20.000000Z,9.023,9.00144
2015-07-29T08:00:30.000000Z,9.02228,9.0081
2015-07-29T08:00:40.000000Z,9.02176,9.01
2015-07-29T08:00:50.000000Z,9.02259,9.0077
2015-07-29T08:01:00.000000Z,9.02198,9.00891
2015-07-29T08:01:10.000000Z,9.02216,9.01011
2015-07-29T08:01:20.000000Z,9.02245,9.01174
2015-07-29T08:01:30.000000Z,9.02247,9.00923
2015-07-29T08:01:40.000000Z,9.02177,9.00883
2015-07-29T08:01:50.000000Z,9.02172,9.00903
2015-07-29T08:02:00.000000Z,9.02038,9.01217
2015-07-29T08:02:10.000000Z,9.0212,9.01406
2015-07-29T08:02:20.000000Z,9.02092,9.01368
2015-07-29T08:02:30.000000Z,9.02133,9.01422
2015-07-29T08:02:40.000000Z,9.02231,9.01469
2015-07-29T08:02:50.000000Z,9.02567,9.01418
2015-07-29T08:03:00.000000Z,9.02607,9.01619
2015-07-29T08:03:10.000000Z,9.022,9.00862
2015-07-29T08:03:20.000000Z,9.02282,9.01094
2015-07-29T08:03:30.000000Z,9.02232,9.01037
2015-07-29T08:03:40.000000Z,9.01914,9.01197
2015-07-29T08:03:50.000000Z,9.01948,9.01215
2015-07-29T08:04:00.000000Z,9.02163,9.01426
2015-07-29T08:04:10.000000Z,9.02125,9.01397
2015-07-29T08:04:20.000000Z,9.02125,9.01396
2015-07-29T08:04:30.000000Z,9.02125,9.01393
2015-07-29T08:04:40.000000Z,9.0214,9.0139
2015-07-29T08:04:50.000000Z,9.0214,9.0139
2015-07-29T08:05:00.000000Z,9.02232,9.01499
2015-07-29T08:05:10.000000Z,9.02359,9.01554
2015-07-29T08:05:20.000000Z,9.02335,9.01572
2015-07-29T08:05:30.000000Z,9.02429,9.01305
2015-07-29T08:05:40.000000Z,9.02276,9.01518
2015-07-29T08:05:50.000000Z,9.02389,9.01641
2015-07-29T08:06:00.000000Z,9.02444,9.01698
2015-07-29T08:06:10.000000Z,9.0233,9.01523
2015-07-29T08:06:20.000000Z,9.02064,9.01325
2015-07-29T08:06:30.000000Z,9.01814,9.01063
2015-07-29T08:06:40.000000Z,9.01718,9.00984
2015-07-29T08:06:50.000000Z,9.01719,9.01
2015-07-29T08:07:00.000000Z,9.01746,9.01011
2015-07-29T08:07:10.000000Z,9.01733,9.01003
2015-07-29T08:07:20.000000Z,9.01853,9.01112
2015-07-29T08:07:30.000000Z,9.01855,9.01112
2015-07-29T08:07:40.000000Z,9.01856,9.01111
2015-07-29T08:07:50.000000Z,9.01854,9.01111
2015-07-29T08:08:00.000000Z,9.01859,9.01107
2015-07-29T08:08:10.000000Z,9.01872,9.01107
2015-07-29T08:08:20.000000Z,9.01867,9.01115
2015-07-29T08:08:30.000000Z,9.01886,9.01115
2015-07-29T08:08:40.000000Z,9.01883,9.01131
2015-07-29T08:08:50.000000Z,9.01849,9.01117
2015-07-29T08:09:00.000000Z,9.01898,9.01174
2015-07-29T08:09:10.000000Z,9.01928,9.0116
2015-07-29T08:09:20.000000Z,9.01914,9.01203
2015-07-29T08:09:30.000000Z,9.01941,9.01211
2015-07-29T08:09:40.000000Z,9.01941,9.01212
2015-07-29T08:09:50.000000Z,9.01943,9.0121
2015-07-29T08:10:00.000000Z,9.01942,9.01199
2015-07-29T08:10:10.000000Z,9.01926,9.01199
2015-07-29T08:10:20.000000Z,9.01917,9.01204
2015-07-29T08:10:30.000000Z,9.01896,9.01178
2015-07-29T08:10:40.000000Z,9.01915,9.01175
2015-07-29T08:10:50.000000Z,9.01922,9.01207
2015-07-29T08:11:00.000000Z,9.01905,9.01196
2015-07-29T08:11:10.000000Z,9.01905,9.01188
2015-07-29T08:11:20.000000Z,9.01929,9.01197
2015-07-29T08:11:30.000000Z,9.01949,9.01197
2015-07-29T08:11:40.000000Z,9.01923,9.01176
2015-07-29T08:11:50.000000Z,9.01907,9.01193
2015-07-29T08:12:00.000000Z,9.01933,9.01198
2015-07-29T08:12:10.000000Z,9.01932,9.01198
2015-07-29T08:12:20.000000Z,9.01937,9.01196
2015-07-29T08:12:30.000000Z,9.01932,9.01196
2015-07-29T08:12:40.000000Z,9.01938,9.01196
2015-07-29T08:12:50.000000Z,9.02188,9.01359
2015-07-29T08:13:00.000000Z,9.02123,9.01389
2015-07-29T08:13:10.000000Z,9.02132,9.01385
2015-07-29T08:13:20.000000Z,9.02171,9.01459
2015-07-29T08:13:30.000000Z,9.02181,9.0146
2015-07-29T08:13:40.000000Z,9.02183,9.0144
2015-07-29T08:13:50.000000Z,9.02205,9.01467
2015-07-29T08:14:00.000000Z,9.02318,9.01589
2015-07-29T08:14:10.000000Z,9.02276,9.01521
2015-07-29T08:14:20.000000Z,9.02295,9.01567
2015-07-29T08:14:30.000000Z,9.02261,9.01537
2015-07-29T08:14:40.000000Z,9.02245,9.01489
2015-07-29T08:14:50.000000Z,9.02329,9.01574
2015-07-29T08:15:00.000000Z,9.02476,9.01711
2015-07-29T08:15:10.000000Z,9.02456,9.01707
2015-07-29T08:15:20.000000Z,9.02502,9.01742
2015-07-29T08:15:30.000000Z,9.02502,9.01742
2015-07-29T08:15:40.000000Z,9.02484,9.01719
2015-07-29T08:15:50.000000Z,9.02495,9.01729
2015-07-29T08:16:00.000000Z,9.0246,9.01687
2015-07-29T08:16:10.000000Z,9.02475,9.01708
2015-07-29T08:16:20.000000Z,9.02475,9.01714
2015-07-29T08:16:30.000000Z,9.02481,9.01714
2015-07-29T08:16:40.000000Z,9.0248,9.01694
2015-07-29T08:16:50.000000Z,9.0248,9.01704
2015-07-29T08:17:00.000000Z,9.02479,9.01709
2015-07-29T08:17:10.000000Z,9.02474,9.01743
2015-07-29T08:17:20.000000Z,9.02474,9.0174
2015-07-29T08:17:30.000000Z,9.02463,9.01718
2015-07-29T08:17:40.000000Z,9.02449,9.01726
2015-07-29T08:17:50.000000Z,9.02449,9.01697
2015-07-29T08:18:00.000000Z,9.0245,9.01704
2015-07-29T08:18:10.000000Z,9.02446,9.01732
2015-07-29T08:18:20.000000Z,9.02475,9.0169
2015-07-29T08:18:30.000000Z,9.02424,9.0167
2015-07-29T08:18:40.000000Z,9.02473,9.01678
2015-07-29T08:18:50.000000Z,9.0248,9.01675
2015-07-29T08:19:00.000000Z,9.0238,9.01654
2015-07-29T08:19:10.000000Z,9.02442,9.01664
2015-07-29T08:19:20.000000Z,9.02381,9.01634
2015-07-29T08:19:30.000000Z,9.02443,9.01663
2015-07-29T08:19:40.000000Z,9.0239,9.0164
2015-07-29T08:19:50.000000Z,9.02345,9.01634
2015-07-29T08:20:00.000000Z,9.02359,9.01613
2015-07-29T08:20:10.000000Z,9.02316,9.01584
2015-07-29T08:20:20.000000Z,9.02291,9.01558
2015-07-29T08:20:30.000000Z,9.02263,9.0154
2015-07-29T08:20:40.000000Z,9.02277,9.01539
2015-07-29T08:20:50.000000Z,9.02272,9.01539
2015-07-29T08:21:00.000000Z,9.02208,9.01515
2015-07-29T08:21:10.000000Z,9.02212,9.01491
2015-07-29T08:21:20.000000Z,9.02208,9.01482
2015-07-29T08:21:30.000000Z,9.02217,9.01474
2015-07-29T08:21:40.000000Z,9.02205,9.01481
2015-07-29T08:21:50.000000Z,9.02149,9.0135
2015-07-29T08:22:00.000000Z,9.0216,9.0135
2015-07-29T08:22:10.000000Z,9.0217,9.0135
2015-07-29T08:22:20.000000Z,9.0215,9.01338
2015-07-29T08:22:30.000000Z,9.02079,9.01343
2015-07-29T08:22:40.000000Z,9.02111,9.01349
2015-07-29T08:22:50.000000Z,9.02097,9.0133
2015-07-29T08:23:00.000000Z,9.0207,9.0133
2015-07-29T08:23:10.000000Z,9.02079,9.0133
2015-07-29T08:23:20.000000Z,9.02011,9.0125
2015-07-29T08:23:30.000000Z,9.01829,9.01036
2015-07-29T08:23:40.000000Z,9.01553,9.00719
2015-07-29T08:23:50.000000Z,9.01502,9.00715
2015-07-29T08:24:00.000000Z,9.01529,9.00706
2015-07-29T08:24:10.000000Z,9.01485,9.00715
2015-07-29T08:24:20.000000Z,9.01236,9.00465
2015-07-29T08:24:30.000000Z,9.01251,9.00515
2015-07-29T08:24:40.000000Z,9.014,9.00653
2015-07-29T08:24:50.000000Z,9.01454,9.0079
2015-07-29T08:25:00.000000Z,9.01633,9.0086
2015-07-29T08:25:10.000000Z,9.01716,9.00931
2015-07-29T08:25:20.000000Z,9.01661,9.0087
2015-07-29T08:25:30.000000Z,9.01643,9.00823
2015-07-29T08:25:40.000000Z,9.01651,9.0094
2015-07-29T08:25:50.000000Z,9.01633,9.00927
2015-07-29T08:26:00.000000Z,9.01594,9.008
2015-07-29T08:26:10.000000Z,9.01601,9.00824
2015-07-29T08:26:20.000000Z,9.01609,9.00836
2015-07-29T08:26:30.000000Z,9.01619,9.0089
2015-07-29T08:26:40.000000Z,9.01615,9.0088
2015-07-29T08:26:50.000000Z,9.01602,9.00875
2015-07-29T08:27:00.000000Z,9.01648,9.00867
2015-07-29T08:27:10.000000Z,9.01648,9.0085
2015-07-29T08:27:20.000000Z,9.01663,9.0087
2015-07-29T08:27:30.000000Z,9.01625,9.00824
2015-07-29T08:27:40.000000Z,9.01642,9.00829
2015-07-29T08:27:50.000000Z,9.01645,9.00836
2015-07-29T08:28:00.000000Z,9.0164,9.00857
2015-07-29T08:28:10.000000Z,9.01622,9.00853
2015-07-29T08:28:20.000000Z,9.01624,9.00868
2015-07-29T08:28:30.000000Z,9.01631,9.00833
2015-07-29T08:28:40.000000Z,9.0164,9.0082
2015-07-29T08:28:50.000000Z,9.01681,9.00847
2015-07-29T08:29:00.000000Z,9.01621,9.0085
2015-07-29T08:29:10.000000Z,9.01685,9.00897
2015-07-29T08:29:20.000000Z,9.01607,9.00826
2015-07-29T08:29:30.000000Z,9.01633,9.00823
2015-07-29T08:29:40.000000Z,9.016,9.0083
2015-07-29T08:29:50.000000Z,9.01596,9.0084
2015-07-29T08:30:00.000000Z,9.01623,9.00814
2015-07-29T08:30:10.000000Z,9.01579,9.0086
2015-07-29T08:30:20.000000Z,9.01635,9.0084
2015-07-29T08:30:30.000000Z,9.01633,9.00835
2015-07-29T08:30:40.000000Z,9.01793,9.00837
2015-07-29T08:30:50.000000Z,9.01702,9.00885
2015-07-29T08:31:00.000000Z,9.01696,9.00917
2015-07-29T08:31:10.000000Z,9.01868,9.00823
2015-07-29T08:31:20.000000Z,9.01788,9.00928
2015-07-29T08:31:30.000000Z,9.01683,9.00844
2015-07-29T08:31:40.000000Z,9.01589,9.00801
2015-07-29T08:31:50.000000Z,9.0159,9.008
2015-07-29T08:32:00.000000Z,9.01601,9.00819
2015-07-29T08:32:10.000000Z,9.0164,9.00813
2015-07-29T08:32:20.000000Z,9.01653,9.00816
2015-07-29T08:32:30.000000Z,9.01623,9.00814
2015-07-29T08:32:40.000000Z,9.01641,9.00827
2015-07-29T08:32:50.000000Z,9.01628,9.00826
2015-07-29T08:33:00.000000Z,9.01601,9.00877
2015-07-29T08:33:10.000000Z,9.01626,9.00889
2015-07-29T08:33:20.000000Z,9.016,9.00859
2015-07-29T08:33:30.000000Z,9.01602,9.00874
2015-07-29T08:33:40.000000Z,9.01607,9.00896
2015-07-29T08:33:50.000000Z,9.01656,9.00918
2015-07-29T08:34:00.000000Z,9.01634,9.0091
2015-07-29T08:34:10.000000Z,9.01655,9.00897
2015-07-29T08:34:20.000000Z,9.01699,9.00967
2015-07-29T08:34:30.000000Z,9.01671,9.0093
2015-07-29T08:34:40.000000Z,9.01655,9.00933
2015-07-29T08:34:50.000000Z,9.01665,9.0094
2015-07-29T08:35:00.000000Z,9.01725,9.00937
2015-07-29T08:35:10.000000Z,9.01749,9.00959
2015-07-29T08:35:20.000000Z,9.01756,9.01029
2015-07-29T08:35:30.000000Z,9.01759,9.01027
2015-07-29T08:35:40.000000Z,9.01769,9.01002
2015-07-29T08:35:50.000000Z,9.01775,9.01031
2015-07-29T08:36:00.000000Z,9.01757,9.01013
2015-07-29T08:36:10.000000Z,9.01761,9.00998
2015-07-29T08:36:20.000000Z,9.0173,9.01019
2015-07-29T08:36:30.000000Z,9.01768,9.01019
2015-07-29T08:36:40.000000Z,9.01772,9.01027
2015-07-29T08:36:50.000000Z,9.01836,9.01057
2015-07-29T08:37:00.000000Z,9.02078,9.01297
2015-07-29T08:37:10.000000Z,9.02135,9.01407
2015-07-29T08:37:20.000000Z,9.02209,9.0151
2015-07-29T08:37:30.000000Z,9.02182,9.01492
2015-07-29T08:37:40.000000Z,9.02218,9.0151
2015-07-29T08:37:50.000000Z,9.02169,9.0149
2015-07-29T08:38:00.000000Z,9.0212,9.01483
2015-07-29T08:38:10.000000Z,9.02128,9.01471
2015-07-29T08:38:20.000000Z,9.02138,9.0149
2015-07-29T08:38:30.000000Z,9.02117,9.01461
2015-07-29T08:38:40.000000Z,9.0212,9.01469
2015-07-29T08:38:50.000000Z,9.0211,9.01473
2015-07-29T08:39:00.000000Z,9.0211,9.01467
2015-07-29T08:39:10.000000Z,9.0212,9.01481
2015-07-29T08:39:20.000000Z,9.02126,9.01428
2015-07-29T08:39:30.000000Z,9.02194,9.00969
2015-07-29T08:39:40.000000Z,9.02,9.01274
2015-07-29T08:39:50.000000Z,9.01907,9.0116
2015-07-29T08:40:00.000000Z,9.01857,9.01112
2015-07-29T08:40:10.000000Z,9.01827,9.01102
2015-07-29T08:40:20.000000Z,9.01881,9.01161
2015-07-29T08:40:30.000000Z,9.01788,9.0107
2015-07-29T08:40:40.000000Z,9.01771,9.01065
2015-07-29T08:40:50.000000Z,9.01723,9.00985
2015-07-29T08:41:00.000000Z,9.01793,9.01064
2015-07-29T08:41:10.000000Z,9.01815,9.011
2015-07-29T08:41:20.000000Z,9.01727,9.01025
2015-07-29T08:41:30.000000Z,9.01715,9.00914
2015-07-29T08:41:40.000000Z,9.0177,9.00981
2015-07-29T08:41:50.000000Z,9.01799,9.00992
2015-07-29T08:42:00.000000Z,9.01931,9.01211
2015-07-29T08:42:10.000000Z,9.01969,9.01229
2015-07-29T08:42:20.000000Z,9.01983,9.01225
2015-07-29T08:42:30.000000Z,9.01983,9.01203
2015-07-29T08:42:40.000000Z,9.01986,9.01202
2015-07-29T08:42:50.000000Z,9.01994,9.01221
2015-07-29T08:43:00.000000Z,9.02056,9.01256
2015-07-29T08:43:10.000000Z,9.02114,9.01382
2015-07-29T08:43:20.000000Z,9.0209,9.0137
2015-07-29T08:43:30.000000Z,9.0211,9.01364
2015-07-29T08:43:40.000000Z,9.02073,9.01036
2015-07-29T08:43:50.000000Z,9.02162,9.01374
2015-07-29T08:44:00.000000Z,9.02141,9.01415
2015-07-29T08:44:10.000000Z,9.02133,9.01415
2015-07-29T08:44:20.000000Z,9.02145,9.01415
2015-07-29T08:44:30.000000Z,9.02153,9.01429
2015-07-29T08:44:40.000000Z,9.02164,9.01403
2015-07-29T08:44:50.000000Z,9.02168,9.0142
2015-07-29T08:45:00.000000Z,9.02205,9.0139
2015-07-29T08:45:10.000000Z,9.02219,9.01447
2015-07-29T08:45:20.000000Z,9.02232,9.01447
2015-07-29T08:45:30.000000Z,9.02232,9.01461
2015-07-29T08:45:40.000000Z,9.02219,9.0147
2015-07-29T08:45:50.000000Z,9.02233,9.01462
2015-07-29T08:46:00.000000Z,9.02214,9.01481
2015-07-29T08:46:10.000000Z,9.02194,9.01463
2015-07-29T08:46:20.000000Z,9.0222,9.01451
2015-07-29T08:46:30.000000Z,9.02217,9.01471
2015-07-29T08:46:40.000000Z,9.0212,9.01321
2015-07-29T08:46:50.000000Z,9.02273,9.01547
2015-07-29T08:47:00.000000Z,9.02158,9.014
2015-07-29T08:47:10.000000Z,9.01957,9.01669
2015-07-29T08:47:20.000000Z,9.0208,9.0133
2015-07-29T08:47:30.000000Z,9.01853,9.0156
2015-07-29T08:47:40.000000Z,9.01855,9.01516
2015-07-29T08:47:50.000000Z,9.01896,9.01567
2015-07-29T08:48:00.000000Z,9.01839,9.01492
2015-07-29T08:48:10.000000Z,9.0188,9.01578
2015-07-29T08:48:20.000000Z,9.01882,9.01631
2015-07-29T08:48:30.000000Z,9.01787,9.01423
2015-07-29T08:48:40.000000Z,9.01815,9.01473
2015-07-29T08:48:50.000000Z,9.01788,9.01492
2015-07-29T08:49:00.000000Z,9.01786,9.01473
2015-07-29T08:49:10.000000Z,9.01738,9.01442
2015-07-29T08:49:20.000000Z,9.01729,9.01412
2015-07-29T08:49:30.000000Z,9.01606,9.01264
2015-07-29T08:49:40.000000Z,9.01688,9.01338
2015-07-29T08:49:50.000000Z,9.01639,9.01341
2015-07-29T08:50:00.000000Z,9.01651,9.01341
2015-07-29T08:50:10.000000Z,9.01609,9.011
2015-07-29T08:50:20.000000Z,9.01536,9.01113
2015-07-29T08:50:30.000000Z,9.01501,9.01087
2015-07-29T08:50:40.000000Z,9.01487,9.01085
2015-07-29T08:50:50.000000Z,9.01314,9.00996
2015-07-29T08:51:00.000000Z,9.01313,9.00995
2015-07-29T08:51:10.000000Z,9.01301,9.00996
2015-07-29T08:51:20.000000Z,9.0129,9.00973
2015-07-29T08:51:30.000000Z,9.01298,9.01023
2015-07-29T08:51:40.000000Z,9.01192,9.00882
2015-07-29T08:51:50.000000Z,9.01185,9.00866
2015-07-29T08:52:00.000000Z,9.01322,9.00965
2015-07-29T08:52:10.000000Z,9.01284,9.00996
2015-07-29T08:52:20.000000Z,9.01282,9.00979
2015-07-29T08:52:30.000000Z,9.01312,9.01005
2015-07-29T08:52:40.000000Z,9.01334,9.01021
2015-07-29T08:52:50.000000Z,9.01311,9.01027
2015-07-29T08:53:00.000000Z,9.01313,9.01016
2015-07-29T08:53:10.000000Z,9.01311,9.01012
2015-07-29T08:53:20.000000Z,9.01358,9.01064
2015-07-29T08:53:30.000000Z,9.01332,9.01041
2015-07-29T08:53:40.000000Z,9.01313,9.01024
2015-07-29T08:53:50.000000Z,9.01299,9.01013
2015-07-29T08:54:00.000000Z,9.01198,9.00922
2015-07-29T08:54:10.000000Z,9.01186,9.0087
2015-07-29T08:54:20.000000Z,9.01213,9.00924
2015-07-29T08:54:30.000000Z,9.01098,9.00795
2015-07-29T08:54:40.000000Z,9.00997,9.00747
2015-07-29T08:54:50.000000Z,9.00983,9.00723
2015-07-29T08:55:00.000000Z,9.00979,9.0072
2015-07-29T08:55:10.000000Z,9.00907,9.00399
2015-07-29T08:55:20.000000Z,9.00648,9.00366
2015-07-29T08:55:30.000000Z,9.00622,9.00268
2015-07-29T08:55:40.000000Z,9.00468,9.00173
2015-07-29T08:55:50.000000Z,9.00464,9.00132
2015-07-29T08:56:00.000000Z,9.00696,9.00418
2015-07-29T08:56:10.000000Z,9.00544,8.99825
2015-07-29T08:56:20.000000Z,9.00354,8.99982
2015-07-29T08:56:30.000000Z,9.00357,8.99727
2015-07-29T08:56:40.000000Z,9.00295,8.9972
2015-07-29T08:56:50.000000Z,9.0019,8.99866
2015-07-29T08:57:00.000000Z,9.00066,8.99475
2015-07-29T08:57:10.000000Z,9.00145,8.99801
2015-07-29T08:57:20.000000Z,9.0004,8.99642
2015-07-29T08:57:30.000000Z,9.00153,8.99752
2015-07-29T08:57:40.000000Z,9.00059,8.9974
2015-07-29T08:57:50.000000Z,8.99904,8.99609
2015-07-29T08:58:00.000000Z,8.99849,8.99545
2015-07-29T08:58:10.000000Z,8.99836,8.99525
2015-07-29T08:58:20.000000Z,8.99903,8.99616
2015-07-29T08:58:30.000000Z,8.99766,8.9951
2015-07-29T08:58:40.000000Z,8.99654,8.99363
2015-07-29T08:58:50.000000Z,8.99639,8.99361
2015-07-29T08:59:00.000000Z,8.99437,8.99163
2015-07-29T08:59:10.000000Z,8.98896,8.98587
2015-07-29T08:59:20.000000Z,8.98935,8.98563
2015-07-29T08:59:30.000000Z,8.98667,8.98389
2015-07-29T08:59:40.000000Z,8.98752,8.98432
2015-07-29T08:59:50.000000Z,8.99195,8.98529
2015-07-29T09:00:00.000000Z,8.98893,8.98573
2015-07-29T09:00:10.000000Z,8.98905,8.98628
2015-07-29T09:00:20.000000Z,8.99169,8.98323
2015-07-29T09:00:30.000000Z,8.99043,8.98677
2015-07-29T09:00:40.000000Z,8.98876,8.98561
2015-07-29T09:00:50.000000Z,8.98575,8.98276
2015-07-29T09:01:00.000000Z,8.98639,8.98289
2015-07-29T09:01:10.000000Z,8.98891,8.98577
2015-07-29T09:01:20.000000Z,8.98727,8.98452
2015-07-29T09:01:30.000000Z,8.98732,8.98442
2015-07-29T09:01:40.000000Z,8.98727,8.98477
2015-07-29T09:01:50.000000Z,8.98693,8.98409
2015-07-29T09:02:00.000000Z,8.98723,8.98459
2015-07-29T09:02:10.000000Z,8.9909,8.98731
2015-07-29T09:02:20.000000Z,8.99069,8.98755
2015-07-29T09:02:30.000000Z,8.99139,8.98807
2015-07-29T09:02:40.000000Z,8.99223,8.9892
2015-07-29T09:02:50.000000Z,9.00154,8.98353
2015-07-29T09:03:00.000000Z,8.99511,8.98707
2015-07-29T09:03:10.000000Z,8.99132,8.98816
2015-07-29T09:03:20.000000Z,8.98877,8.98572
2015-07-29T09:03:30.000000Z,8.9898,8.98689
2015-07-29T09:03:40.000000Z,8.99038,8.98774
2015-07-29T09:03:50.000000Z,8.99002,8.98696
2015-07-29T09:04:00.000000Z,8.98915,8.98604
2015-07-29T09:04:10.000000Z,8.98953,8.98602
2015-07-29T09:04:20.000000Z,8.98999,8.98707
2015-07-29T09:04:30.000000Z,8.98972,8.98697
2015-07-29T09:04:40.000000Z,8.98967,8.98655
2015-07-29T09:04:50.000000Z,8.98974,8.98684
2015-07-29T09:05:00.000000Z,8.98981,8.98672
2015-07-29T09:05:10.000000Z,8.98957,8.98672
2015-07-29T09:05:20.000000Z,8.98925,8.98628
2015-07-29T09:05:30.000000Z,8.99003,8.98687
2015-07-29T09:05:40.000000Z,8.98981,8.98689
2015-07-29T09:05:50.000000Z,8.98959,8.98681
2015-07-29T09:06:00.000000Z,8.99019,8.98718
2015-07-29T09:06:10.000000Z,8.99021,8.98724
2015-07-29T09:06:20.000000Z,8.9902,8.98731
2015-07-29T09:06:30.000000Z,8.98976,8.98689
2015-07-29T09:06:40.000000Z,8.99038,8.98716
2015-07-29T09:06:50.000000Z,8.99028,8.98723
2015-07-29T09:07:00.000000Z,8.98924,8.98647
2015-07-29T09:07:10.000000Z,8.98958,8.98674
2015-07-29T09:07:20.000000Z,8.98893,8.98613
2015-07-29T09:07:30.000000Z,8.98892,8.9863
2015-07-29T09:07:40.000000Z,8.98976,8.98716
2015-07-29T09:07:50.000000Z,8.99037,8.98746
2015-07-29T09:08:00.000000Z,8.99026,8.98733
2015-07-29T09:08:10.000000Z,8.99009,8.98721
2015-07-29T09:08:20.000000Z,8.99035,8.98731
2015-07-29T09:08:30.000000Z,8.99075,8.98757
2015-07-29T09:08:40.000000Z,8.99061,8.98784
2015-07-29T09:08:50.000000Z,8.99091,8.98816
2015-07-29T09:09:00.000000Z,8.99081,8.98781
2015-07-29T09:09:10.000000Z,8.99142,8.98856
2015-07-29T09:09:20.000000Z,8.99157,8.98845
2015-07-29T09:09:30.000000Z,8.99158,8.98846
2015-07-29T09:09:40.000000Z,8.99154,8.98855
2015-07-29T09:09:50.000000Z,8.99153,8.98852
2015-07-29T09:10:00.000000Z,8.99127,8.98831
2015-07-29T09:10:10.000000Z,8.99012,8.9873
2015-07-29T09:10:20.000000Z,8.99037,8.98742
2015-07-29T09:10:30.000000Z,8.99087,8.988
2015-07-29T09:10:40.000000Z,8.99113,8.98845
2015-07-29T09:10:50.000000Z,8.99144,8.98844
2015-07-29T09:11:00.000000Z,8.99097,8.98832
2015-07-29T09:11:10.000000Z,8.99134,8.98834
2015-07-29T09:11:20.000000Z,8.99175,8.98894
2015-07-29T09:11:30.000000Z,8.9919,8.9891
2015-07-29T09:11:40.000000Z,8.99193,8.98908
2015-07-29T09:11:50.000000Z,8.99179,8.98851
2015-07-29T09:12:00.000000Z,8.99088,8.98815
2015-07-29T09:12:10.000000Z,8.99095,8.98827
2015-07-29T09:12:20.000000Z,8.99089,8.98813
2015-07-29T09:12:30.000000Z,8.99068,8.98802
2015-07-29T09:12:40.000000Z,8.99148,8.98841
2015-07-29T09:12:50.000000Z,8.98977,8.98652
2015-07-29T09:13:00.000000Z,8.98955,8.98693
2015-07-29T09:13:10.000000Z,8.98992,8.98717
2015-07-29T09:13:20.000000Z,8.99019,8.98728
2015-07-29T09:13:30.000000Z,8.99052,8.98703
2015-07-29T09:13:40.000000Z,8.99016,8.98734
2015-07-29T09:13:50.000000Z,8.98997,8.98715
2015-07-29T09:14:00.000000Z,8.98935,8.9852
2015-07-29T09:14:10.000000Z,8.98934,8.98585
2015-07-29T09:14:20.000000Z,8.9893,8.9858
2015-07-29T09:14:30.000000Z,8.98935,8.98598
2015-07-29T09:14:40.000000Z,8.98911,8.98562
2015-07-29T09:14:50.000000Z,8.98895,8.98577
2015-07-29T09:15:00.000000Z,8.98591,8.98292
2015-07-29T09:15:10.000000Z,8.98564,8.9826
2015-07-29T09:15:20.000000Z,8.98495,8.98177
2015-07-29T09:15:30.000000Z,8.98607,8.98292
2015-07-29T09:15:40.000000Z,8.98608,8.98269
2015-07-29T09:15:50.000000Z,8.98604,8.98287
2015-07-29T09:16:00.000000Z,8.98637,8.98205
2015-07-29T09:16:10.000000Z,8.98529,8.98222
2015-07-29T09:16:20.000000Z,8.98544,8.98181
2015-07-29T09:16:30.000000Z,8.98575,8.98211
2015-07-29T09:16:40.000000Z,8.98573,8.98193
2015-07-29T09:16:50.000000Z,8.98645,8.98322
2015-07-29T09:17:00.000000Z,8.98549,8.98262
2015-07-29T09:17:10.000000Z,8.98527,8.98274
2015-07-29T09:17:20.000000Z,8.98548,8.98307
2015-07-29T09:17:30.000000Z,8.98646,8.98377
2015-07-29T09:17:40.000000Z,8.98672,8.98422
2015-07-29T09:17:50.000000Z,8.98632,8.98391
2015-07-29T09:18:00.000000Z,8.98686,8.98409
2015-07-29T09:18:10.000000Z,8.98606,8.9827
2015-07-29T09:18:20.000000Z,8.98498,8.98194
2015-07-29T09:18:30.000000Z,8.98132,8.97367
2015-07-29T09:18:40.000000Z,8.97963,8.97613
2015-07-29T09:18:50.000000Z,8.97943,8.97569
2015-07-29T09:19:00.000000Z,8.97926,8.97602
2015-07-29T09:19:10.000000Z,8.97836,8.97599
2015-07-29T09:19:20.000000Z,8.98002,8.97693
2015-07-29T09:19:30.000000Z,8.98,8.97683
2015-07-29T09:19:40.000000Z,8.97903,8.9759
2015-07-29T09:19:50.000000Z,8.97791,8.97475
2015-07-29T09:20:00.000000Z,8.97695,8.97405
2015-07-29T09:20:10.000000Z,8.97726,8.9745
2015-07-29T09:20:20.000000Z,8.97749,8.97359
2015-07-29T09:20:30.000000Z,8.97683,8.97359
2015-07-29T09:20:40.000000Z,8.97576,8.97245
2015-07-29T09:20:50.000000Z,8.97518,8.97169
2015-07-29T09:21:00.000000Z,8.97513,8.9716
2015-07-29T09:21:10.000000Z,8.97515,8.97213
2015-07-29T09:21:20.000000Z,8.97468,8.97172
2015-07-29T09:21:30.000000Z,8.97732,8.97091
2015-07-29T09:21:40.000000Z,8.97723,8.9734
2015-07-29T09:21:50.000000Z,8.97695,8.97337
2015-07-29T09:22:00.000000Z,8.97633,8.97251
2015-07-29T09:22:10.000000Z,8.97594,8.97317
2015-07-29T09:22:20.000000Z,8.97602,8.97267
2015-07-29T09:22:30.000000Z,8.97602,8.97273
2015-07-29T09:22:40.000000Z,8.9779,8.97496
2015-07-29T09:22:50.000000Z,8.97584,8.97202
2015-07-29T09:23:00.000000Z,8.97497,8.97118
2015-07-29T09:23:10.000000Z,8.97439,8.97066
2015-07-29T09:23:20.000000Z,8.97476,8.96925
2015-07-29T09:23:30.000000Z,8.97483,8.97106
2015-07-29T09:23:40.000000Z,8.97477,8.97097
2015-07-29T09:23:50.000000Z,8.97359,8.9704
2015-07-29T09:24:00.000000Z,8.97372,8.97095
2015-07-29T09:24:10.000000Z,8.97402,8.97139
2015-07-29T09:24:20.000000Z,8.97498,8.97167
2015-07-29T09:24:30.000000Z,8.97406,8.97109
2015-07-29T09:24:40.000000Z,8.97403,8.97099
2015-07-29T09:24:50.000000Z,8.97402,8.97111
2015-07-29T09:25:00.000000Z,8.97405,8.97097
2015-07-29T09:25:10.000000Z,8.97404,8.97125
2015-07-29T09:25:20.000000Z,8.97403,8.97108
2015-07-29T09:25:30.000000Z,8.97369,8.97121
2015-07-29T09:25:40.000000Z,8.97411,8.97136
2015-07-29T09:25:50.000000Z,8.97309,8.97054
2015-07-29T09:26:00.000000Z,8.9731,8.97057
2015-07-29T09:26:10.000000Z,8.97291,8.97029
2015-07-29T09:26:20.000000Z,8.97271,8.9702
2015-07-29T09:26:30.000000Z,8.97204,8.96902
2015-07-29T09:26:40.000000Z,8.97181,8.96891
2015-07-29T09:26:50.000000Z,8.97182,8.96942
2015-07-29T09:27:00.000000Z,8.97196,8.9694
2015-07-29T09:27:10.000000Z,8.97196,8.96874
2015-07-29T09:27:20.000000Z,8.97178,8.9686
2015-07-29T09:27:30.000000Z,8.97212,8.96919
2015-07-29T09:27:40.000000Z,8.97105,8.96873
2015-07-29T09:27:50.000000Z,8.96863,8.96582
2015-07-29T09:28:00.000000Z,8.96962,8.96576
2015-07-29T09:28:10.000000Z,8.96895,8.96588
2015-07-29T09:28:20.000000Z,8.96908,8.96596
2015-07-29T09:28:30.000000Z,8.96873,8.9657
2015-07-29T09:28:40.000000Z,8.96757,8.96503
2015-07-29T09:28:50.000000Z,8.9682,8.96555
2015-07-29T09:29:00.000000Z,8.96803,8.96506
2015-07-29T09:29:10.000000Z,8.96693,8.96442
2015-07-29T09:29:20.000000Z,8.96648,8.96369
2015-07-29T09:29:30.000000Z,8.96616,8.96341
2015-07-29T09:29:40.000000Z,8.96597,8.96338
2015-07-29T09:29:50.000000Z,8.96594,8.96342
2015-07-29T09:30:00.000000Z,8.96607,8.96342
2015-07-29T09:30:10.000000Z,8.96638,8.96383
2015-07-29T09:30:20.000000Z,8.96636,8.96369
2015-07-29T09:30:30.000000Z,8.96632,8.96369
2015-07-29T09:30:40.000000Z,8.96498,8.9623
2015-07-29T09:30:50.000000Z,8.9649,8.96141
2015-07-29T09:31:00.000000Z,8.9653,8.96266
2015-07-29T09:31:10.000000Z,8.96532,8.96295
2015-07-29T09:31:20.000000Z,8.96686,8.9638
2015-07-29T09:31:30.000000Z,8.9669,8.96417
2015-07-29T09:31:40.000000Z,8.96803,8.96512
2015-07-29T09:31:50.000000Z,8.96749,8.96391
2015-07-29T09:32:00.000000Z,8.96765,8.96477
2015-07-29T09:32:10.000000Z,8.96772,8.96467
2015-07-29T09:32:20.000000Z,8.9672,8.96447
2015-07-29T09:32:30.000000Z,8.96921,8.96637
2015-07-29T09:32:40.000000Z,8.96858,8.96509
2015-07-29T09:32:50.000000Z,8.97177,8.96477
2015-07-29T09:33:00.000000Z,8.96883,8.96562
2015-07-29T09:33:10.000000Z,8.96911,8.96628
2015-07-29T09:33:20.000000Z,8.97195,8.96723
2015-07-29T09:33:30.000000Z,8.97293,8.96992
2015-07-29T09:33:40.000000Z,8.97469,8.97122
2015-07-29T09:33:50.000000Z,8.97511,8.97178
2015-07-29T09:34:00.000000Z,8.97647,8.97278
2015-07-29T09:34:10.000000Z,8.97817,8.97299
2015-07-29T09:34:20.000000Z,8.97513,8.97263
2015-07-29T09:34:30.000000Z,8.97465,8.97127
2015-07-29T09:34:40.000000Z,8.97432,8.97118
2015-07-29T09:34:50.000000Z,8.97423,8.97122
2015-07-29T09:35:00.000000Z,8.97428,8.97115
2015-07-29T09:35:10.000000Z,8.97482,8.97161
2015-07-29T09:35:20.000000Z,8.97494,8.97123
2015-07-29T09:35:30.000000Z,8.97446,8.97125
2015-07-29T09:35:40.000000Z,8.97431,8.97137
2015-07-29T09:35:50.000000Z,8.9737,8.97087
2015-07-29T09:36:00.000000Z,8.97429,8.97097
2015-07-29T09:36:10.000000Z,8.9747,8.97167
2015-07-29T09:36:20.000000Z,8.97565,8.97238
2015-07-29T09:36:30.000000Z,8.97576,8.97282
2015-07-29T09:36:40.000000Z,8.97554,8.97269
2015-07-29T09:36:50.000000Z,8.97501,8.97164
2015-07-29T09:37:00.000000Z,8.97494,8.97164
2015-07-29T09:37:10.000000Z,8.97497,8.97167
2015-07-29T09:37:20.000000Z,8.97562,8.97243
2015-07-29T09:37:30.000000Z,8.97478,8.97152
2015-07-29T09:37:40.000000Z,8.97516,8.97207
2015-07-29T09:37:50.000000Z,8.97492,8.97152
2015-07-29T09:38:00.000000Z,8.97487,8.97163
2015-07-29T09:38:10.000000Z,8.97486,8.97169
2015-07-29T09:38:20.000000Z,8.9748,8.97169
2015-07-29T09:38:30.000000Z,8.97431,8.97102
2015-07-29T09:38:40.000000Z,8.97431,8.97095
2015-07-29T09:38:50.000000Z,8.97423,8.97114
2015-07-29T09:39:00.000000Z,8.97436,8.97114
2015-07-29T09:39:10.000000Z,8.97444,8.97117
2015-07-29T09:39:20.000000Z,8.97445,8.97117
2015-07-29T09:39:30.000000Z,8.97644,8.97323
2015-07-29T09:39:40.000000Z,8.97617,8.97321
2015-07-29T09:39:50.000000Z,8.97629,8.97343
2015-07-29T09:40:00.000000Z,8.97617,8.97343
2015-07-29T09:40:10.000000Z,8.9752,8.97247
2015-07-29T09:40:20.000000Z,8.97513,8.97234
2015-07-29T09:40:30.000000Z,8.97513,8.97233
2015-07-29T09:40:40.000000Z,8.9755,8.9726
2015-07-29T09:40:50.000000Z,8.97611,8.9731
2015-07-29T09:41:00.000000Z,8.97634,8.97327
2015-07-29T09:41:10.000000Z,8.97561,8.97298
2015-07-29T09:41:20.000000Z,8.97557,8.97297
2015-07-29T09:41:30.000000Z,8.97563,8.97307
2015-07-29T09:41:40.000000Z,8.97672,8.97367
2015-07-29T09:41:50.000000Z,8.9781,8.97502
2015-07-29T09:42:00.000000Z,8.97791,8.9751
2015-07-29T09:42:10.000000Z,8.97845,8.97573
2015-07-29T09:42:20.000000Z,8.97875,8.97578
2015-07-29T09:42:30.000000Z,8.97923,8.97647
2015-07-29T09:42:40.000000Z,8.97929,8.97653
2015-07-29T09:42:50.000000Z,8.97836,8.97552
2015-07-29T09:43:00.000000Z,8.9775,8.97448
2015-07-29T09:43:10.000000Z,8.97779,8.97497
2015-07-29T09:43:20.000000Z,8.97801,8.97479
2015-07-29T09:43:30.000000Z,8.97787,8.97519
2015-07-29T09:43:40.000000Z,8.97714,8.97427
2015-07-29T09:43:50.000000Z,8.97714,8.97427
2015-07-29T09:44:00.000000Z,8.97728,8.97432
2015-07-29T09:44:10.000000Z,8.97714,8.97428
2015-07-29T09:44:20.000000Z,8.97704,8.97432
2015-07-29T09:44:30.000000Z,8.97777,8.97458
2015-07-29T09:44:40.000000Z,8.97719,8.9743
2015-07-29T09:44:50.000000Z,8.97709,8.97429
2015-07-29T09:45:00.000000Z,8.97742,8.97425
2015-07-29T09:45:10.000000Z,8.97762,8.97454
2015-07-29T09:45:20.000000Z,8.97736,8.97438
2015-07-29T09:45:30.000000Z,8.97766,8.97457
2015-07-29T09:45:40.000000Z,8.97775,8.97457
2015-07-29T09:45:50.000000Z,8.97747,8.97443
2015-07-29T09:46:00.000000Z,8.97763,8.9744
2015-07-29T09:46:10.000000Z,8.97755,8.97441
2015-07-29T09:46:20.000000Z,8.97743,8.97425
2015-07-29T09:46:30.000000Z,8.97722,8.97427
2015-07-29T09:46:40.000000Z,8.97725,8.97427
2015-07-29T09:46:50.000000Z,8.97792,8.97498
2015-07-29T09:47:00.000000Z,8.97786,8.9751
2015-07-29T09:47:10.000000Z,8.97791,8.9751
2015-07-29T09:47:20.000000Z,8.97784,8.97512
2015-07-29T09:47:30.000000Z,8.97753,8.97497
2015-07-29T09:47:40.000000Z,8.97752,8.97498
2015-07-29T09:47:50.000000Z,8.9772,8.97447
2015-07-29T09:48:00.000000Z,8.977,8.97465
2015-07-29T09:48:10.000000Z,8.97676,8.97365
2015-07-29T09:48:20.000000Z,8.97566,8.97291
2015-07-29T09:48:30.000000Z,8.97574,8.97291
2015-07-29T09:48:40.000000Z,8.9756,8.97261
2015-07-29T09:48:50.000000Z,8.97534,8.97248
2015-07-29T09:49:00.000000Z,8.97635,8.97375
2015-07-29T09:49:10.000000Z,8.97635,8.97398
2015-07-29T09:49:20.000000Z,8.97728,8.97443
2015-07-29T09:49:30.000000Z,8.97737,8.97427
2015-07-29T09:49:40.000000Z,8.97733,8.97441
2015-07-29T09:49:50.000000Z,8.97746,8.97441
2015-07-29T09:50:00.000000Z,8.97786,8.97491
2015-07-29T09:50:10.000000Z,8.97758,8.97473
2015-07-29T09:50:20.000000Z,8.97783,8.97502
2015-07-29T09:50:30.000000Z,8.97745,8.97486
2015-07-29T09:50:40.000000Z,8.97753,8.97472
2015-07-29T09:50:50.000000Z,8.97573,8.97277
2015-07-29T09:51:00.000000Z,8.97545,8.97238
2015-07-29T09:51:10.000000Z,8.97665,8.97343
2015-07-29T09:51:20.000000Z,8.9766,8.97344
2015-07-29T09:51:30.000000Z,8.97679,8.97345
2015-07-29T09:51:40.000000Z,8.97669,8.97346
2015-07-29T09:51:50.000000Z,8.97668,8.97346
2015-07-29T09:52:00.000000Z,8.97659,8.97346
2015-07-29T09:52:10.000000Z,8.97671,8.97342
2015-07-29T09:52:20.000000Z,8.97657,8.97341
2015-07-29T09:52:30.000000Z,8.97642,8.97347
2015-07-29T09:52:40.000000Z,8.97636,8.97346
2015-07-29T09:52:50.000000Z,8.97643,8.97348
2015-07-29T09:53:00.000000Z,8.97642,8.97348
2015-07-29T09:53:10.000000Z,8.97647,8.97341
2015-07-29T09:53:20.000000Z,8.97641,8.9734
2015-07-29T09:53:30.000000Z,8.97633,8.97355
2015-07-29T09:53:40.000000Z,8.97639,8.97342
2015-07-29T09:53:50.000000Z,8.97635,8.97341
2015-07-29T09:54:00.000000Z,8.97654,8.97339
2015-07-29T09:54:10.000000Z,8.97611,8.97326
2015-07-29T09:54:20.000000Z,8.97619,8.97327
2015-07-29T09:54:30.000000Z,8.9763,8.97326
2015-07-29T09:54:40.000000Z,8.97686,8.97368
2015-07-29T09:54:50.000000Z,8.97663,8.97368
2015-07-29T09:55:00.000000Z,8.97677,8.97368
2015-07-29T09:55:10.000000Z,8.97669,8.97368
2015-07-29T09:55:20.000000Z,8.97673,8.97372
2015-07-29T09:55:30.000000Z,8.97676,8.97372
2015-07-29T09:55:40.000000Z,8.9767,8.97379
2015-07-29T09:55:50.000000Z,8.97668,8.97386
2015-07-29T09:56:00.000000Z,8.97667,8.97392
2015-07-29T09:56:10.000000Z,8.97682,8.97407
2015-07-29T09:56:20.000000Z,8.97691,8.97394
2015-07-29T09:56:30.000000Z,8.97727,8.97443
2015-07-29T09:56:40.000000Z,8.97717,8.97442
2015-07-29T09:56:50.000000Z,8.97719,8.97429
2015-07-29T09:57:00.000000Z,8.97773,8.97536
2015-07-29T09:57:10.000000Z,8.97874,8.97573
2015-07-29T09:57:20.000000Z,8.97877,8.97631
2015-07-29T09:57:30.000000Z,8.97858,8.97599
2015-07-29T09:57:40.000000Z,8.97945,8.97651
2015-07-29T09:57:50.000000Z,8.97862,8.97609
2015-07-29T09:58:00.000000Z,8.98094,8.97776
2015-07-29T09:58:10.000000Z,8.98401,8.98061
2015-07-29T09:58:20.000000Z,8.98723,8.98426
2015-07-29T09:58:30.000000Z,8.98734,8.98378
2015-07-29T09:58:40.000000Z,8.9873,8.98362
2015-07-29T09:58:50.000000Z,8.98954,8.98644
2015-07-29T09:59:00.000000Z,8.99125,8.98584
2015-07-29T09:59:10.000000Z,8.98694,8.98314
2015-07-29T09:59:20.000000Z,8.98817,8.98121
2015-07-29T09:59:30.000000Z,8.98377,8.98008
2015-07-29T09:59:40.000000Z,8.98324,8.98001
2015-07-29T09:59:50.000000Z,8.98913,8.98176
2015-07-29T10:00:00.000000Z,8.98948,8.98629
2015-07-29T10:00:10.000000Z,8.99043,8.98731
2015-07-29T10:00:20.000000Z,8.99051,8.98736
2015-07-29T10:00:30.000000Z,8.99061,8.98735
2015-07-29T10:00:40.000000Z,8.98837,8.98397
2015-07-29T10:00:50.000000Z,8.98822,8.98528
2015-07-29T10:01:00.000000Z,8.98858,8.98519
2015-07-29T10:01:10.000000Z,8.98846,8.98528
2015-07-29T10:01:20.000000Z,8.98787,8.9841
2015-07-29T10:01:30.000000Z,8.98762,8.98399
2015-07-29T10:01:40.000000Z,8.98751,8.98421
2015-07-29T10:01:50.000000Z,8.9879,8.98489
2015-07-29T10:02:00.000000Z,8.98749,8.9844
2015-07-29T10:02:10.000000Z,8.98715,8.98406
2015-07-29T10:02:20.000000Z,8.98691,8.984
2015-07-29T10:02:30.000000Z,8.98675,8.98387
2015-07-29T10:02:40.000000Z,8.98668,8.98389
2015-07-29T10:02:50.000000Z,8.987,8.98418
2015-07-29T10:03:00.000000Z,8.98781,8.98426
2015-07-29T10:03:10.000000Z,8.98801,8.98494
2015-07-29T10:03:20.000000Z,8.98807,8.98523
2015-07-29T10:03:30.000000Z,8.98803,8.98517
2015-07-29T10:03:40.000000Z,8.98818,8.98539
2015-07-29T10:03:50.000000Z,8.98816,8.98538
2015-07-29T10:04:00.000000Z,8.98824,8.98528
2015-07-29T10:04:10.000000Z,8.98828,8.98542
2015-07-29T10:04:20.000000Z,8.98826,8.98523
2015-07-29T10:04:30.000000Z,8.98823,8.98522
2015-07-29T10:04:40.000000Z,8.98811,8.98535
2015-07-29T10:04:50.000000Z,8.98853,8.98493
2015-07-29T10:05:00.000000Z,8.98815,8.98492
2015-07-29T10:05:10.000000Z,8.98661,8.9838
2015-07-29T10:05:20.000000Z,8.98669,8.9838
2015-07-29T10:05:30.000000Z,8.98671,8.98387
2015-07-29T10:05:40.000000Z,8.98674,8.98391
2015-07-29T10:05:50.000000Z,8.98709,8.98413
2015-07-29T10:06:00.000000Z,8.98667,8.98378
2015-07-29T10:06:10.000000Z,8.98654,8.98381
2015-07-29T10:06:20.000000Z,8.98675,8.98391
2015-07-29T10:06:30.000000Z,8.98498,8.97815
2015-07-29T10:06:40.000000Z,8.98267,8.97954
2015-07-29T10:06:50.000000Z,8.98205,8.9791
2015-07-29T10:07:00.000000Z,8.9798,8.97621
2015-07-29T10:07:10.000000Z,8.97884,8.97558
2015-07-29T10:07:20.000000Z,8.9786,8.9754
2015-07-29T10:07:30.000000Z,8.97841,8.97544
2015-07-29T10:07:40.000000Z,8.97834,8.97515
2015-07-29T10:07:50.000000Z,8.97808,8.97524
2015-07-29T10:08:00.000000Z,8.97814,8.9751
2015-07-29T10:08:10.000000Z,8.97817,8.9752
2015-07-29T10:08:20.000000Z,8.97827,8.97481
2015-07-29T10:08:30.000000Z,8.97793,8.97497
2015-07-29T10:08:40.000000Z,8.97817,8.97507
2015-07-29T10:08:50.000000Z,8.97798,8.97516
2015-07-29T10:09:00.000000Z,8.97819,8.97504
2015-07-29T10:09:10.000000Z,8.97805,8.97531
2015-07-29T10:09:20.000000Z,8.97822,8.97522
2015-07-29T10:09:30.000000Z,8.97745,8.97446
2015-07-29T10:09:40.000000Z,8.97762,8.97473
2015-07-29T10:09:50.000000Z,8.9778,8.97455
2015-07-29T10:10:00.000000Z,8.97806,8.97497
2015-07-29T10:10:10.000000Z,8.97823,8.97512
2015-07-29T10:10:20.000000Z,8.97785,8.9751
2015-07-29T10:10:30.000000Z,8.97845,8.97512
2015-07-29T10:10:40.000000Z,8.97796,8.97508
2015-07-29T10:10:50.000000Z,8.97721,8.9743
2015-07-29T10:11:00.000000Z,8.97868,8.97558
2015-07-29T10:11:10.000000Z,8.97918,8.97621
2015-07-29T10:11:20.000000Z,8.97923,8.97594
2015-07-29T10:11:30.000000Z,8.9793,8.97635
2015-07-29T10:11:40.000000Z,8.97975,8.97642
2015-07-29T10:11:50.000000Z,8.97973,8.97644
2015-07-29T10:12:00.000000Z,8.9805,8.97688
2015-07-29T10:12:10.000000Z,8.97974,8.97694
2015-07-29T10:12:20.000000Z,8.97973,8.9767
2015-07-29T10:12:30.000000Z,8.98,8.97708
2015-07-29T10:12:40.000000Z,8.97919,8.97579
2015-07-29T10:12:50.000000Z,8.97897,8.97569
2015-07-29T10:13:00.000000Z,8.97916,8.97568
2015-07-29T10:13:10.000000Z,8.98032,8.97708
2015-07-29T10:13:20.000000Z,8.98027,8.97685
2015-07-29T10:13:30.000000Z,8.9811,8.97808
2015-07-29T10:13:40.000000Z,8.98124,8.97821
2015-07-29T10:13:50.000000Z,8.9812,8.97838
2015-07-29T10:14:00.000000Z,8.98116,8.97839
2015-07-29T10:14:10.000000Z,8.98117,8.97841
2015-07-29T10:14:20.000000Z,8.98164,8.97848
2015-07-29T10:14:30.000000Z,8.98158,8.97892
2015-07-29T10:14:40.000000Z,8.98192,8.97871
2015-07-29T10:14:50.000000Z,8.98217,8.97932
2015-07-29T10:15:00.000000Z,8.98278,8.97963
2015-07-29T10:15:10.000000Z,8.98269,8.97951
2015-07-29T10:15:20.000000Z,8.98269,8.97983
2015-07-29T10:15:30.000000Z,8.98404,8.98123
2015-07-29T10:15:40.000000Z,8.98454,8.98142
2015-07-29T10:15:50.000000Z,8.98532,8.98234
2015-07-29T10:16:00.000000Z,8.98554,8.9826
2015-07-29T10:16:10.000000Z,8.98424,8.98014
2015-07-29T10:16:20.000000Z,8.98435,8.98149
2015-07-29T10:16:30.000000Z,8.98488,8.9819
2015-07-29T10:16:40.000000Z,8.98485,8.98205
2015-07-29T10:16:50.000000Z,8.98501,8.98188
2015-07-29T10:17:00.000000Z,8.98544,8.98265
2015-07-29T10:17:10.000000Z,8.98277,8.97973
2015-07-29T10:17:20.000000Z,8.98283,8.98025
2015-07-29T10:17:30.000000Z,8.98432,8.98117
2015-07-29T10:17:40.000000Z,8.98418,8.98107
2015-07-29T10:17:50.000000Z,8.98449,8.98145
2015-07-29T10:18:00.000000Z,8.98223,8.97844
2015-07-29T10:18:10.000000Z,8.97971,8.9766
2015-07-29T10:18:20.000000Z,8.98129,8.97797
2015-07-29T10:18:30.000000Z,8.98335,8.97995
2015-07-29T10:18:40.000000Z,8.98322,8.98044
2015-07-29T10:18:50.000000Z,8.98332,8.98048
2015-07-29T10:19:00.000000Z,8.98352,8.98048
2015-07-29T10:19:10.000000Z,8.98351,8.98048
2015-07-29T10:19:20.000000Z,8.98349,8.98044
2015-07-29T10:19:30.000000Z,8.9837,8.9809
2015-07-29T10:19:40.000000Z,8.98398,8.98089
2015-07-29T10:19:50.000000Z,8.98427,8.9811
2015-07-29T10:20:00.000000Z,8.98427,8.98115
2015-07-29T10:20:10.000000Z,8.98461,8.98174
2015-07-29T10:20:20.000000Z,8.98462,8.98184
2015-07-29T10:20:30.000000Z,8.98544,8.98268
2015-07-29T10:20:40.000000Z,8.9887,8.98347
2015-07-29T10:20:50.000000Z,8.98777,8.98475
2015-07-29T10:21:00.000000Z,8.9873,8.98442
2015-07-29T10:21:10.000000Z,8.98734,8.98443
2015-07-29T10:21:20.000000Z,8.98735,8.98443
2015-07-29T10:21:30.000000Z,8.98741,8.98466
2015-07-29T10:21:40.000000Z,8.98797,8.98506
2015-07-29T10:21:50.000000Z,8.98799,8.98516
2015-07-29T10:22:00.000000Z,8.98829,8.98507
2015-07-29T10:22:10.000000Z,8.98817,8.9852
2015-07-29T10:22:20.000000Z,8.98823,8.9852
2015-07-29T10:22:30.000000Z,8.98843,8.98538
2015-07-29T10:22:40.000000Z,8.98848,8.98538
2015-07-29T10:22:50.000000Z,8.98848,8.98528
2015-07-29T10:23:00.000000Z,8.98815,8.98521
2015-07-29T10:23:10.000000Z,8.98852,8.98525
2015-07-29T10:23:20.000000Z,8.98729,8.98447
2015-07-29T10:23:30.000000Z,8.98646,8.98353
2015-07-29T10:23:40.000000Z,8.98587,8.98299
2015-07-29T10:23:50.000000Z,8.98574,8.9824
2015-07-29T10:24:00.000000Z,8.98576,8.98244
2015-07-29T10:24:10.000000Z,8.98567,8.98233
2015-07-29T10:24:20.000000Z,8.98572,8.98268
2015-07-29T10:24:30.000000Z,8.98562,8.98258
2015-07-29T10:24:40.000000Z,8.98624,8.98316
2015-07-29T10:24:50.000000Z,8.98595,8.98316
2015-07-29T10:25:00.000000Z,8.98637,8.98304
2015-07-29T10:25:10.000000Z,8.98589,8.98223
2015-07-29T10:25:20.000000Z,8.98512,8.98224
2015-07-29T10:25:30.000000Z,8.98561,8.98225
2015-07-29T10:25:40.000000Z,8.9853,8.98231
2015-07-29T10:25:50.000000Z,8.98472,8.98194
2015-07-29T10:26:00.000000Z,8.98482,8.98217
2015-07-29T10:26:10.000000Z,8.98472,8.98201
2015-07-29T10:26:20.000000Z,8.98524,8.98233
2015-07-29T10:26:30.000000Z,8.98505,8.98244
2015-07-29T10:26:40.000000Z,8.98504,8.98242
2015-07-29T10:26:50.000000Z,8.98492,8.98226
2015-07-29T10:27:00.000000Z,8.98495,8.98238
2015-07-29T10:27:10.000000Z,8.98512,8.98255
2015-07-29T10:27:20.000000Z,8.98501,8.98231
2015-07-29T10:27:30.000000Z,8.98466,8.98222
2015-07-29T10:27:40.000000Z,8.98461,8.98198
2015-07-29T10:27:50.000000Z,8.98455,8.98198
2015-07-29T10:28:00.000000Z,8.98465,8.98227
2015-07-29T10:28:10.000000Z,8.98463,8.98205
2015-07-29T10:28:20.000000Z,8.98493,8.98224
2015-07-29T10:28:30.000000Z,8.98472,8.98218
2015-07-29T10:28:40.000000Z,8.98491,8.9822
2015-07-29T10:28:50.000000Z,8.98493,8.98228
2015-07-29T10:29:00.000000Z,8.98493,8.9823
2015-07-29T10:29:10.000000Z,8.9848,8.9823
2015-07-29T10:29:20.000000Z,8.9848,8.98226
2015-07-29T10:29:30.000000Z,8.9848,8.98224
2015-07-29T10:29:40.000000Z,8.98475,8.98231
2015-07-29T10:29:50.000000Z,8.98478,8.98231
2015-07-29T10:30:00.000000Z,8.98483,8.98231
2015-07-29T10:30:10.000000Z,8.98477,8.98231
2015-07-29T10:30:20.000000Z,8.9848,8.9823
2015-07-29T10:30:30.000000Z,8.98491,8.98231
2015-07-29T10:30:40.000000Z,8.98414,8.9814
2015-07-29T10:30:50.000000Z,8.98443,8.9814
2015-07-29T10:31:00.000000Z,8.98382,8.98154
2015-07-29T10:31:10.000000Z,8.98393,8.98146
2015-07-29T10:31:20.000000Z,8.98403,8.98143
2015-07-29T10:31:30.000000Z,8.98402,8.98144
2015-07-29T10:31:40.000000Z,8.98403,8.98143
2015-07-29T10:31:50.000000Z,8.98403,8.98148
2015-07-29T10:32:00.000000Z,8.98569,8.98272
2015-07-29T10:32:10.000000Z,8.98601,8.98361
2015-07-29T10:32:20.000000Z,8.98588,8.98352
2015-07-29T10:32:30.000000Z,8.98579,8.98352
2015-07-29T10:32:40.000000Z,8.98781,8.98413
2015-07-29T10:32:50.000000Z,8.98622,8.98355
2015-07-29T10:33:00.000000Z,8.9882,8.9839
2015-07-29T10:33:10.000000Z,8.98785,8.98515
2015-07-29T10:33:20.000000Z,8.98726,8.98461
2015-07-29T10:33:30.000000Z,8.9874,8.98464
2015-07-29T10:33:40.000000Z,8.98728,8.98465
2015-07-29T10:33:50.000000Z,8.98896,8.98606
2015-07-29T10:34:00.000000Z,8.98983,8.98675
2015-07-29T10:34:10.000000Z,8.99022,8.98654
2015-07-29T10:34:20.000000Z,8.99439,8.98926
2015-07-29T10:34:30.000000Z,8.99246,8.98946
2015-07-29T10:34:40.000000Z,8.9925,8.98947
2015-07-29T10:34:50.000000Z,8.99484,8.98839
2015-07-29T10:35:00.000000Z,8.99188,8.98877
2015-07-29T10:35:10.000000Z,8.99223,8.98911
2015-07-29T10:35:20.000000Z,8.99223,8.98912
2015-07-29T10:35:30.000000Z,8.9921,8.98943
2015-07-29T10:35:40.000000Z,8.99224,8.98939
2015-07-29T10:35:50.000000Z,8.99332,8.98969
2015-07-29T10:36:00.000000Z,8.99313,8.99033
2015-07-29T10:36:10.000000Z,8.99334,8.99051
2015-07-29T10:36:20.000000Z,8.99416,8.99107
2015-07-29T10:36:30.000000Z,8.99327,8.99073
2015-07-29T10:36:40.000000Z,8.99155,8.9885
2015-07-29T10:36:50.000000Z,8.99141,8.98857
2015-07-29T10:37:00.000000Z,8.99109,8.98854
2015-07-29T10:37:10.000000Z,8.99161,8.98885
2015-07-29T10:37:20.000000Z,8.99213,8.98948
2015-07-29T10:37:30.000000Z,8.99248,8.98901
2015-07-29T10:37:40.000000Z,8.99239,8.98924
2015-07-29T10:37:50.000000Z,8.99292,8.99033
2015-07-29T10:38:00.000000Z,8.99312,8.99041
2015-07-29T10:38:10.000000Z,8.99474,8.99104
2015-07-29T10:38:20.000000Z,8.99548,8.99101
2015-07-29T10:38:30.000000Z,8.99344,8.99054
2015-07-29T10:38:40.000000Z,8.99589,8.98974
2015-07-29T10:38:50.000000Z,8.99384,8.99063
2015-07-29T10:39:00.000000Z,8.99396,8.99089
2015-07-29T10:39:10.000000Z,8.99457,8.99122
2015-07-29T10:39:20.000000Z,8.99489,8.99075
2015-07-29T10:39:30.000000Z,8.99392,8.99102
2015-07-29T10:39:40.000000Z,8.99393,8.9911
2015-07-29T10:39:50.000000Z,8.99399,8.99104
2015-07-29T10:40:00.000000Z,8.99384,8.99091
2015-07-29T10:40:10.000000Z,8.994,8.99088
2015-07-29T10:40:20.000000Z,8.99356,8.99052
2015-07-29T10:40:30.000000Z,8.99284,8.98969
2015-07-29T10:40:40.000000Z,8.99281,8.98978
2015-07-29T10:40:50.000000Z,8.99244,8.98987
2015-07-29T10:41:00.000000Z,8.99241,8.98987
2015-07-29T10:41:10.000000Z,8.99239,8.98988
2015-07-29T10:41:20.000000Z,8.99248,8.98987
2015-07-29T10:41:30.000000Z,8.99267,8.98988
2015-07-29T10:41:40.000000Z,8.99264,8.98987
2015-07-29T10:41:50.000000Z,8.99272,8.98978
2015-07-29T10:42:00.000000Z,8.99259,8.98989
2015-07-29T10:42:10.000000Z,8.99253,8.98997
2015-07-29T10:42:20.000000Z,8.99258,8.98998
2015-07-29T10:42:30.000000Z,8.99268,8.98998
2015-07-29T10:42:40.000000Z,8.99272,8.98979
2015-07-29T10:42:50.000000Z,8.99269,8.98979
2015-07-29T10:43:00.000000Z,8.99269,8.98978
2015-07-29T10:43:10.000000Z,8.99272,8.98979
2015-07-29T10:43:20.000000Z,8.99238,8.98979
2015-07-29T10:43:30.000000Z,8.99215,8.98978
2015-07-29T10:43:40.000000Z,8.99233,8.98972
2015-07-29T10:43:50.000000Z,8.99218,8.98977
2015-07-29T10:44:00.000000Z,8.99214,8.9896
2015-07-29T10:44:10.000000Z,8.99236,8.98958
2015-07-29T10:44:20.000000Z,8.99222,8.98961
2015-07-29T10:44:30.000000Z,8.99223,8.98961
2015-07-29T10:44:40.000000Z,8.9925,8.98959
2015-07-29T10:44:50.000000Z,8.99232,8.98964
2015-07-29T10:45:00.000000Z,8.99228,8.98961
2015-07-29T10:45:10.000000Z,8.99229,8.98962
2015-07-29T10:45:20.000000Z,8.99226,8.98961
2015-07-29T10:45:30.000000Z,8.99223,8.98963
2015-07-29T10:45:40.000000Z,8.99228,8.98964
2015-07-29T10:45:50.000000Z,8.9922,8.98971
2015-07-29T10:46:00.000000Z,8.99217,8.98964
2015-07-29T10:46:10.000000Z,8.99214,8.98963
2015-07-29T10:46:20.000000Z,8.99218,8.98952
2015-07-29T10:46:30.000000Z,8.99209,8.98955
2015-07-29T10:46:40.000000Z,8.99239,8.98963
2015-07-29T10:46:50.000000Z,8.99239,8.98963
2015-07-29T10:47:00.000000Z,8.99228,8.98972
2015-07-29T10:47:10.000000Z,8.99226,8.98972
2015-07-29T10:47:20.000000Z,8.99229,8.98968
2015-07-29T10:47:30.000000Z,8.99224,8.98967
2015-07-29T10:47:40.000000Z,8.99224,8.9897
2015-07-29T10:47:50.000000Z,8.99225,8.9897
2015-07-29T10:48:00.000000Z,8.99229,8.9895
2015-07-29T10:48:10.000000Z,8.99231,8.9895
2015-07-29T10:48:20.000000Z,8.99233,8.98951
2015-07-29T10:48:30.000000Z,8.99221,8.9895
2015-07-29T10:48:40.000000Z,8.99201,8.9894
2015-07-29T10:48:50.000000Z,8.99223,8.98945
2015-07-29T10:49:00.000000Z,8.99219,8.98953
2015-07-29T10:49:10.000000Z,8.99225,8.98954
2015-07-29T10:49:20.000000Z,8.99235,8.98974
2015-07-29T10:49:30.000000Z,8.99231,8.98986
2015-07-29T10:49:40.000000Z,8.99234,8.98966
2015-07-29T10:49:50.000000Z,8.9926,8.99004
2015-07-29T10:50:00.000000Z,8.99232,8.98974
2015-07-29T10:50:10.000000Z,8.99231,8.98974
2015-07-29T10:50:20.000000Z,8.99222,8.98982
2015-07-29T10:50:30.000000Z,8.99247,8.98946
2015-07-29T10:50:40.000000Z,8.99217,8.98965
2015-07-29T10:50:50.000000Z,8.99276,8.98981
2015-07-29T10:51:00.000000Z,8.99273,8.98981
2015-07-29T10:51:10.000000Z,8.99272,8.98985
2015-07-29T10:51:20.000000Z,8.99275,8.98985
2015-07-29T10:51:30.000000Z,8.99273,8.98985
2015-07-29T10:51:40.000000Z,8.99278,8.98984
2015-07-29T10:51:50.000000Z,8.9925,8.98971
2015-07-29T10:52:00.000000Z,8.99225,8.98971
2015-07-29T10:52:10.000000Z,8.99233,8.9897
2015-07-29T10:52:20.000000Z,8.9921,8.9897
2015-07-29T10:52:30.000000Z,8.992,8.98935
2015-07-29T10:52:40.000000Z,8.99197,8.98936
2015-07-29T10:52:50.000000Z,8.99205,8.98928
2015-07-29T10:53:00.000000Z,8.99255,8.98966
2015-07-29T10:53:10.000000Z,8.99251,8.98967
2015-07-29T10:53:20.000000Z,8.99251,8.98963
2015-07-29T10:53:30.000000Z,8.99483,8.99146
2015-07-29T10:53:40.000000Z,8.99393,8.9906
2015-07-29T10:53:50.000000Z,8.99388,8.99079
2015-07-29T10:54:00.000000Z,8.99398,8.9908
2015-07-29T10:54:10.000000Z,8.9939,8.99093
2015-07-29T10:54:20.000000Z,8.99395,8.9909
2015-07-29T10:54:30.000000Z,8.99386,8.99089
2015-07-29T10:54:40.000000Z,8.99377,8.99082
2015-07-29T10:54:50.000000Z,8.9937,8.99087
2015-07-29T10:55:00.000000Z,8.99588,8.9931
2015-07-29T10:55:10.000000Z,8.99501,8.99198
2015-07-29T10:55:20.000000Z,8.9954,8.99224
2015-07-29T10:55:30.000000Z,8.99742,8.99434
2015-07-29T10:55:40.000000Z,8.99741,8.9943
2015-07-29T10:55:50.000000Z,8.99805,8.99475
