time,closeAsk,closeBid
2015-07-29T04:31:20.000000Z,13.89811,13.88416
2015-07-29T04:31:30.000000Z,13.89808,13.88416
2015-07-29T04:31:40.000000Z,13.89811,13.88416
2015-07-29T04:32:00.000000Z,13.8982,13.88416
2015-07-29T04:32:10.000000Z,13.89828,13.88416
2015-07-29T04:32:20.000000Z,13.89852,13.88429
2015-07-29T04:32:30.000000Z,13.89844,13.88416
2015-07-29T04:32:40.000000Z,13.89835,13.88416
2015-07-29T04:32:50.000000Z,13.8993,13.88441
2015-07-29T04:33:00.000000Z,13.89864,13.88441
2015-07-29T04:33:10.000000Z,13.89835,13.88416
2015-07-29T04:33:20.000000Z,13.89746,13.88328
2015-07-29T04:34:10.000000Z,13.89806,13.88403
2015-07-29T04:34:20.000000Z,13.89849,13.88453
2015-07-29T04:35:20.000000Z,13.89777,13.88353
2015-07-29T04:35:30.000000Z,13.89695,13.88303
2015-07-29T04:35:40.000000Z,13.89695,13.88303
2015-07-29T04:35:50.000000Z,13.89698,13.88315
2015-07-29T04:36:00.000000Z,13.89698,13.8829
2015-07-29T04:36:10.000000Z,13.89635,13.88165
2015-07-29T04:36:20.000000Z,13.8967,13.88203
2015-07-29T04:36:30.000000Z,13.8977,13.8829
2015-07-29T04:36:40.000000Z,13.89639,13.88165
2015-07-29T04:36:50.000000Z,13.89617,13.88127
2015-07-29T04:37:00.000000Z,13.8951,13.88027
2015-07-29T04:37:10.000000Z,13.89523,13.88096
2015-07-29T04:37:20.000000Z,13.89552,13.88133
2015-07-29T04:37:30.000000Z,13.89583,13.88217
2015-07-29T04:37:40.000000Z,13.8963,13.88205
2015-07-29T04:37:50.000000Z,13.89733,13.88305
2015-07-29T04:38:00.000000Z,13.89721,13.88316
2015-07-29T04:38:10.000000Z,13.8974,13.88316
2015-07-29T04:38:20.000000Z,13.89668,13.88316
2015-07-29T04:38:30.000000Z,13.89663,13.88316
2015-07-29T04:39:10.000000Z,13.89643,13.88327
2015-07-29T04:39:20.000000Z,13.89656,13.8834
2015-07-29T04:39:30.000000Z,13.89638,13.88351
2015-07-29T04:39:40.000000Z,13.89661,13.88261
2015-07-29T04:39:50.000000Z,13.89641,13.88282
2015-07-29T04:40:00.000000Z,13.89606,13.88368
2015-07-29T04:40:10.000000Z,13.89505,13.8826
2015-07-29T04:40:20.000000Z,13.8961,13.88368
2015-07-29T04:40:30.000000Z,13.89572,13.88305
2015-07-29T04:40:40.000000Z,13.89535,13.88255
2015-07-29T04:40:50.000000Z,13.89641,13.8838
2015-07-29T04:41:00.000000Z,13.89641,13.88393
2015-07-29T04:41:10.000000Z,13.89585,13.8833
2015-07-29T04:41:20.000000Z,13.89585,13.88274
2015-07-29T04:41:30.000000Z,13.89615,13.88221
2015-07-29T04:41:40.000000Z,13.89615,13.88225
2015-07-29T04:41:50.000000Z,13.89491,13.88163
2015-07-29T04:42:00.000000Z,13.8965,13.88247
2015-07-29T04:42:10.000000Z,13.89652,13.8817
2015-07-29T04:42:20.000000Z,13.89546,13.88233
2015-07-29T04:42:30.000000Z,13.89561,13.88116
2015-07-29T04:42:40.000000Z,13.89478,13.88108
2015-07-29T04:42:50.000000Z,13.89496,13.88145
2015-07-29T04:43:00.000000Z,13.8947,13.88121
2015-07-29T04:43:20.000000Z,13.89493,13.88134
2015-07-29T04:43:30.000000Z,13.89449,13.88134
2015-07-29T04:43:40.000000Z,13.89453,13.88171
2015-07-29T04:43:50.000000Z,13.89543,13.88259
2015-07-29T04:44:00.000000Z,13.89521,13.88234
2015-07-29T04:44:10.000000Z,13.89519,13.88234
2015-07-29T04:44:20.000000Z,13.89544,13.88184
2015-07-29T04:44:40.000000Z,13.89592,13.88259
2015-07-29T04:44:50.000000Z,13.89579,13.88247
2015-07-29T04:45:00.000000Z,13.89649,13.88272
2015-07-29T04:45:10.000000Z,13.8962,13.88259
2015-07-29T04:45:20.000000Z,13.89545,13.88272
2015-07-29T04:45:40.000000Z,13.89817,13.88535
2015-07-29T04:45:50.000000Z,13.89749,13.88485
2015-07-29T04:46:00.000000Z,13.89794,13.88485
2015-07-29T04:46:10.000000Z,13.89729,13.88435
2015-07-29T04:46:20.000000Z,13.89703,13.88397
2015-07-29T04:46:30.000000Z,13.89705,13.88397
2015-07-29T04:46:40.000000Z,13.8973,13.8846
2015-07-29T04:46:50.000000Z,13.89766,13.8851
2015-07-29T04:47:00.000000Z,13.89774,13.88472
2015-07-29T04:47:10.000000Z,13.8967,13.8836
2015-07-29T04:47:20.000000Z,13.89745,13.88397
2015-07-29T04:47:30.000000Z,13.89689,13.88385
2015-07-29T04:47:40.000000Z,13.89648,13.88385
2015-07-29T04:47:50.000000Z,13.89759,13.88472
2015-07-29T04:48:00.000000Z,13.89739,13.88473
2015-07-29T04:48:10.000000Z,13.89764,13.88485
2015-07-29T04:48:20.000000Z,13.89808,13.88485
2015-07-29T04:48:30.000000Z,13.8981,13.88485
2015-07-29T04:48:40.000000Z,13.89824,13.88485
2015-07-29T04:48:50.000000Z,13.89777,13.88485
2015-07-29T04:49:10.000000Z,13.89701,13.8841
2015-07-29T04:49:20.000000Z,13.89306,13.87946
2015-07-29T04:49:30.000000Z,13.89318,13.87958
2015-07-29T04:49:40.000000Z,13.89185,13.87807
2015-07-29T04:49:50.000000Z,13.89208,13.87857
2015-07-29T04:50:00.000000Z,13.89242,13.87883
2015-07-29T04:50:10.000000Z,13.89329,13.87959
2015-07-29T04:50:20.000000Z,13.89269,13.87971
2015-07-29T04:50:30.000000Z,13.8917,13.8787
2015-07-29T04:50:40.000000Z,13.89154,13.87825
2015-07-29T04:50:50.000000Z,13.89155,13.87832
2015-07-29T04:51:00.000000Z,13.89036,13.87713
2015-07-29T04:51:10.000000Z,13.89139,13.87788
2015-07-29T04:51:20.000000Z,13.8908,13.87725
2015-07-29T04:51:30.000000Z,13.8907,13.87774
2015-07-29T04:51:40.000000Z,13.8912,13.87824
2015-07-29T04:51:50.000000Z,13.89185,13.87881
2015-07-29T04:52:00.000000Z,13.8921,13.87926
2015-07-29T04:52:10.000000Z,13.89231,13.87908
2015-07-29T04:52:20.000000Z,13.89169,13.87858
2015-07-29T04:52:30.000000Z,13.89085,13.87794
2015-07-29T04:52:40.000000Z,13.89152,13.87863
2015-07-29T04:52:50.000000Z,13.8919,13.87838
2015-07-29T04:53:00.000000Z,13.89234,13.87883
2015-07-29T04:53:10.000000Z,13.89176,13.87888
2015-07-29T04:53:30.000000Z,13.89178,13.87888
2015-07-29T04:53:50.000000Z,13.8915,13.87876
2015-07-29T04:54:00.000000Z,13.89173,13.87888
2015-07-29T04:54:10.000000Z,13.89143,13.87869
2015-07-29T04:54:20.000000Z,13.89165,13.87894
2015-07-29T04:54:30.000000Z,13.89117,13.87856
2015-07-29T04:54:40.000000Z,13.89081,13.87799
2015-07-29T04:54:50.000000Z,13.89101,13.8783
2015-07-29T04:55:00.000000Z,13.89101,13.87842
2015-07-29T04:55:10.000000Z,13.89117,13.87849
2015-07-29T04:55:20.000000Z,13.89168,13.87887
2015-07-29T04:55:30.000000Z,13.89228,13.87962
2015-07-29T04:55:40.000000Z,13.89084,13.87792
2015-07-29T04:55:50.000000Z,13.89137,13.87792
2015-07-29T04:56:00.000000Z,13.89186,13.87919
2015-07-29T04:56:10.000000Z,13.89188,13.87917
2015-07-29T04:56:20.000000Z,13.89193,13.87943
2015-07-29T04:56:30.000000Z,13.89115,13.87866
2015-07-29T04:56:40.000000Z,13.89182,13.8793
2015-07-29T04:56:50.000000Z,13.89247,13.87992
2015-07-29T04:57:00.000000Z,13.89244,13.87993
2015-07-29T04:57:10.000000Z,13.89152,13.87916
2015-07-29T04:57:20.000000Z,13.89086,13.87864
2015-07-29T04:57:30.000000Z,13.89036,13.87826
2015-07-29T04:57:40.000000Z,13.8904,13.87827
2015-07-29T04:57:50.000000Z,13.89059,13.87834
2015-07-29T04:58:00.000000Z,13.891,13.87803
2015-07-29T04:58:10.000000Z,13.89078,13.87748
2015-07-29T04:58:20.000000Z,13.89063,13.87813
2015-07-29T04:58:30.000000Z,13.88987,13.87743
2015-07-29T04:58:40.000000Z,13.88787,13.87557
2015-07-29T04:58:50.000000Z,13.88791,13.87527
2015-07-29T04:59:00.000000Z,13.88997,13.877
2015-07-29T04:59:10.000000Z,13.88976,13.876
2015-07-29T04:59:20.000000Z,13.88884,13.87593
2015-07-29T04:59:30.000000Z,13.88802,13.87516
2015-07-29T04:59:40.000000Z,13.88856,13.87521
2015-07-29T04:59:50.000000Z,13.88768,13.87509
2015-07-29T05:00:00.000000Z,13.88844,13.87491
2015-07-29T05:00:10.000000Z,13.88799,13.87524
2015-07-29T05:00:20.000000Z,13.8884,13.87536
2015-07-29T05:00:30.000000Z,13.88843,13.87537
2015-07-29T05:00:40.000000Z,13.88967,13.87743
2015-07-29T05:00:50.000000Z,13.89017,13.8779
2015-07-29T05:01:00.000000Z,13.89042,13.87791
2015-07-29T05:01:10.000000Z,13.89003,13.87731
2015-07-29T05:01:20.000000Z,13.89003,13.87745
2015-07-29T05:01:30.000000Z,13.88981,13.87759
2015-07-29T05:01:40.000000Z,13.88981,13.87763
2015-07-29T05:01:50.000000Z,13.88992,13.87754
2015-07-29T05:02:00.000000Z,13.89093,13.87844
2015-07-29T05:02:10.000000Z,13.89118,13.87864
2015-07-29T05:02:20.000000Z,13.89245,13.87989
2015-07-29T05:02:30.000000Z,13.89234,13.88008
2015-07-29T05:02:40.000000Z,13.89198,13.88015
2015-07-29T05:02:50.000000Z,13.89219,13.87993
2015-07-29T05:03:00.000000Z,13.89257,13.8802
2015-07-29T05:03:10.000000Z,13.89323,13.88093
2015-07-29T05:03:20.000000Z,13.89377,13.88109
2015-07-29T05:03:30.000000Z,13.89416,13.88134
2015-07-29T05:03:40.000000Z,13.89378,13.88109
2015-07-29T05:03:50.000000Z,13.8938,13.88108
2015-07-29T05:04:00.000000Z,13.89409,13.88075
2015-07-29T05:04:10.000000Z,13.89331,13.88024
2015-07-29T05:04:20.000000Z,13.89422,13.88026
2015-07-29T05:04:30.000000Z,13.8931,13.87975
2015-07-29T05:04:40.000000Z,13.89276,13.87938
2015-07-29T05:04:50.000000Z,13.89417,13.88061
2015-07-29T05:05:00.000000Z,13.89256,13.87922
2015-07-29T05:05:10.000000Z,13.89328,13.87953
2015-07-29T05:05:20.000000Z,13.89305,13.87976
2015-07-29T05:05:30.000000Z,13.89323,13.87953
2015-07-29T05:05:40.000000Z,13.89247,13.87926
2015-07-29T05:05:50.000000Z,13.89247,13.87926
2015-07-29T05:06:00.000000Z,13.89262,13.8795
2015-07-29T05:06:20.000000Z,13.89243,13.87914
2015-07-29T05:06:30.000000Z,13.89241,13.87937
2015-07-29T05:06:40.000000Z,13.89254,13.87925
2015-07-29T05:06:50.000000Z,13.89335,13.87977
2015-07-29T05:07:00.000000Z,13.89397,13.88028
2015-07-29T05:07:10.000000Z,13.89426,13.88053
2015-07-29T05:07:20.000000Z,13.8943,13.88066
2015-07-29T05:07:40.000000Z,13.89448,13.88041
2015-07-29T05:07:50.000000Z,13.89515,13.88086
2015-07-29T05:08:00.000000Z,13.89465,13.88048
2015-07-29T05:08:10.000000Z,13.89448,13.88028
2015-07-29T05:08:20.000000Z,13.89568,13.88148
2015-07-29T05:08:30.000000Z,13.89518,13.88098
2015-07-29T05:08:40.000000Z,13.89364,13.87964
2015-07-29T05:08:50.000000Z,13.89471,13.88112
2015-07-29T05:09:00.000000Z,13.89451,13.88074
2015-07-29T05:09:10.000000Z,13.89382,13.88096
2015-07-29T05:09:20.000000Z,13.89357,13.88057
2015-07-29T05:09:30.000000Z,13.8935,13.88033
2015-07-29T05:09:40.000000Z,13.89395,13.88047
2015-07-29T05:09:50.000000Z,13.8931,13.87983
2015-07-29T05:10:00.000000Z,13.89359,13.87985
2015-07-29T05:10:10.000000Z,13.89497,13.88041
2015-07-29T05:10:20.000000Z,13.89504,13.88073
2015-07-29T05:10:30.000000Z,13.89502,13.88079
2015-07-29T05:10:40.000000Z,13.89488,13.88089
2015-07-29T05:10:50.000000Z,13.89232,13.87947
2015-07-29T05:11:00.000000Z,13.89375,13.88074
2015-07-29T05:11:10.000000Z,13.893,13.87986
2015-07-29T05:11:20.000000Z,13.89294,13.88046
2015-07-29T05:11:30.000000Z,13.89338,13.88046
2015-07-29T05:11:40.000000Z,13.89334,13.88009
2015-07-29T05:11:50.000000Z,13.89309,13.87985
2015-07-29T05:12:10.000000Z,13.89305,13.87952
2015-07-29T05:12:20.000000Z,13.89285,13.87951
2015-07-29T05:12:30.000000Z,13.89273,13.87962
2015-07-29T05:12:40.000000Z,13.89122,13.87893
2015-07-29T05:12:50.000000Z,13.89212,13.87934
2015-07-29T05:13:00.000000Z,13.89218,13.87924
2015-07-29T05:13:10.000000Z,13.89136,13.87933
2015-07-29T05:13:20.000000Z,13.89111,13.87898
2015-07-29T05:13:30.000000Z,13.89126,13.87908
2015-07-29T05:13:40.000000Z,13.89073,13.87861
2015-07-29T05:14:00.000000Z,13.88986,13.87764
2015-07-29T05:14:10.000000Z,13.89017,13.87739
2015-07-29T05:14:20.000000Z,13.89105,13.8781
2015-07-29T05:14:30.000000Z,13.88967,13.87692
2015-07-29T05:14:40.000000Z,13.89044,13.87647
2015-07-29T05:14:50.000000Z,13.89045,13.87652
2015-07-29T05:15:00.000000Z,13.89044,13.87649
2015-07-29T05:15:10.000000Z,13.88994,13.87587
2015-07-29T05:15:20.000000Z,13.88969,13.87558
2015-07-29T05:15:30.000000Z,13.88981,13.87583
2015-07-29T05:15:40.000000Z,13.89007,13.87603
2015-07-29T05:15:50.000000Z,13.89064,13.87745
2015-07-29T05:16:00.000000Z,13.89076,13.87788
2015-07-29T05:16:10.000000Z,13.89017,13.87744
2015-07-29T05:16:20.000000Z,13.89011,13.87757
2015-07-29T05:16:40.000000Z,13.88886,13.87677
2015-07-29T05:16:50.000000Z,13.88924,13.877
2015-07-29T05:17:00.000000Z,13.88999,13.87764
2015-07-29T05:17:10.000000Z,13.88999,13.87759
2015-07-29T05:17:20.000000Z,13.88999,13.87744
2015-07-29T05:17:30.000000Z,13.88962,13.87726
2015-07-29T05:17:40.000000Z,13.88949,13.87726
2015-07-29T05:17:50.000000Z,13.88961,13.87719
2015-07-29T05:18:00.000000Z,13.88987,13.87732
2015-07-29T05:18:10.000000Z,13.88986,13.87727
2015-07-29T05:18:20.000000Z,13.88987,13.8773
2015-07-29T05:18:30.000000Z,13.88987,13.87717
2015-07-29T05:18:40.000000Z,13.89099,13.87807
2015-07-29T05:18:50.000000Z,13.89062,13.87805
2015-07-29T05:19:00.000000Z,13.89087,13.87816
2015-07-29T05:19:10.000000Z,13.89238,13.87952
2015-07-29T05:19:20.000000Z,13.8915,13.87896
2015-07-29T05:19:30.000000Z,13.89137,13.87869
2015-07-29T05:19:40.000000Z,13.89225,13.87963
2015-07-29T05:19:50.000000Z,13.89225,13.87962
2015-07-29T05:20:00.000000Z,13.89137,13.87873
2015-07-29T05:20:10.000000Z,13.89112,13.87836
2015-07-29T05:20:20.000000Z,13.89137,13.87874
2015-07-29T05:20:30.000000Z,13.89011,13.87757
2015-07-29T05:20:40.000000Z,13.89012,13.87752
2015-07-29T05:20:50.000000Z,13.88925,13.87686
2015-07-29T05:21:00.000000Z,13.88899,13.87665
2015-07-29T05:21:10.000000Z,13.88924,13.87714
2015-07-29T05:21:20.000000Z,13.88936,13.87713
2015-07-29T05:21:30.000000Z,13.88899,13.8769
2015-07-29T05:21:50.000000Z,13.88924,13.87713
2015-07-29T05:22:00.000000Z,13.88999,13.87772
2015-07-29T05:22:10.000000Z,13.88999,13.87774
2015-07-29T05:22:20.000000Z,13.88999,13.87774
2015-07-29T05:22:30.000000Z,13.88986,13.87783
2015-07-29T05:22:40.000000Z,13.89037,13.87792
2015-07-29T05:22:50.000000Z,13.89037,13.87831
2015-07-29T05:23:00.000000Z,13.89037,13.87784
2015-07-29T05:23:10.000000Z,13.8915,13.87855
2015-07-29T05:23:20.000000Z,13.89024,13.87697
2015-07-29T05:23:30.000000Z,13.89024,13.877
2015-07-29T05:23:40.000000Z,13.88994,13.87726
2015-07-29T05:23:50.000000Z,13.89112,13.87825
2015-07-29T05:24:00.000000Z,13.89012,13.87727
2015-07-29T05:24:10.000000Z,13.88886,13.87608
2015-07-29T05:24:20.000000Z,13.88936,13.87658
2015-07-29T05:24:30.000000Z,13.89212,13.87884
2015-07-29T05:24:40.000000Z,13.88974,13.87684
2015-07-29T05:24:50.000000Z,13.88899,13.8762
2015-07-29T05:25:00.000000Z,13.88899,13.87619
2015-07-29T05:25:10.000000Z,13.88899,13.87639
2015-07-29T05:25:20.000000Z,13.88911,13.87657
2015-07-29T05:25:30.000000Z,13.88911,13.87667
2015-07-29T05:25:40.000000Z,13.88886,13.87659
2015-07-29T05:25:50.000000Z,13.88874,13.87659
2015-07-29T05:26:00.000000Z,13.88924,13.8767
2015-07-29T05:26:10.000000Z,13.88924,13.8768
2015-07-29T05:26:20.000000Z,13.88936,13.87697
2015-07-29T05:26:30.000000Z,13.88961,13.87709
2015-07-29T05:26:40.000000Z,13.89012,13.87744
2015-07-29T05:26:50.000000Z,13.89041,13.87782
2015-07-29T05:27:00.000000Z,13.891,13.87584
2015-07-29T05:27:10.000000Z,13.88978,13.87605
2015-07-29T05:27:20.000000Z,13.88983,13.8763
2015-07-29T05:27:30.000000Z,13.88944,13.87593
2015-07-29T05:27:40.000000Z,13.89002,13.87655
2015-07-29T05:27:50.000000Z,13.8892,13.87555
2015-07-29T05:28:00.000000Z,13.88871,13.8753
2015-07-29T05:28:10.000000Z,13.88882,13.8753
2015-07-29T05:28:20.000000Z,13.88832,13.87442
2015-07-29T05:28:30.000000Z,13.88908,13.87517
2015-07-29T05:28:40.000000Z,13.88892,13.87518
2015-07-29T05:28:50.000000Z,13.88887,13.87517
2015-07-29T05:29:00.000000Z,13.88883,13.87518
2015-07-29T05:29:10.000000Z,13.88919,13.87555
2015-07-29T05:29:20.000000Z,13.88919,13.87555
2015-07-29T05:29:30.000000Z,13.88906,13.87555
2015-07-29T05:29:40.000000Z,13.88922,13.87543
2015-07-29T05:29:50.000000Z,13.88911,13.87555
2015-07-29T05:30:00.000000Z,13.88928,13.8758
2015-07-29T05:30:10.000000Z,13.88927,13.8758
2015-07-29T05:30:20.000000Z,13.88932,13.87568
2015-07-29T05:30:30.000000Z,13.88938,13.87547
2015-07-29T05:30:40.000000Z,13.88971,13.87442
2015-07-29T05:30:50.000000Z,13.88972,13.87481
2015-07-29T05:31:00.000000Z,13.88917,13.87555
2015-07-29T05:31:10.000000Z,13.88879,13.8753
2015-07-29T05:31:20.000000Z,13.88804,13.8743
2015-07-29T05:31:30.000000Z,13.88795,13.87392
2015-07-29T05:31:40.000000Z,13.88802,13.87392
2015-07-29T05:31:50.000000Z,13.88858,13.87442
2015-07-29T05:32:00.000000Z,13.88842,13.87442
2015-07-29T05:32:10.000000Z,13.88806,13.87393
2015-07-29T05:32:20.000000Z,13.88838,13.87406
2015-07-29T05:32:30.000000Z,13.88715,13.87305
2015-07-29T05:32:40.000000Z,13.88714,13.87314
2015-07-29T05:32:50.000000Z,13.88688,13.87276
2015-07-29T05:33:00.000000Z,13.88698,13.87276
2015-07-29T05:33:10.000000Z,13.8878,13.87376
2015-07-29T05:33:20.000000Z,13.88622,13.87213
2015-07-29T05:33:30.000000Z,13.88552,13.87138
2015-07-29T05:33:40.000000Z,13.88246,13.86798
2015-07-29T05:33:50.000000Z,13.88377,13.86898
2015-07-29T05:34:00.000000Z,13.88035,13.86785
2015-07-29T05:34:10.000000Z,13.8801,13.8678
2015-07-29T05:34:20.000000Z,13.87859,13.86603
2015-07-29T05:34:30.000000Z,13.87997,13.86762
2015-07-29T05:34:40.000000Z,13.87972,13.86727
2015-07-29T05:34:50.000000Z,13.87897,13.86662
2015-07-29T05:35:00.000000Z,13.87834,13.86604
2015-07-29T05:35:10.000000Z,13.87859,13.86617
2015-07-29T05:35:20.000000Z,13.88035,13.86776
2015-07-29T05:35:30.000000Z,13.88136,13.86883
2015-07-29T05:35:40.000000Z,13.8811,13.8685
2015-07-29T05:35:50.000000Z,13.8811,13.86854
2015-07-29T05:36:00.000000Z,13.88236,13.86974
2015-07-29T05:36:10.000000Z,13.88274,13.87013
2015-07-29T05:36:20.000000Z,13.88198,13.86951
2015-07-29T05:36:30.000000Z,13.88211,13.86963
2015-07-29T05:36:40.000000Z,13.88211,13.86962
2015-07-29T05:36:50.000000Z,13.88186,13.86934
2015-07-29T05:37:00.000000Z,13.87934,13.86678
2015-07-29T05:37:10.000000Z,13.87884,13.86633
2015-07-29T05:37:20.000000Z,13.87955,13.86694
2015-07-29T05:37:30.000000Z,13.87934,13.86711
2015-07-29T05:37:40.000000Z,13.87947,13.86719
2015-07-29T05:38:10.000000Z,13.87859,13.86621
2015-07-29T05:38:20.000000Z,13.87596,13.86414
2015-07-29T05:38:30.000000Z,13.87771,13.8651
2015-07-29T05:38:40.000000Z,13.87847,13.86602
2015-07-29T05:38:50.000000Z,13.87758,13.86524
2015-07-29T05:39:00.000000Z,13.87846,13.86604
2015-07-29T05:39:10.000000Z,13.87847,13.86611
2015-07-29T05:39:20.000000Z,13.87872,13.86629
2015-07-29T05:39:30.000000Z,13.87872,13.8664
2015-07-29T05:39:40.000000Z,13.87847,13.866
2015-07-29T05:39:50.000000Z,13.87959,13.86716
2015-07-29T05:40:00.000000Z,13.87947,13.86725
2015-07-29T05:40:10.000000Z,13.8806,13.86814
2015-07-29T05:40:20.000000Z,13.88098,13.86852
2015-07-29T05:40:30.000000Z,13.87922,13.86693
2015-07-29T05:40:40.000000Z,13.87922,13.86697
2015-07-29T05:40:50.000000Z,13.87935,13.86713
2015-07-29T05:41:00.000000Z,13.88148,13.86879
2015-07-29T05:41:10.000000Z,13.88135,13.8688
2015-07-29T05:41:20.000000Z,13.88073,13.86815
2015-07-29T05:41:30.000000Z,13.88061,13.86816
2015-07-29T05:41:40.000000Z,13.88098,13.86826
2015-07-29T05:41:50.000000Z,13.88228,13.86978
2015-07-29T05:42:00.000000Z,13.88198,13.86944
2015-07-29T05:42:10.000000Z,13.88198,13.86949
2015-07-29T05:42:20.000000Z,13.88198,13.86946
2015-07-29T05:42:30.000000Z,13.88211,13.86963
2015-07-29T05:42:40.000000Z,13.88362,13.87101
2015-07-29T05:43:00.000000Z,13.88362,13.87108
2015-07-29T05:43:10.000000Z,13.88311,13.87045
2015-07-29T05:43:20.000000Z,13.88622,13.87414
2015-07-29T05:43:30.000000Z,13.88718,13.87275
2015-07-29T05:43:40.000000Z,13.88824,13.8741
2015-07-29T05:43:50.000000Z,13.88825,13.87335
2015-07-29T05:44:00.000000Z,13.88829,13.87347
2015-07-29T05:44:10.000000Z,13.8881,13.87335
2015-07-29T05:44:20.000000Z,13.88798,13.87322
2015-07-29T05:44:30.000000Z,13.88808,13.87345
2015-07-29T05:44:40.000000Z,13.88811,13.87336
2015-07-29T05:44:50.000000Z,13.88812,13.87347
2015-07-29T05:45:00.000000Z,13.88803,13.87369
2015-07-29T05:45:10.000000Z,13.88816,13.87367
2015-07-29T05:45:20.000000Z,13.88938,13.87431
2015-07-29T05:45:30.000000Z,13.88912,13.8741
2015-07-29T05:45:40.000000Z,13.88879,13.87441
2015-07-29T05:45:50.000000Z,13.88912,13.87414
2015-07-29T05:46:00.000000Z,13.889,13.87361
2015-07-29T05:46:10.000000Z,13.88879,13.87412
2015-07-29T05:46:20.000000Z,13.88879,13.87413
2015-07-29T05:46:30.000000Z,13.88879,13.8742
2015-07-29T05:46:40.000000Z,13.88879,13.87403
2015-07-29T05:46:50.000000Z,13.88791,13.87348
2015-07-29T05:47:00.000000Z,13.88857,13.87297
2015-07-29T05:47:10.000000Z,13.88791,13.87348
2015-07-29T05:47:20.000000Z,13.88791,13.87359
2015-07-29T05:47:30.000000Z,13.88779,13.87327
2015-07-29T05:47:40.000000Z,13.88858,13.87304
2015-07-29T05:47:50.000000Z,13.88806,13.8732
2015-07-29T05:48:00.000000Z,13.88803,13.87322
2015-07-29T05:48:10.000000Z,13.88837,13.87315
2015-07-29T05:48:20.000000Z,13.88837,13.87304
2015-07-29T05:48:30.000000Z,13.88619,13.87109
2015-07-29T05:48:40.000000Z,13.88693,13.87202
2015-07-29T05:48:50.000000Z,13.88657,13.87167
2015-07-29T05:49:00.000000Z,13.88594,13.8713
2015-07-29T05:49:10.000000Z,13.88594,13.87118
2015-07-29T05:49:20.000000Z,13.88619,13.87136
2015-07-29T05:49:30.000000Z,13.88694,13.87216
2015-07-29T05:49:40.000000Z,13.88694,13.87212
2015-07-29T05:49:50.000000Z,13.8864,13.87217
2015-07-29T05:50:00.000000Z,13.88634,13.87229
2015-07-29T05:50:20.000000Z,13.88634,13.87229
2015-07-29T05:50:30.000000Z,13.88657,13.87216
2015-07-29T05:50:40.000000Z,13.8868,13.87243
2015-07-29T05:51:00.000000Z,13.88668,13.87249
2015-07-29T05:51:10.000000Z,13.88618,13.87211
2015-07-29T05:51:20.000000Z,13.88631,13.87224
2015-07-29T05:51:30.000000Z,13.88514,13.87089
2015-07-29T05:51:40.000000Z,13.8845,13.86992
2015-07-29T05:51:50.000000Z,13.88452,13.86991
2015-07-29T05:52:00.000000Z,13.88284,13.86811
2015-07-29T05:52:10.000000Z,13.88262,13.86812
2015-07-29T05:52:20.000000Z,13.88287,13.8677
2015-07-29T05:52:30.000000Z,13.88278,13.86836
2015-07-29T05:52:40.000000Z,13.88281,13.86837
2015-07-29T05:52:50.000000Z,13.88304,13.86837
2015-07-29T05:53:00.000000Z,13.8842,13.86975
2015-07-29T05:53:10.000000Z,13.88401,13.86899
2015-07-29T05:53:20.000000Z,13.88389,13.86924
2015-07-29T05:53:30.000000Z,13.88381,13.86946
2015-07-29T05:53:40.000000Z,13.88406,13.86946
2015-07-29T05:53:50.000000Z,13.88376,13.86933
2015-07-29T05:54:00.000000Z,13.88425,13.86969
2015-07-29T05:54:10.000000Z,13.88459,13.86972
2015-07-29T05:54:20.000000Z,13.88519,13.87037
2015-07-29T05:54:30.000000Z,13.88524,13.87062
2015-07-29T05:54:40.000000Z,13.88529,13.87062
2015-07-29T05:54:50.000000Z,13.88536,13.87062
2015-07-29T05:55:00.000000Z,13.88537,13.87062
2015-07-29T05:55:10.000000Z,13.88539,13.87062
2015-07-29T05:55:20.000000Z,13.88523,13.87062
2015-07-29T05:55:30.000000Z,13.885,13.87012
2015-07-29T05:55:40.000000Z,13.88489,13.87037
2015-07-29T05:55:50.000000Z,13.88504,13.87037
2015-07-29T05:56:00.000000Z,13.88379,13.86911
2015-07-29T05:56:10.000000Z,13.88388,13.86911
2015-07-29T05:56:20.000000Z,13.88459,13.86185
2015-07-29T05:56:30.000000Z,13.8836,13.8668
2015-07-29T05:56:40.000000Z,13.8842,13.86731
2015-07-29T05:56:50.000000Z,13.88371,13.86727
2015-07-29T05:57:00.000000Z,13.88418,13.86754
2015-07-29T05:57:10.000000Z,13.88404,13.8675
2015-07-29T05:57:20.000000Z,13.88316,13.86699
2015-07-29T05:57:30.000000Z,13.88303,13.86663
2015-07-29T05:57:40.000000Z,13.88327,13.86675
2015-07-29T05:57:50.000000Z,13.88327,13.86675
2015-07-29T05:58:00.000000Z,13.88236,13.86544
2015-07-29T05:58:10.000000Z,13.8822,13.86495
2015-07-29T05:58:20.000000Z,13.88139,13.8637
2015-07-29T05:58:30.000000Z,13.88028,13.86226
2015-07-29T05:58:40.000000Z,13.88082,13.86064
2015-07-29T05:58:50.000000Z,13.8801,13.86183
2015-07-29T05:59:00.000000Z,13.88002,13.86367
2015-07-29T05:59:10.000000Z,13.88174,13.86571
2015-07-29T05:59:20.000000Z,13.88185,13.86598
2015-07-29T05:59:30.000000Z,13.88168,13.86557
2015-07-29T05:59:40.000000Z,13.88156,13.86573
2015-07-29T05:59:50.000000Z,13.88283,13.86717
2015-07-29T06:00:00.000000Z,13.88312,13.86713
2015-07-29T06:00:10.000000Z,13.8832,13.86813
2015-07-29T06:00:20.000000Z,13.88265,13.86832
2015-07-29T06:00:30.000000Z,13.88355,13.8688
2015-07-29T06:00:40.000000Z,13.88361,13.86867
2015-07-29T06:00:50.000000Z,13.88429,13.86955
2015-07-29T06:01:00.000000Z,13.8843,13.86977
2015-07-29T06:01:10.000000Z,13.88347,13.86889
2015-07-29T06:01:20.000000Z,13.88412,13.86915
2015-07-29T06:01:30.000000Z,13.88456,13.87048
2015-07-29T06:01:40.000000Z,13.88441,13.86994
2015-07-29T06:01:50.000000Z,13.88328,13.86914
2015-07-29T06:02:00.000000Z,13.88418,13.86953
2015-07-29T06:02:10.000000Z,13.8843,13.86988
2015-07-29T06:02:20.000000Z,13.8842,13.86976
2015-07-29T06:02:30.000000Z,13.88443,13.87116
2015-07-29T06:02:40.000000Z,13.88428,13.87089
2015-07-29T06:02:50.000000Z,13.88335,13.87047
2015-07-29T06:03:00.000000Z,13.88332,13.87013
2015-07-29T06:03:10.000000Z,13.88318,13.86975
2015-07-29T06:03:20.000000Z,13.88392,13.87063
2015-07-29T06:03:30.000000Z,13.88446,13.8709
2015-07-29T06:03:40.000000Z,13.88527,13.87166
2015-07-29T06:03:50.000000Z,13.88457,13.87091
2015-07-29T06:04:00.000000Z,13.88545,13.87166
2015-07-29T06:04:10.000000Z,13.88563,13.87179
2015-07-29T06:04:20.000000Z,13.88525,13.87148
2015-07-29T06:04:30.000000Z,13.88567,13.87202
2015-07-29T06:04:40.000000Z,13.88521,13.87152
2015-07-29T06:04:50.000000Z,13.88571,13.87215
2015-07-29T06:05:00.000000Z,13.88578,13.87204
2015-07-29T06:05:10.000000Z,13.88632,13.87242
2015-07-29T06:05:20.000000Z,13.88393,13.87106
2015-07-29T06:05:30.000000Z,13.88401,13.87107
2015-07-29T06:05:40.000000Z,13.88561,13.87166
2015-07-29T06:05:50.000000Z,13.88682,13.87305
2015-07-29T06:06:00.000000Z,13.88354,13.87093
2015-07-29T06:06:10.000000Z,13.88359,13.87107
2015-07-29T06:06:20.000000Z,13.88386,13.87132
2015-07-29T06:06:30.000000Z,13.9024,13.86461
2015-07-29T06:06:40.000000Z,13.89954,13.87253
2015-07-29T06:06:50.000000Z,13.89668,13.87984
2015-07-29T06:07:00.000000Z,13.8971,13.88262
2015-07-29T06:07:10.000000Z,13.89669,13.88243
2015-07-29T06:07:20.000000Z,13.89563,13.88132
2015-07-29T06:07:30.000000Z,13.89196,13.87999
2015-07-29T06:07:40.000000Z,13.89212,13.88002
2015-07-29T06:07:50.000000Z,13.892,13.87944
2015-07-29T06:08:00.000000Z,13.89212,13.87989
2015-07-29T06:08:10.000000Z,13.89212,13.87985
2015-07-29T06:08:20.000000Z,13.89313,13.88073
2015-07-29T06:08:30.000000Z,13.89277,13.88048
2015-07-29T06:08:40.000000Z,13.89277,13.88083
2015-07-29T06:08:50.000000Z,13.89302,13.88045
2015-07-29T06:09:00.000000Z,13.89139,13.87905
2015-07-29T06:09:10.000000Z,13.89064,13.87862
2015-07-29T06:09:20.000000Z,13.88435,13.87089
2015-07-29T06:09:30.000000Z,13.88449,13.87249
2015-07-29T06:09:40.000000Z,13.88298,13.87097
2015-07-29T06:09:50.000000Z,13.8821,13.86999
2015-07-29T06:10:00.000000Z,13.8821,13.86995
2015-07-29T06:10:10.000000Z,13.88298,13.87073
2015-07-29T06:10:20.000000Z,13.8816,13.87013
2015-07-29T06:10:30.000000Z,13.88292,13.871
2015-07-29T06:10:40.000000Z,13.88283,13.871
2015-07-29T06:10:50.000000Z,13.88283,13.87087
2015-07-29T06:11:00.000000Z,13.8835,13.87188
2015-07-29T06:11:10.000000Z,13.8837,13.87238
2015-07-29T06:11:20.000000Z,13.88358,13.8718
2015-07-29T06:11:30.000000Z,13.88512,13.87306
2015-07-29T06:11:40.000000Z,13.88609,13.87395
2015-07-29T06:11:50.000000Z,13.88487,13.87328
2015-07-29T06:12:00.000000Z,13.88368,13.87166
2015-07-29T06:12:10.000000Z,13.885,13.87325
2015-07-29T06:12:20.000000Z,13.885,13.87322
2015-07-29T06:12:30.000000Z,13.88499,13.87317
2015-07-29T06:12:40.000000Z,13.88499,13.87317
2015-07-29T06:12:50.000000Z,13.88525,13.87349
2015-07-29T06:13:00.000000Z,13.88613,13.87438
2015-07-29T06:13:10.000000Z,13.88613,13.87432
2015-07-29T06:13:20.000000Z,13.88807,13.87433
2015-07-29T06:13:30.000000Z,13.88781,13.87418
2015-07-29T06:13:40.000000Z,13.88349,13.87011
2015-07-29T06:13:50.000000Z,13.88481,13.87114
2015-07-29T06:14:00.000000Z,13.8842,13.87052
2015-07-29T06:14:10.000000Z,13.88425,13.87041
2015-07-29T06:14:20.000000Z,13.8854,13.87204
2015-07-29T06:14:30.000000Z,13.88639,13.87292
2015-07-29T06:14:40.000000Z,13.8862,13.87266
2015-07-29T06:15:00.000000Z,13.88519,13.87199
2015-07-29T06:15:10.000000Z,13.88537,13.87223
2015-07-29T06:15:20.000000Z,13.88458,13.8712
2015-07-29T06:15:30.000000Z,13.88454,13.87132
2015-07-29T06:15:40.000000Z,13.88458,13.87157
2015-07-29T06:15:50.000000Z,13.88518,13.87165
2015-07-29T06:16:00.000000Z,13.88588,13.87332
2015-07-29T06:16:10.000000Z,13.88992,13.87574
2015-07-29T06:16:20.000000Z,13.89109,13.8759
2015-07-29T06:16:30.000000Z,13.89315,13.8788
2015-07-29T06:16:40.000000Z,13.89343,13.87894
2015-07-29T06:16:50.000000Z,13.89346,13.87894
2015-07-29T06:17:00.000000Z,13.89353,13.87894
2015-07-29T06:17:10.000000Z,13.89169,13.87767
2015-07-29T06:17:20.000000Z,13.89262,13.87841
2015-07-29T06:17:30.000000Z,13.89123,13.8769
2015-07-29T06:17:40.000000Z,13.89153,13.87767
2015-07-29T06:17:50.000000Z,13.89303,13.87899
2015-07-29T06:18:00.000000Z,13.89332,13.87887
2015-07-29T06:18:10.000000Z,13.89304,13.87918
2015-07-29T06:18:20.000000Z,13.89279,13.87877
2015-07-29T06:18:30.000000Z,13.89101,13.8765
2015-07-29T06:18:40.000000Z,13.89166,13.87775
2015-07-29T06:18:50.000000Z,13.89191,13.87791
2015-07-29T06:19:00.000000Z,13.89073,13.87598
2015-07-29T06:19:10.000000Z,13.89074,13.87759
2015-07-29T06:19:20.000000Z,13.88948,13.87617
2015-07-29T06:19:30.000000Z,13.89097,13.87717
2015-07-29T06:19:40.000000Z,13.89073,13.87715
2015-07-29T06:19:50.000000Z,13.89048,13.87723
2015-07-29T06:20:00.000000Z,13.89277,13.87982
2015-07-29T06:20:10.000000Z,13.89319,13.87949
2015-07-29T06:20:20.000000Z,13.89057,13.87638
2015-07-29T06:20:30.000000Z,13.8908,13.87637
2015-07-29T06:20:40.000000Z,13.89025,13.87616
2015-07-29T06:20:50.000000Z,13.8876,13.8759
2015-07-29T06:21:00.000000Z,13.88622,13.87466
2015-07-29T06:21:10.000000Z,13.88622,13.87485
2015-07-29T06:21:20.000000Z,13.88622,13.87477
2015-07-29T06:21:30.000000Z,13.88647,13.87491
2015-07-29T06:21:40.000000Z,13.88509,13.8735
2015-07-29T06:21:50.000000Z,13.88345,13.87232
2015-07-29T06:22:00.000000Z,13.88421,13.87294
2015-07-29T06:22:10.000000Z,13.88368,13.87212
2015-07-29T06:22:20.000000Z,13.88433,13.87241
2015-07-29T06:22:30.000000Z,13.88582,13.8738
2015-07-29T06:22:40.000000Z,13.88466,13.87265
2015-07-29T06:22:50.000000Z,13.88443,13.87278
2015-07-29T06:23:00.000000Z,13.88678,13.87539
2015-07-29T06:23:10.000000Z,13.8868,13.87589
2015-07-29T06:23:20.000000Z,13.88719,13.87614
2015-07-29T06:23:30.000000Z,13.88707,13.87576
2015-07-29T06:23:40.000000Z,13.88811,13.87678
2015-07-29T06:23:50.000000Z,13.88763,13.87653
2015-07-29T06:24:00.000000Z,13.8879,13.87667
2015-07-29T06:24:10.000000Z,13.88895,13.87745
2015-07-29T06:24:20.000000Z,13.88482,13.86924
2015-07-29T06:24:30.000000Z,13.88345,13.86974
2015-07-29T06:24:40.000000Z,13.88317,13.86917
2015-07-29T06:24:50.000000Z,13.88321,13.86982
2015-07-29T06:25:00.000000Z,13.88173,13.86739
2015-07-29T06:25:10.000000Z,13.88234,13.86831
2015-07-29T06:25:20.000000Z,13.88274,13.86915
2015-07-29T06:25:30.000000Z,13.88278,13.86903
2015-07-29T06:25:40.000000Z,13.88405,13.87132
2015-07-29T06:25:50.000000Z,13.88308,13.86909
2015-07-29T06:26:00.000000Z,13.88317,13.86943
2015-07-29T06:26:10.000000Z,13.88205,13.86774
2015-07-29T06:26:20.000000Z,13.88171,13.86778
2015-07-29T06:26:30.000000Z,13.88209,13.86803
2015-07-29T06:26:40.000000Z,13.88207,13.86826
2015-07-29T06:26:50.000000Z,13.88127,13.86869
2015-07-29T06:27:00.000000Z,13.87994,13.86783
2015-07-29T06:27:10.000000Z,13.88101,13.86841
2015-07-29T06:27:20.000000Z,13.8818,13.86918
2015-07-29T06:27:30.000000Z,13.88342,13.87066
2015-07-29T06:27:40.000000Z,13.88172,13.86898
2015-07-29T06:27:50.000000Z,13.8818,13.8691
2015-07-29T06:28:00.000000Z,13.88115,13.86855
2015-07-29T06:28:10.000000Z,13.88232,13.86952
2015-07-29T06:28:20.000000Z,13.88322,13.87024
2015-07-29T06:28:30.000000Z,13.88355,13.87072
2015-07-29T06:28:40.000000Z,13.88339,13.87064
2015-07-29T06:28:50.000000Z,13.88312,13.87024
2015-07-29T06:29:00.000000Z,13.88327,13.87035
2015-07-29T06:29:10.000000Z,13.88321,13.8706
2015-07-29T06:29:20.000000Z,13.88319,13.87061
2015-07-29T06:29:30.000000Z,13.88283,13.87049
2015-07-29T06:29:40.000000Z,13.88283,13.87023
2015-07-29T06:29:50.000000Z,13.8827,13.86995
2015-07-29T06:30:00.000000Z,13.88082,13.86856
2015-07-29T06:30:10.000000Z,13.88023,13.86784
2015-07-29T06:30:20.000000Z,13.87769,13.86867
2015-07-29T06:30:30.000000Z,13.87819,13.86935
2015-07-29T06:30:40.000000Z,13.87844,13.86942
2015-07-29T06:30:50.000000Z,13.87794,13.86898
2015-07-29T06:31:00.000000Z,13.87794,13.86918
2015-07-29T06:31:10.000000Z,13.8781,13.86968
2015-07-29T06:31:20.000000Z,13.88467,13.87474
2015-07-29T06:31:30.000000Z,13.88455,13.87342
2015-07-29T06:31:40.000000Z,13.88341,13.87088
2015-07-29T06:31:50.000000Z,13.88332,13.87155
2015-07-29T06:32:00.000000Z,13.88332,13.87156
2015-07-29T06:32:10.000000Z,13.88218,13.87002
2015-07-29T06:32:20.000000Z,13.88109,13.86899
2015-07-29T06:32:30.000000Z,13.88096,13.86912
2015-07-29T06:32:40.000000Z,13.88234,13.87021
2015-07-29T06:32:50.000000Z,13.8815,13.86942
2015-07-29T06:33:00.000000Z,13.88035,13.86978
2015-07-29T06:33:10.000000Z,13.88161,13.87112
2015-07-29T06:33:20.000000Z,13.88076,13.86945
2015-07-29T06:33:30.000000Z,13.88012,13.86912
2015-07-29T06:33:40.000000Z,13.87977,13.86845
2015-07-29T06:33:50.000000Z,13.88113,13.87221
2015-07-29T06:34:00.000000Z,13.88176,13.87296
2015-07-29T06:34:10.000000Z,13.88443,13.87207
2015-07-29T06:34:20.000000Z,13.88482,13.87344
2015-07-29T06:34:30.000000Z,13.88532,13.87353
2015-07-29T06:34:40.000000Z,13.88644,13.87441
2015-07-29T06:34:50.000000Z,13.88607,13.87402
2015-07-29T06:35:00.000000Z,13.88606,13.87419
2015-07-29T06:35:10.000000Z,13.88707,13.87533
2015-07-29T06:35:20.000000Z,13.88644,13.87459
2015-07-29T06:35:30.000000Z,13.88644,13.8746
2015-07-29T06:35:40.000000Z,13.88619,13.87458
2015-07-29T06:35:50.000000Z,13.88628,13.874
2015-07-29T06:36:00.000000Z,13.88691,13.8743
2015-07-29T06:36:10.000000Z,13.88758,13.87728
2015-07-29T06:36:20.000000Z,13.88782,13.87694
2015-07-29T06:36:30.000000Z,13.88782,13.87681
2015-07-29T06:36:40.000000Z,13.88795,13.87744
2015-07-29T06:36:50.000000Z,13.88848,13.87707
2015-07-29T06:37:00.000000Z,13.88732,13.87637
2015-07-29T06:37:10.000000Z,13.88671,13.87486
2015-07-29T06:37:20.000000Z,13.88635,13.87484
2015-07-29T06:37:30.000000Z,13.88703,13.87536
2015-07-29T06:37:40.000000Z,13.88703,13.87524
2015-07-29T06:37:50.000000Z,13.88703,13.87532
2015-07-29T06:38:00.000000Z,13.88698,13.87533
2015-07-29T06:38:10.000000Z,13.88698,13.87533
2015-07-29T06:38:20.000000Z,13.8871,13.87544
2015-07-29T06:38:30.000000Z,13.8871,13.87525
2015-07-29T06:38:40.000000Z,13.88824,13.87626
2015-07-29T06:38:50.000000Z,13.88813,13.87595
2015-07-29T06:39:00.000000Z,13.88776,13.87562
2015-07-29T06:39:10.000000Z,13.88717,13.87496
2015-07-29T06:39:20.000000Z,13.88701,13.87508
2015-07-29T06:39:30.000000Z,13.887,13.8751
2015-07-29T06:39:40.000000Z,13.88691,13.87487
2015-07-29T06:39:50.000000Z,13.88691,13.8748
2015-07-29T06:40:00.000000Z,13.88677,13.87491
2015-07-29T06:40:10.000000Z,13.88917,13.87882
2015-07-29T06:40:20.000000Z,13.89062,13.88153
2015-07-29T06:40:30.000000Z,13.8907,13.88061
2015-07-29T06:40:40.000000Z,13.89062,13.88059
2015-07-29T06:40:50.000000Z,13.89062,13.8806
2015-07-29T06:41:00.000000Z,13.89244,13.88185
2015-07-29T06:41:10.000000Z,13.89257,13.88233
2015-07-29T06:41:20.000000Z,13.89471,13.88283
2015-07-29T06:41:30.000000Z,13.89243,13.88232
2015-07-29T06:41:40.000000Z,13.89501,13.88343
2015-07-29T06:41:50.000000Z,13.89607,13.8847
2015-07-29T06:42:00.000000Z,13.89607,13.88462
2015-07-29T06:42:10.000000Z,13.89602,13.88439
2015-07-29T06:42:20.000000Z,13.89608,13.88443
2015-07-29T06:42:30.000000Z,13.89608,13.88447
2015-07-29T06:42:40.000000Z,13.89608,13.88454
2015-07-29T06:42:50.000000Z,13.89595,13.88474
2015-07-29T06:43:00.000000Z,13.89567,13.88498
2015-07-29T06:43:10.000000Z,13.89331,13.88226
2015-07-29T06:43:20.000000Z,13.89496,13.88355
2015-07-29T06:43:30.000000Z,13.89409,13.88265
2015-07-29T06:43:40.000000Z,13.8962,13.88445
2015-07-29T06:43:50.000000Z,13.8962,13.88433
2015-07-29T06:44:00.000000Z,13.89708,13.88523
2015-07-29T06:44:10.000000Z,13.89633,13.88465
2015-07-29T06:44:20.000000Z,13.89445,13.88338
2015-07-29T06:44:30.000000Z,13.8942,13.8825
2015-07-29T06:44:40.000000Z,13.89436,13.88254
2015-07-29T06:44:50.000000Z,13.89418,13.8824
2015-07-29T06:45:00.000000Z,13.89255,13.88103
2015-07-29T06:45:10.000000Z,13.89292,13.88263
2015-07-29T06:45:20.000000Z,13.89396,13.88396
2015-07-29T06:45:30.000000Z,13.89396,13.88411
2015-07-29T06:45:40.000000Z,13.89406,13.88387
2015-07-29T06:45:50.000000Z,13.89491,13.885
2015-07-29T06:46:00.000000Z,13.8938,13.88367
2015-07-29T06:46:20.000000Z,13.89267,13.88238
2015-07-29T06:46:30.000000Z,13.89418,13.88393
2015-07-29T06:46:40.000000Z,13.8948,13.88524
2015-07-29T06:46:50.000000Z,13.89457,13.88522
2015-07-29T06:47:00.000000Z,13.89399,13.88509
2015-07-29T06:47:10.000000Z,13.89434,13.88547
2015-07-29T06:47:20.000000Z,13.89424,13.88538
2015-07-29T06:47:30.000000Z,13.89398,13.88524
2015-07-29T06:47:40.000000Z,13.89261,13.88377
2015-07-29T06:47:50.000000Z,13.8926,13.88375
2015-07-29T06:48:00.000000Z,13.89523,13.88513
2015-07-29T06:48:10.000000Z,13.89447,13.88435
2015-07-29T06:48:20.000000Z,13.89422,13.88362
2015-07-29T06:48:30.000000Z,13.89342,13.884
2015-07-29T06:48:40.000000Z,13.89491,13.88155
2015-07-29T06:48:50.000000Z,13.89319,13.88034
2015-07-29T06:49:00.000000Z,13.89157,13.88241
2015-07-29T06:49:10.000000Z,13.89185,13.88228
2015-07-29T06:49:20.000000Z,13.89147,13.88189
2015-07-29T06:49:30.000000Z,13.89148,13.88112
2015-07-29T06:49:40.000000Z,13.89148,13.88117
2015-07-29T06:49:50.000000Z,13.89217,13.88186
2015-07-29T06:50:00.000000Z,13.89255,13.88251
2015-07-29T06:50:10.000000Z,13.89223,13.88291
2015-07-29T06:50:30.000000Z,13.89201,13.88274
2015-07-29T06:50:40.000000Z,13.89123,13.88189
2015-07-29T06:50:50.000000Z,13.8911,13.88188
2015-07-29T06:51:00.000000Z,13.89052,13.88065
2015-07-29T06:51:10.000000Z,13.88994,13.88039
2015-07-29T06:51:20.000000Z,13.88982,13.88052
2015-07-29T06:51:30.000000Z,13.88792,13.87907
2015-07-29T06:51:40.000000Z,13.8881,13.87932
2015-07-29T06:51:50.000000Z,13.88755,13.87801
2015-07-29T06:52:00.000000Z,13.88833,13.87912
2015-07-29T06:52:10.000000Z,13.88858,13.87939
2015-07-29T06:52:20.000000Z,13.89084,13.88082
2015-07-29T06:52:30.000000Z,13.89082,13.88095
2015-07-29T06:52:40.000000Z,13.89067,13.88095
2015-07-29T06:52:50.000000Z,13.89086,13.88082
2015-07-29T06:53:00.000000Z,13.88731,13.87714
2015-07-29T06:53:10.000000Z,13.88726,13.87737
2015-07-29T06:53:20.000000Z,13.88652,13.87697
2015-07-29T06:53:30.000000Z,13.88813,13.87858
2015-07-29T06:53:40.000000Z,13.88892,13.87984
2015-07-29T06:53:50.000000Z,13.89092,13.88173
2015-07-29T06:54:00.000000Z,13.89065,13.88069
2015-07-29T06:54:10.000000Z,13.89116,13.88102
2015-07-29T06:54:20.000000Z,13.89091,13.88082
2015-07-29T06:54:30.000000Z,13.89101,13.88084
2015-07-29T06:54:40.000000Z,13.89102,13.88086
2015-07-29T06:54:50.000000Z,13.8933,13.88325
2015-07-29T06:55:00.000000Z,13.89307,13.88304
2015-07-29T06:55:10.000000Z,13.89333,13.88335
2015-07-29T06:55:20.000000Z,13.89387,13.88311
2015-07-29T06:55:30.000000Z,13.8947,13.88437
2015-07-29T06:55:40.000000Z,13.89553,13.88507
2015-07-29T06:55:50.000000Z,13.89008,13.8798
2015-07-29T06:56:00.000000Z,13.8897,13.87861
2015-07-29T06:56:10.000000Z,13.88997,13.87962
2015-07-29T06:56:20.000000Z,13.88991,13.87674
2015-07-29T06:56:30.000000Z,13.88966,13.87704
2015-07-29T06:56:40.000000Z,13.89012,13.87701
2015-07-29T06:56:50.000000Z,13.88692,13.87685
2015-07-29T06:57:00.000000Z,13.88643,13.87677
2015-07-29T06:57:10.000000Z,13.88644,13.87673
2015-07-29T06:57:20.000000Z,13.88618,13.87668
2015-07-29T06:57:30.000000Z,13.88617,13.87631
2015-07-29T06:57:40.000000Z,13.88568,13.8755
2015-07-29T06:57:50.000000Z,13.88553,13.87581
2015-07-29T06:58:00.000000Z,13.88628,13.87642
2015-07-29T06:58:10.000000Z,13.88611,13.87568
2015-07-29T06:58:20.000000Z,13.88673,13.87635
2015-07-29T06:58:30.000000Z,13.88694,13.8769
2015-07-29T06:58:40.000000Z,13.88628,13.87622
2015-07-29T06:58:50.000000Z,13.88678,13.87679
2015-07-29T06:59:00.000000Z,13.8872,13.87708
2015-07-29T06:59:10.000000Z,13.88716,13.87707
2015-07-29T06:59:20.000000Z,13.88776,13.87783
2015-07-29T06:59:30.000000Z,13.88602,13.87596
2015-07-29T06:59:40.000000Z,13.88636,13.87608
2015-07-29T06:59:50.000000Z,13.88515,13.87467
2015-07-29T07:00:00.000000Z,13.88598,13.87516
2015-07-29T07:00:10.000000Z,13.88502,13.87546
2015-07-29T07:00:20.000000Z,13.88407,13.87435
2015-07-29T07:00:30.000000Z,13.88417,13.87456
2015-07-29T07:00:40.000000Z,13.88417,13.87456
2015-07-29T07:00:50.000000Z,13.88257,13.87239
2015-07-29T07:01:00.000000Z,13.88296,13.87285
2015-07-29T07:01:10.000000Z,13.88306,13.87265
2015-07-29T07:01:20.000000Z,13.88453,13.8745
2015-07-29T07:01:30.000000Z,13.88624,13.87627
2015-07-29T07:01:40.000000Z,13.88506,13.87523
2015-07-29T07:01:50.000000Z,13.883,13.87285
2015-07-29T07:02:00.000000Z,13.88225,13.87265
2015-07-29T07:02:10.000000Z,13.88124,13.87131
2015-07-29T07:02:20.000000Z,13.88034,13.87064
2015-07-29T07:02:30.000000Z,13.88084,13.8711
2015-07-29T07:02:40.000000Z,13.88184,13.87191
2015-07-29T07:02:50.000000Z,13.88277,13.87258
2015-07-29T07:03:00.000000Z,13.88147,13.8712
2015-07-29T07:03:10.000000Z,13.88169,13.87163
2015-07-29T07:03:20.000000Z,13.88283,13.87314
2015-07-29T07:03:30.000000Z,13.88309,13.87317
2015-07-29T07:03:40.000000Z,13.88297,13.87319
2015-07-29T07:03:50.000000Z,13.88297,13.87324
2015-07-29T07:04:00.000000Z,13.88365,13.87356
2015-07-29T07:04:10.000000Z,13.88447,13.87444
2015-07-29T07:04:20.000000Z,13.88668,13.87688
2015-07-29T07:04:30.000000Z,13.8884,13.87797
2015-07-29T07:04:40.000000Z,13.88793,13.87733
2015-07-29T07:04:50.000000Z,13.88835,13.87798
2015-07-29T07:05:00.000000Z,13.88805,13.87771
2015-07-29T07:05:10.000000Z,13.88729,13.87703
2015-07-29T07:05:20.000000Z,13.88678,13.87615
2015-07-29T07:05:30.000000Z,13.88665,13.87607
2015-07-29T07:05:40.000000Z,13.88586,13.87555
2015-07-29T07:05:50.000000Z,13.88618,13.87594
2015-07-29T07:06:00.000000Z,13.88556,13.87543
2015-07-29T07:06:10.000000Z,13.8873,13.8771
2015-07-29T07:06:20.000000Z,13.88768,13.87676
2015-07-29T07:06:30.000000Z,13.8897,13.87922
2015-07-29T07:06:40.000000Z,13.89026,13.87915
2015-07-29T07:06:50.000000Z,13.889,13.87815
2015-07-29T07:07:00.000000Z,13.88798,13.87734
2015-07-29T07:07:10.000000Z,13.88617,13.87642
2015-07-29T07:07:20.000000Z,13.88617,13.87677
2015-07-29T07:07:30.000000Z,13.88629,13.87611
2015-07-29T07:07:40.000000Z,13.88583,13.87513
2015-07-29T07:07:50.000000Z,13.8826,13.87256
2015-07-29T07:08:00.000000Z,13.88284,13.87218
2015-07-29T07:08:10.000000Z,13.88466,13.87389
2015-07-29T07:08:20.000000Z,13.88513,13.87428
2015-07-29T07:08:30.000000Z,13.88613,13.87529
2015-07-29T07:08:40.000000Z,13.88595,13.87529
2015-07-29T07:08:50.000000Z,13.88585,13.8754
2015-07-29T07:09:00.000000Z,13.88562,13.8755
2015-07-29T07:09:10.000000Z,13.88544,13.87537
2015-07-29T07:09:20.000000Z,13.88671,13.87627
2015-07-29T07:09:30.000000Z,13.88635,13.87625
2015-07-29T07:09:40.000000Z,13.88574,13.87522
2015-07-29T07:09:50.000000Z,13.88428,13.87367
2015-07-29T07:10:00.000000Z,13.88018,13.87072
2015-07-29T07:10:10.000000Z,13.8824,13.87115
2015-07-29T07:10:20.000000Z,13.88219,13.87214
2015-07-29T07:10:30.000000Z,13.88331,13.87351
2015-07-29T07:10:40.000000Z,13.88294,13.87326
2015-07-29T07:10:50.000000Z,13.88257,13.87288
2015-07-29T07:11:00.000000Z,13.88186,13.87238
2015-07-29T07:11:10.000000Z,13.88118,13.8719
2015-07-29T07:11:20.000000Z,13.8876,13.87551
2015-07-29T07:11:30.000000Z,13.88752,13.87586
2015-07-29T07:11:40.000000Z,13.88202,13.87092
2015-07-29T07:11:50.000000Z,13.88224,13.87204
2015-07-29T07:12:00.000000Z,13.8817,13.87155
2015-07-29T07:12:10.000000Z,13.88251,13.87173
2015-07-29T07:12:20.000000Z,13.88312,13.87107
2015-07-29T07:12:30.000000Z,13.88298,13.87149
2015-07-29T07:12:40.000000Z,13.88287,13.87099
2015-07-29T07:12:50.000000Z,13.88152,13.8712
2015-07-29T07:13:00.000000Z,13.87927,13.86962
2015-07-29T07:13:10.000000Z,13.88341,13.87111
2015-07-29T07:13:20.000000Z,13.88192,13.87083
2015-07-29T07:13:30.000000Z,13.88781,13.87635
2015-07-29T07:13:40.000000Z,13.88799,13.8764
2015-07-29T07:13:50.000000Z,13.88772,13.87662
2015-07-29T07:14:00.000000Z,13.88961,13.87829
2015-07-29T07:14:10.000000Z,13.89322,13.8798
2015-07-29T07:14:20.000000Z,13.89306,13.88104
2015-07-29T07:14:30.000000Z,13.89398,13.88287
2015-07-29T07:14:40.000000Z,13.89341,13.88168
2015-07-29T07:14:50.000000Z,13.89089,13.87911
2015-07-29T07:15:00.000000Z,13.89332,13.87971
2015-07-29T07:15:10.000000Z,13.89472,13.87999
2015-07-29T07:15:20.000000Z,13.89236,13.87777
2015-07-29T07:15:30.000000Z,13.89267,13.87833
2015-07-29T07:15:40.000000Z,13.89279,13.8787
2015-07-29T07:15:50.000000Z,13.89226,13.87762
2015-07-29T07:16:00.000000Z,13.8941,13.88018
2015-07-29T07:16:10.000000Z,13.89323,13.88038
2015-07-29T07:16:20.000000Z,13.89342,13.88082
2015-07-29T07:16:30.000000Z,13.89189,13.87971
2015-07-29T07:16:40.000000Z,13.89284,13.88071
2015-07-29T07:16:50.000000Z,13.89267,13.88023
2015-07-29T07:17:00.000000Z,13.89343,13.88118
2015-07-29T07:17:10.000000Z,13.89426,13.88218
2015-07-29T07:17:20.000000Z,13.89349,13.8818
2015-07-29T07:17:30.000000Z,13.89506,13.88226
2015-07-29T07:17:40.000000Z,13.89575,13.88377
2015-07-29T07:17:50.000000Z,13.89427,13.88245
2015-07-29T07:18:00.000000Z,13.89513,13.88317
2015-07-29T07:18:10.000000Z,13.8944,13.88315
2015-07-29T07:18:20.000000Z,13.89444,13.88408
2015-07-29T07:18:30.000000Z,13.8962,13.88409
2015-07-29T07:18:40.000000Z,13.8962,13.88408
2015-07-29T07:18:50.000000Z,13.89557,13.88305
2015-07-29T07:19:00.000000Z,13.89973,13.88642
2015-07-29T07:19:10.000000Z,13.89919,13.8865
2015-07-29T07:19:20.000000Z,13.89803,13.88535
2015-07-29T07:19:30.000000Z,13.89721,13.88581
2015-07-29T07:19:40.000000Z,13.89733,13.88644
2015-07-29T07:19:50.000000Z,13.90228,13.88665
2015-07-29T07:20:00.000000Z,13.89947,13.885
2015-07-29T07:20:10.000000Z,13.90034,13.88603
2015-07-29T07:20:20.000000Z,13.89911,13.88751
2015-07-29T07:20:30.000000Z,13.90046,13.88795
2015-07-29T07:20:40.000000Z,13.90574,13.89259
2015-07-29T07:20:50.000000Z,13.90516,13.89334
2015-07-29T07:21:00.000000Z,13.90429,13.8937
2015-07-29T07:21:10.000000Z,13.90597,13.89413
2015-07-29T07:21:20.000000Z,13.90479,13.893
2015-07-29T07:21:30.000000Z,13.90534,13.89375
2015-07-29T07:21:40.000000Z,13.90427,13.89279
2015-07-29T07:21:50.000000Z,13.90563,13.89201
2015-07-29T07:22:00.000000Z,13.90464,13.89234
2015-07-29T07:22:10.000000Z,13.90275,13.89166
2015-07-29T07:22:20.000000Z,13.90207,13.89109
2015-07-29T07:22:30.000000Z,13.9019,13.89196
2015-07-29T07:22:40.000000Z,13.90316,13.89192
2015-07-29T07:22:50.000000Z,13.90447,13.89362
2015-07-29T07:23:00.000000Z,13.90491,13.89097
2015-07-29T07:23:10.000000Z,13.90445,13.89085
2015-07-29T07:23:20.000000Z,13.90594,13.89257
2015-07-29T07:23:30.000000Z,13.90219,13.8886
2015-07-29T07:23:40.000000Z,13.90444,13.8891
2015-07-29T07:23:50.000000Z,13.90134,13.8911
2015-07-29T07:24:00.000000Z,13.90136,13.89126
2015-07-29T07:24:10.000000Z,13.9015,13.89155
2015-07-29T07:24:20.000000Z,13.90024,13.89033
2015-07-29T07:24:30.000000Z,13.89911,13.88951
2015-07-29T07:24:40.000000Z,13.89911,13.88867
2015-07-29T07:24:50.000000Z,13.89959,13.88661
2015-07-29T07:25:00.000000Z,13.89742,13.88523
2015-07-29T07:25:10.000000Z,13.89782,13.88577
2015-07-29T07:25:20.000000Z,13.89692,13.88572
2015-07-29T07:25:30.000000Z,13.89704,13.88591
2015-07-29T07:25:40.000000Z,13.89681,13.88561
2015-07-29T07:25:50.000000Z,13.89583,13.8858
2015-07-29T07:26:00.000000Z,13.89472,13.88496
2015-07-29T07:26:10.000000Z,13.89531,13.88449
2015-07-29T07:26:20.000000Z,13.89536,13.88436
2015-07-29T07:26:30.000000Z,13.89564,13.88421
2015-07-29T07:26:40.000000Z,13.89537,13.88417
2015-07-29T07:26:50.000000Z,13.89751,13.88587
2015-07-29T07:27:00.000000Z,13.89711,13.88605
2015-07-29T07:27:10.000000Z,13.89868,13.88902
2015-07-29T07:27:20.000000Z,13.89958,13.88927
2015-07-29T07:27:30.000000Z,13.8993,13.88889
2015-07-29T07:27:40.000000Z,13.89881,13.88828
2015-07-29T07:27:50.000000Z,13.89918,13.88889
2015-07-29T07:28:00.000000Z,13.89881,13.88832
2015-07-29T07:28:10.000000Z,13.89918,13.88986
2015-07-29T07:28:20.000000Z,13.90063,13.8907
2015-07-29T07:28:30.000000Z,13.90055,13.89009
2015-07-29T07:28:40.000000Z,13.90049,13.89013
2015-07-29T07:28:50.000000Z,13.90016,13.89016
2015-07-29T07:29:00.000000Z,13.90162,13.89096
2015-07-29T07:29:10.000000Z,13.89882,13.88892
2015-07-29T07:29:20.000000Z,13.89765,13.88805
2015-07-29T07:29:30.000000Z,13.89796,13.88843
2015-07-29T07:29:40.000000Z,13.89939,13.88985
2015-07-29T07:29:50.000000Z,13.8972,13.88733
2015-07-29T07:30:00.000000Z,13.89477,13.88526
2015-07-29T07:30:10.000000Z,13.89682,13.88715
2015-07-29T07:30:20.000000Z,13.89336,13.88314
2015-07-29T07:30:30.000000Z,13.89458,13.88449
2015-07-29T07:30:40.000000Z,13.8966,13.88517
2015-07-29T07:30:50.000000Z,13.89529,13.88434
2015-07-29T07:31:00.000000Z,13.89477,13.88389
2015-07-29T07:31:10.000000Z,13.8934,13.88327
2015-07-29T07:31:20.000000Z,13.89467,13.884
2015-07-29T07:31:30.000000Z,13.89469,13.88376
2015-07-29T07:31:40.000000Z,13.89514,13.88404
2015-07-29T07:31:50.000000Z,13.89458,13.88457
2015-07-29T07:32:00.000000Z,13.8952,13.8844
2015-07-29T07:32:10.000000Z,13.89558,13.88501
2015-07-29T07:32:20.000000Z,13.89408,13.88406
2015-07-29T07:32:30.000000Z,13.89448,13.8847
2015-07-29T07:32:40.000000Z,13.89582,13.88587
2015-07-29T07:32:50.000000Z,13.8964,13.88688
2015-07-29T07:33:00.000000Z,13.89632,13.88692
2015-07-29T07:33:10.000000Z,13.89528,13.88596
2015-07-29T07:33:20.000000Z,13.8949,13.88566
2015-07-29T07:33:30.000000Z,13.89544,13.8861
2015-07-29T07:33:40.000000Z,13.89528,13.88623
2015-07-29T07:33:50.000000Z,13.89618,13.88649
2015-07-29T07:34:00.000000Z,13.89612,13.88532
2015-07-29T07:34:10.000000Z,13.89763,13.88675
2015-07-29T07:34:20.000000Z,13.8975,13.88669
2015-07-29T07:34:30.000000Z,13.89751,13.88682
2015-07-29T07:34:40.000000Z,13.89763,13.88769
2015-07-29T07:34:50.000000Z,13.89794,13.88659
2015-07-29T07:35:00.000000Z,13.89866,13.88827
2015-07-29T07:35:10.000000Z,13.89855,13.88778
2015-07-29T07:35:20.000000Z,13.89438,13.88551
2015-07-29T07:35:30.000000Z,13.89826,13.88635
2015-07-29T07:35:40.000000Z,13.89912,13.88637
2015-07-29T07:35:50.000000Z,13.89949,13.88625
2015-07-29T07:36:00.000000Z,13.89876,13.8869
2015-07-29T07:36:10.000000Z,13.8992,13.88615
2015-07-29T07:36:20.000000Z,13.89816,13.88727
2015-07-29T07:36:30.000000Z,13.89759,13.88728
2015-07-29T07:36:40.000000Z,13.89835,13.8882
2015-07-29T07:36:50.000000Z,13.89901,13.88818
2015-07-29T07:37:00.000000Z,13.89961,13.89018
2015-07-29T07:37:10.000000Z,13.90259,13.88963
2015-07-29T07:37:20.000000Z,13.91022,13.89737
2015-07-29T07:37:30.000000Z,13.91125,13.89862
2015-07-29T07:37:40.000000Z,13.91088,13.89826
2015-07-29T07:37:50.000000Z,13.9095,13.89815
2015-07-29T07:38:00.000000Z,13.9074,13.89783
2015-07-29T07:38:10.000000Z,13.91009,13.89879
2015-07-29T07:38:20.000000Z,13.91156,13.89894
2015-07-29T07:38:30.000000Z,13.91149,13.89836
2015-07-29T07:38:40.000000Z,13.91054,13.89856
2015-07-29T07:38:50.000000Z,13.90769,13.89609
2015-07-29T07:39:00.000000Z,13.90836,13.897
2015-07-29T07:39:10.000000Z,13.90834,13.89572
2015-07-29T07:39:20.000000Z,13.9076,13.89541
2015-07-29T07:39:30.000000Z,13.907,13.89555
2015-07-29T07:39:40.000000Z,13.90707,13.89452
2015-07-29T07:39:50.000000Z,13.90705,13.89459
2015-07-29T07:40:00.000000Z,13.90857,13.89718
2015-07-29T07:40:10.000000Z,13.90411,13.8941
2015-07-29T07:40:20.000000Z,13.90312,13.89356
2015-07-29T07:40:30.000000Z,13.90564,13.89693
2015-07-29T07:40:40.000000Z,13.90538,13.89666
2015-07-29T07:40:50.000000Z,13.90445,13.89538
2015-07-29T07:41:00.000000Z,13.90427,13.89558
2015-07-29T07:41:10.000000Z,13.9054,13.89683
2015-07-29T07:41:20.000000Z,13.90422,13.89546
2015-07-29T07:41:30.000000Z,13.90509,13.89498
2015-07-29T07:41:40.000000Z,13.90466,13.89432
2015-07-29T07:41:50.000000Z,13.90331,13.89327
2015-07-29T07:42:00.000000Z,13.9053,13.89428
2015-07-29T07:42:10.000000Z,13.90529,13.89471
2015-07-29T07:42:20.000000Z,13.90531,13.89461
2015-07-29T07:42:30.000000Z,13.90443,13.89398
2015-07-29T07:42:40.000000Z,13.90483,13.89443
2015-07-29T07:42:50.000000Z,13.90415,13.89369
2015-07-29T07:43:00.000000Z,13.90462,13.89493
2015-07-29T07:43:10.000000Z,13.90503,13.89559
2015-07-29T07:43:20.000000Z,13.906,13.89653
2015-07-29T07:43:30.000000Z,13.90558,13.89553
2015-07-29T07:43:40.000000Z,13.90621,13.89634
2015-07-29T07:43:50.000000Z,13.90526,13.89516
2015-07-29T07:44:00.000000Z,13.90484,13.89204
2015-07-29T07:44:10.000000Z,13.90547,13.89103
2015-07-29T07:44:20.000000Z,13.90314,13.88942
2015-07-29T07:44:30.000000Z,13.90316,13.88964
2015-07-29T07:44:40.000000Z,13.90231,13.88888
2015-07-29T07:44:50.000000Z,13.90228,13.88863
2015-07-29T07:45:00.000000Z,13.90299,13.89255
2015-07-29T07:45:10.000000Z,13.90286,13.89249
2015-07-29T07:45:20.000000Z,13.90425,13.89506
2015-07-29T07:45:30.000000Z,13.90359,13.89351
2015-07-29T07:45:40.000000Z,13.90441,13.89439
2015-07-29T07:45:50.000000Z,13.90353,13.89373
2015-07-29T07:46:00.000000Z,13.90307,13.89331
2015-07-29T07:46:10.000000Z,13.9077,13.89715
2015-07-29T07:46:20.000000Z,13.90744,13.89756
2015-07-29T07:46:30.000000Z,13.90761,13.89776
2015-07-29T07:46:40.000000Z,13.90788,13.89807
2015-07-29T07:46:50.000000Z,13.90648,13.89616
2015-07-29T07:47:00.000000Z,13.90584,13.895
2015-07-29T07:47:10.000000Z,13.90475,13.89323
2015-07-29T07:47:20.000000Z,13.90591,13.89513
2015-07-29T07:47:30.000000Z,13.90568,13.89267
2015-07-29T07:47:40.000000Z,13.90577,13.89341
2015-07-29T07:47:50.000000Z,13.90613,13.89462
2015-07-29T07:48:00.000000Z,13.9054,13.8928
2015-07-29T07:48:10.000000Z,13.90744,13.89245
2015-07-29T07:48:20.000000Z,13.90566,13.89203
2015-07-29T07:48:30.000000Z,13.904,13.89036
2015-07-29T07:48:40.000000Z,13.90508,13.89129
2015-07-29T07:48:50.000000Z,13.90675,13.89106
2015-07-29T07:49:00.000000Z,13.90528,13.89442
2015-07-29T07:49:10.000000Z,13.90462,13.89467
2015-07-29T07:49:20.000000Z,13.9062,13.89479
2015-07-29T07:49:30.000000Z,13.90466,13.89362
2015-07-29T07:49:40.000000Z,13.90469,13.89341
2015-07-29T07:49:50.000000Z,13.90464,13.89364
2015-07-29T07:50:00.000000Z,13.90478,13.8945
2015-07-29T07:50:10.000000Z,13.90415,13.89434
2015-07-29T07:50:20.000000Z,13.90226,13.892
2015-07-29T07:50:30.000000Z,13.90188,13.89199
2015-07-29T07:50:40.000000Z,13.90258,13.89377
2015-07-29T07:50:50.000000Z,13.90316,13.89348
2015-07-29T07:51:00.000000Z,13.90215,13.89274
2015-07-29T07:51:10.000000Z,13.90396,13.89351
2015-07-29T07:51:20.000000Z,13.90354,13.89293
2015-07-29T07:51:30.000000Z,13.90233,13.89271
2015-07-29T07:51:40.000000Z,13.90166,13.89229
2015-07-29T07:51:50.000000Z,13.90266,13.89309
2015-07-29T07:52:00.000000Z,13.90261,13.89247
2015-07-29T07:52:10.000000Z,13.90339,13.88953
2015-07-29T07:52:20.000000Z,13.90347,13.88972
2015-07-29T07:52:30.000000Z,13.90339,13.8897
2015-07-29T07:52:40.000000Z,13.89847,13.88676
2015-07-29T07:52:50.000000Z,13.89738,13.88689
2015-07-29T07:53:00.000000Z,13.89835,13.88731
2015-07-29T07:53:10.000000Z,13.89891,13.88423
2015-07-29T07:53:20.000000Z,13.9007,13.88723
2015-07-29T07:53:30.000000Z,13.89861,13.88738
2015-07-29T07:53:40.000000Z,13.89943,13.88834
2015-07-29T07:53:50.000000Z,13.9002,13.88994
2015-07-29T07:54:00.000000Z,13.90011,13.89003
2015-07-29T07:54:10.000000Z,13.89948,13.88936
2015-07-29T07:54:20.000000Z,13.89801,13.88849
2015-07-29T07:54:30.000000Z,13.89789,13.88788
2015-07-29T07:54:40.000000Z,13.89725,13.88801
2015-07-29T07:54:50.000000Z,13.89864,13.8893
2015-07-29T07:55:00.000000Z,13.896,13.88688
2015-07-29T07:55:10.000000Z,13.89697,13.88719
2015-07-29T07:55:20.000000Z,13.89726,13.88832
2015-07-29T07:55:30.000000Z,13.8973,13.88813
2015-07-29T07:55:40.000000Z,13.89803,13.88892
2015-07-29T07:55:50.000000Z,13.89666,13.88834
2015-07-29T07:56:00.000000Z,13.89558,13.88487
2015-07-29T07:56:10.000000Z,13.89677,13.88567
2015-07-29T07:56:20.000000Z,13.89611,13.8861
2015-07-29T07:56:30.000000Z,13.89444,13.88445
2015-07-29T07:56:40.000000Z,13.89461,13.88636
2015-07-29T07:56:50.000000Z,13.89511,13.88679
2015-07-29T07:57:00.000000Z,13.89579,13.88658
2015-07-29T07:57:10.000000Z,13.89053,13.87924
2015-07-29T07:57:20.000000Z,13.89374,13.8828
2015-07-29T07:57:30.000000Z,13.89375,13.88466
2015-07-29T07:57:40.000000Z,13.89365,13.88552
2015-07-29T07:57:50.000000Z,13.89218,13.88186
2015-07-29T07:58:00.000000Z,13.89132,13.87965
2015-07-29T07:58:10.000000Z,13.89055,13.87899
2015-07-29T07:58:20.000000Z,13.8889,13.87898
2015-07-29T07:58:30.000000Z,13.8894,13.87882
2015-07-29T07:58:40.000000Z,13.88978,13.87938
2015-07-29T07:58:50.000000Z,13.89071,13.88126
2015-07-29T07:59:00.000000Z,13.89065,13.88027
2015-07-29T07:59:10.000000Z,13.89261,13.88338
2015-07-29T07:59:20.000000Z,13.89135,13.88213
2015-07-29T07:59:30.000000Z,13.89383,13.88405
2015-07-29T07:59:40.000000Z,13.89471,13.88513
2015-07-29T07:59:50.000000Z,13.89495,13.88602
2015-07-29T08:00:00.000000Z,13.89496,13.88538
2015-07-29T08:00:10.000000Z,13.89483,13.88531
2015-07-29T08:00:20.000000Z,13.89709,13.88687
2015-07-29T08:00:30.000000Z,13.89735,13.88662
2015-07-29T08:00:40.000000Z,13.89725,13.88739
2015-07-29T08:00:50.000000Z,13.89548,13.88619
2015-07-29T08:01:00.000000Z,13.89599,13.8864
2015-07-29T08:01:10.000000Z,13.89574,13.88618
2015-07-29T08:01:20.000000Z,13.89582,13.88692
2015-07-29T08:01:30.000000Z,13.897,13.88684
2015-07-29T08:01:40.000000Z,13.89717,13.88702
2015-07-29T08:01:50.000000Z,13.8975,13.88689
2015-07-29T08:02:00.000000Z,13.89612,13.88571
2015-07-29T08:02:10.000000Z,13.89595,13.8853
2015-07-29T08:02:20.000000Z,13.89633,13.88555
2015-07-29T08:02:30.000000Z,13.89697,13.88647
2015-07-29T08:02:40.000000Z,13.89725,13.88674
2015-07-29T08:02:50.000000Z,13.89788,13.88763
2015-07-29T08:03:00.000000Z,13.89674,13.88728
2015-07-29T08:03:10.000000Z,13.89659,13.88759
2015-07-29T08:03:20.000000Z,13.89845,13.88818
2015-07-29T08:03:30.000000Z,13.89793,13.88781
2015-07-29T08:03:40.000000Z,13.89716,13.88693
2015-07-29T08:03:50.000000Z,13.89684,13.88711
2015-07-29T08:04:00.000000Z,13.89857,13.88774
2015-07-29T08:04:10.000000Z,13.89808,13.8879
2015-07-29T08:04:20.000000Z,13.89755,13.88811
2015-07-29T08:04:30.000000Z,13.89766,13.88826
2015-07-29T08:04:40.000000Z,13.89832,13.88801
2015-07-29T08:04:50.000000Z,13.89828,13.88874
2015-07-29T08:05:00.000000Z,13.89727,13.88795
2015-07-29T08:05:10.000000Z,13.89586,13.8866
2015-07-29T08:05:20.000000Z,13.8965,13.88705
2015-07-29T08:05:30.000000Z,13.89608,13.88702
2015-07-29T08:05:40.000000Z,13.89615,13.88633
2015-07-29T08:05:50.000000Z,13.89627,13.88634
2015-07-29T08:06:00.000000Z,13.89601,13.88581
2015-07-29T08:06:10.000000Z,13.89509,13.88444
2015-07-29T08:06:20.000000Z,13.89479,13.88466
2015-07-29T08:06:30.000000Z,13.89642,13.88555
2015-07-29T08:06:40.000000Z,13.89573,13.88552
2015-07-29T08:06:50.000000Z,13.89525,13.88443
2015-07-29T08:07:00.000000Z,13.89506,13.88479
2015-07-29T08:07:10.000000Z,13.89527,13.88504
2015-07-29T08:07:20.000000Z,13.89525,13.88435
2015-07-29T08:07:30.000000Z,13.89586,13.88709
2015-07-29T08:07:40.000000Z,13.89536,13.88665
2015-07-29T08:07:50.000000Z,13.89762,13.88709
2015-07-29T08:08:00.000000Z,13.89706,13.88724
2015-07-29T08:08:10.000000Z,13.89921,13.88879
2015-07-29T08:08:20.000000Z,13.90121,13.89169
2015-07-29T08:08:30.000000Z,13.90125,13.89079
2015-07-29T08:08:40.000000Z,13.9014,13.89101
2015-07-29T08:08:50.000000Z,13.9029,13.89159
2015-07-29T08:09:00.000000Z,13.90302,13.89227
2015-07-29T08:09:10.000000Z,13.90212,13.89135
2015-07-29T08:09:20.000000Z,13.90288,13.89212
2015-07-29T08:09:30.000000Z,13.90378,13.89253
2015-07-29T08:09:40.000000Z,13.90365,13.89232
2015-07-29T08:09:50.000000Z,13.90376,13.89236
2015-07-29T08:10:00.000000Z,13.9044,13.89444
2015-07-29T08:10:10.000000Z,13.90513,13.89456
2015-07-29T08:10:20.000000Z,13.90461,13.89516
2015-07-29T08:10:30.000000Z,13.90427,13.89491
2015-07-29T08:10:40.000000Z,13.9047,13.89513
2015-07-29T08:10:50.000000Z,13.90509,13.89416
2015-07-29T08:11:00.000000Z,13.90528,13.89457
2015-07-29T08:11:10.000000Z,13.90516,13.89456
2015-07-29T08:11:20.000000Z,13.90516,13.89527
2015-07-29T08:11:30.000000Z,13.90403,13.89439
2015-07-29T08:11:40.000000Z,13.90312,13.89332
2015-07-29T08:11:50.000000Z,13.90374,13.89409
2015-07-29T08:12:00.000000Z,13.90463,13.89455
2015-07-29T08:12:10.000000Z,13.90555,13.89553
2015-07-29T08:12:20.000000Z,13.90615,13.89585
2015-07-29T08:12:30.000000Z,13.90742,13.89683
2015-07-29T08:12:40.000000Z,13.90666,13.89623
2015-07-29T08:12:50.000000Z,13.90654,13.89637
2015-07-29T08:13:00.000000Z,13.90728,13.89701
2015-07-29T08:13:10.000000Z,13.90728,13.897
2015-07-29T08:13:20.000000Z,13.90737,13.89761
2015-07-29T08:13:30.000000Z,13.90812,13.89845
2015-07-29T08:13:40.000000Z,13.90762,13.89718
2015-07-29T08:13:50.000000Z,13.90951,13.89855
2015-07-29T08:14:00.000000Z,13.91075,13.90058
2015-07-29T08:14:10.000000Z,13.91021,13.9001
2015-07-29T08:14:20.000000Z,13.91009,13.90062
2015-07-29T08:14:30.000000Z,13.91072,13.89993
2015-07-29T08:14:40.000000Z,13.90971,13.89918
2015-07-29T08:14:50.000000Z,13.90979,13.89994
2015-07-29T08:15:00.000000Z,13.90974,13.89984
2015-07-29T08:15:10.000000Z,13.91028,13.90028
2015-07-29T08:15:20.000000Z,13.9088,13.89897
2015-07-29T08:15:30.000000Z,13.90901,13.89926
2015-07-29T08:15:40.000000Z,13.90867,13.89892
2015-07-29T08:15:50.000000Z,13.90802,13.89827
2015-07-29T08:16:00.000000Z,13.90727,13.89778
2015-07-29T08:16:10.000000Z,13.90717,13.89754
2015-07-29T08:16:20.000000Z,13.90755,13.89801
2015-07-29T08:16:30.000000Z,13.90805,13.89819
2015-07-29T08:16:40.000000Z,13.90656,13.89739
2015-07-29T08:16:50.000000Z,13.90671,13.89751
2015-07-29T08:17:00.000000Z,13.90735,13.89823
2015-07-29T08:17:10.000000Z,13.90733,13.89751
2015-07-29T08:17:20.000000Z,13.90513,13.89532
2015-07-29T08:17:30.000000Z,13.90538,13.89538
2015-07-29T08:17:40.000000Z,13.90606,13.89571
2015-07-29T08:17:50.000000Z,13.90458,13.89471
2015-07-29T08:18:00.000000Z,13.90584,13.89587
2015-07-29T08:18:10.000000Z,13.90616,13.89604
2015-07-29T08:18:20.000000Z,13.90561,13.89575
2015-07-29T08:18:30.000000Z,13.90637,13.8964
2015-07-29T08:18:40.000000Z,13.90637,13.89631
2015-07-29T08:18:50.000000Z,13.90576,13.89597
2015-07-29T08:19:00.000000Z,13.90694,13.89847
2015-07-29T08:19:10.000000Z,13.9072,13.8983
2015-07-29T08:19:20.000000Z,13.90797,13.89875
2015-07-29T08:19:30.000000Z,13.90969,13.89929
2015-07-29T08:19:40.000000Z,13.91184,13.90185
2015-07-29T08:19:50.000000Z,13.91255,13.90291
2015-07-29T08:20:00.000000Z,13.91314,13.90362
2015-07-29T08:20:10.000000Z,13.91295,13.90303
2015-07-29T08:20:20.000000Z,13.91174,13.90273
2015-07-29T08:20:30.000000Z,13.91354,13.90361
2015-07-29T08:20:40.000000Z,13.90981,13.89951
2015-07-29T08:20:50.000000Z,13.90977,13.89936
2015-07-29T08:21:00.000000Z,13.90804,13.89667
2015-07-29T08:21:10.000000Z,13.90985,13.8965
2015-07-29T08:21:20.000000Z,13.90888,13.89899
2015-07-29T08:21:30.000000Z,13.90758,13.89858
2015-07-29T08:21:40.000000Z,13.90887,13.8996
2015-07-29T08:21:50.000000Z,13.90886,13.89883
2015-07-29T08:22:00.000000Z,13.90823,13.89775
2015-07-29T08:22:10.000000Z,13.90823,13.89778
2015-07-29T08:22:20.000000Z,13.90803,13.89722
2015-07-29T08:22:30.000000Z,13.90709,13.89639
2015-07-29T08:22:40.000000Z,13.90684,13.89612
2015-07-29T08:22:50.000000Z,13.90663,13.89563
2015-07-29T08:23:00.000000Z,13.90494,13.89547
2015-07-29T08:23:10.000000Z,13.90569,13.89628
2015-07-29T08:23:20.000000Z,13.90632,13.89622
2015-07-29T08:23:30.000000Z,13.90536,13.8961
2015-07-29T08:23:40.000000Z,13.90465,13.89491
2015-07-29T08:23:50.000000Z,13.90564,13.89566
2015-07-29T08:24:00.000000Z,13.90559,13.89664
2015-07-29T08:24:10.000000Z,13.90542,13.89696
2015-07-29T08:24:20.000000Z,13.89981,13.89108
2015-07-29T08:24:30.000000Z,13.89986,13.89092
2015-07-29T08:24:40.000000Z,13.8996,13.89118
2015-07-29T08:24:50.000000Z,13.9002,13.89157
2015-07-29T08:25:00.000000Z,13.90031,13.89076
2015-07-29T08:25:10.000000Z,13.90105,13.89119
2015-07-29T08:25:20.000000Z,13.90258,13.89289
2015-07-29T08:25:30.000000Z,13.90422,13.89407
2015-07-29T08:25:40.000000Z,13.90497,13.89491
2015-07-29T08:25:50.000000Z,13.90434,13.89443
2015-07-29T08:26:00.000000Z,13.90364,13.89307
2015-07-29T08:26:10.000000Z,13.90577,13.89567
2015-07-29T08:26:20.000000Z,13.90658,13.89662
2015-07-29T08:26:30.000000Z,13.90587,13.89701
2015-07-29T08:26:40.000000Z,13.90885,13.89843
2015-07-29T08:26:50.000000Z,13.90855,13.89836
2015-07-29T08:27:00.000000Z,13.90957,13.89868
2015-07-29T08:27:10.000000Z,13.90979,13.89885
2015-07-29T08:27:20.000000Z,13.91291,13.90164
2015-07-29T08:27:30.000000Z,13.91291,13.90297
2015-07-29T08:27:40.000000Z,13.90978,13.90067
2015-07-29T08:27:50.000000Z,13.91058,13.90122
2015-07-29T08:28:00.000000Z,13.91026,13.90117
2015-07-29T08:28:10.000000Z,13.91117,13.90186
2015-07-29T08:28:20.000000Z,13.91111,13.90064
2015-07-29T08:28:30.000000Z,13.90972,13.89902
2015-07-29T08:28:40.000000Z,13.91074,13.89961
2015-07-29T08:28:50.000000Z,13.90991,13.89929
2015-07-29T08:29:00.000000Z,13.91041,13.89888
2015-07-29T08:29:10.000000Z,13.90972,13.89925
2015-07-29T08:29:20.000000Z,13.90834,13.89822
2015-07-29T08:29:30.000000Z,13.90969,13.89882
2015-07-29T08:29:40.000000Z,13.91131,13.89999
2015-07-29T08:29:50.000000Z,13.91084,13.89964
2015-07-29T08:30:00.000000Z,13.91281,13.90097
2015-07-29T08:30:10.000000Z,13.91285,13.90311
2015-07-29T08:30:20.000000Z,13.91315,13.90433
2015-07-29T08:30:30.000000Z,13.91251,13.90376
2015-07-29T08:30:40.000000Z,13.91231,13.90371
2015-07-29T08:30:50.000000Z,13.91214,13.90371
2015-07-29T08:31:00.000000Z,13.91306,13.90441
2015-07-29T08:31:10.000000Z,13.91306,13.9044
2015-07-29T08:31:20.000000Z,13.91253,13.90407
2015-07-29T08:31:30.000000Z,13.91497,13.90435
2015-07-29T08:31:40.000000Z,13.91419,13.90498
2015-07-29T08:31:50.000000Z,13.9165,13.90666
2015-07-29T08:32:00.000000Z,13.91832,13.90932
2015-07-29T08:32:10.000000Z,13.923,13.91267
2015-07-29T08:32:20.000000Z,13.92257,13.91399
2015-07-29T08:32:30.000000Z,13.92397,13.91443
2015-07-29T08:32:40.000000Z,13.92472,13.91537
2015-07-29T08:32:50.000000Z,13.92464,13.9154
2015-07-29T08:33:00.000000Z,13.92405,13.91355
2015-07-29T08:33:10.000000Z,13.92599,13.91516
2015-07-29T08:33:20.000000Z,13.92508,13.9153
2015-07-29T08:33:30.000000Z,13.92609,13.9161
2015-07-29T08:33:40.000000Z,13.92489,13.91574
2015-07-29T08:33:50.000000Z,13.92387,13.91543
2015-07-29T08:34:00.000000Z,13.92485,13.91597
2015-07-29T08:34:10.000000Z,13.92431,13.91555
2015-07-29T08:34:20.000000Z,13.92378,13.91471
2015-07-29T08:34:30.000000Z,13.92666,13.91569
2015-07-29T08:34:40.000000Z,13.92728,13.91662
2015-07-29T08:34:50.000000Z,13.92561,13.91558
2015-07-29T08:35:00.000000Z,13.92495,13.91533
2015-07-29T08:35:10.000000Z,13.9246,13.91618
2015-07-29T08:35:20.000000Z,13.92516,13.91711
2015-07-29T08:35:30.000000Z,13.92632,13.91819
2015-07-29T08:35:40.000000Z,13.92835,13.91859
2015-07-29T08:35:50.000000Z,13.92768,13.91699
2015-07-29T08:36:00.000000Z,13.92657,13.91563
2015-07-29T08:36:10.000000Z,13.92646,13.91601
2015-07-29T08:36:20.000000Z,13.92428,13.91333
2015-07-29T08:36:30.000000Z,13.92368,13.91207
2015-07-29T08:36:40.000000Z,13.9218,13.91148
2015-07-29T08:36:50.000000Z,13.92211,13.91152
2015-07-29T08:37:00.000000Z,13.92148,13.91141
2015-07-29T08:37:10.000000Z,13.92192,13.91228
2015-07-29T08:37:20.000000Z,13.92118,13.9113
2015-07-29T08:37:30.000000Z,13.92186,13.91236
2015-07-29T08:37:40.000000Z,13.92198,13.91175
2015-07-29T08:37:50.000000Z,13.92171,13.91193
2015-07-29T08:38:00.000000Z,13.92234,13.91259
2015-07-29T08:38:10.000000Z,13.92009,13.91044
2015-07-29T08:38:20.000000Z,13.92143,13.91158
2015-07-29T08:38:30.000000Z,13.91981,13.90884
2015-07-29T08:38:40.000000Z,13.91964,13.9099
2015-07-29T08:38:50.000000Z,13.91965,13.90985
2015-07-29T08:39:00.000000Z,13.91971,13.91056
2015-07-29T08:39:10.000000Z,13.91926,13.91006
2015-07-29T08:39:20.000000Z,13.9195,13.91044
2015-07-29T08:39:30.000000Z,13.91932,13.91034
2015-07-29T08:39:40.000000Z,13.91925,13.91021
2015-07-29T08:39:50.000000Z,13.91854,13.90955
2015-07-29T08:40:00.000000Z,13.9184,13.90919
2015-07-29T08:40:10.000000Z,13.91824,13.90961
2015-07-29T08:40:20.000000Z,13.92043,13.91111
2015-07-29T08:40:30.000000Z,13.92017,13.91158
2015-07-29T08:40:40.000000Z,13.91825,13.90936
2015-07-29T08:40:50.000000Z,13.91908,13.90948
2015-07-29T08:41:00.000000Z,13.91715,13.90797
2015-07-29T08:41:10.000000Z,13.91656,13.90763
2015-07-29T08:41:20.000000Z,13.91636,13.9068
2015-07-29T08:41:30.000000Z,13.91752,13.90815
2015-07-29T08:41:40.000000Z,13.9175,13.90835
2015-07-29T08:41:50.000000Z,13.91573,13.90675
2015-07-29T08:42:00.000000Z,13.91759,13.90841
2015-07-29T08:42:10.000000Z,13.91693,13.90845
2015-07-29T08:42:20.000000Z,13.91677,13.90811
2015-07-29T08:42:30.000000Z,13.91681,13.90811
2015-07-29T08:42:40.000000Z,13.91716,13.90905
2015-07-29T08:42:50.000000Z,13.91941,13.90827
2015-07-29T08:43:00.000000Z,13.91897,13.90824
2015-07-29T08:43:10.000000Z,13.92046,13.90982
2015-07-29T08:43:20.000000Z,13.92021,13.90977
2015-07-29T08:43:30.000000Z,13.92302,13.91312
2015-07-29T08:43:40.000000Z,13.92332,13.91263
2015-07-29T08:43:50.000000Z,13.92658,13.91565
2015-07-29T08:44:00.000000Z,13.92496,13.91401
2015-07-29T08:44:10.000000Z,13.92596,13.91488
2015-07-29T08:44:20.000000Z,13.9284,13.91774
2015-07-29T08:44:30.000000Z,13.9287,13.91856
2015-07-29T08:44:40.000000Z,13.93116,13.92058
2015-07-29T08:44:50.000000Z,13.93061,13.91981
2015-07-29T08:45:00.000000Z,13.93146,13.92091
2015-07-29T08:45:10.000000Z,13.93152,13.921
2015-07-29T08:45:20.000000Z,13.93043,13.91951
2015-07-29T08:45:30.000000Z,13.93073,13.9206
2015-07-29T08:45:40.000000Z,13.92854,13.91838
2015-07-29T08:45:50.000000Z,13.92791,13.9178
2015-07-29T08:46:00.000000Z,13.92846,13.91787
2015-07-29T08:46:10.000000Z,13.92856,13.91797
2015-07-29T08:46:20.000000Z,13.92763,13.91789
2015-07-29T08:46:30.000000Z,13.92751,13.91778
2015-07-29T08:46:40.000000Z,13.92793,13.91699
2015-07-29T08:46:50.000000Z,13.92568,13.91566
2015-07-29T08:47:00.000000Z,13.92626,13.91641
2015-07-29T08:47:10.000000Z,13.92653,13.91721
2015-07-29T08:47:20.000000Z,13.92711,13.91744
2015-07-29T08:47:30.000000Z,13.92596,13.91337
2015-07-29T08:47:40.000000Z,13.9273,13.91665
2015-07-29T08:47:50.000000Z,13.92689,13.91564
2015-07-29T08:48:00.000000Z,13.92688,13.91553
2015-07-29T08:48:10.000000Z,13.92449,13.91234
2015-07-29T08:48:20.000000Z,13.92362,13.91344
2015-07-29T08:48:30.000000Z,13.9209,13.91071
2015-07-29T08:48:40.000000Z,13.92065,13.91056
2015-07-29T08:48:50.000000Z,13.91989,13.90971
2015-07-29T08:49:00.000000Z,13.91885,13.90895
2015-07-29T08:49:10.000000Z,13.91785,13.90781
2015-07-29T08:49:20.000000Z,13.91841,13.90802
2015-07-29T08:49:30.000000Z,13.91645,13.90604
2015-07-29T08:49:40.000000Z,13.91712,13.90647
2015-07-29T08:49:50.000000Z,13.91436,13.90459
2015-07-29T08:50:00.000000Z,13.91516,13.90545
2015-07-29T08:50:10.000000Z,13.91548,13.90582
2015-07-29T08:50:20.000000Z,13.91511,13.90569
2015-07-29T08:50:30.000000Z,13.91574,13.9058
2015-07-29T08:50:40.000000Z,13.91509,13.90474
2015-07-29T08:50:50.000000Z,13.9147,13.90493
2015-07-29T08:51:00.000000Z,13.91481,13.90495
2015-07-29T08:51:10.000000Z,13.91534,13.9051
2015-07-29T08:51:20.000000Z,13.91533,13.90519
2015-07-29T08:51:30.000000Z,13.91424,13.90416
2015-07-29T08:51:40.000000Z,13.91311,13.90357
2015-07-29T08:51:50.000000Z,13.91124,13.90158
2015-07-29T08:52:00.000000Z,13.90999,13.90003
2015-07-29T08:52:10.000000Z,13.91005,13.90021
2015-07-29T08:52:20.000000Z,13.90893,13.89851
2015-07-29T08:52:30.000000Z,13.90849,13.89806
2015-07-29T08:52:40.000000Z,13.90888,13.89865
2015-07-29T08:52:50.000000Z,13.90957,13.9002
2015-07-29T08:53:00.000000Z,13.90946,13.9004
2015-07-29T08:53:10.000000Z,13.91052,13.90144
2015-07-29T08:53:20.000000Z,13.91172,13.90278
2015-07-29T08:53:30.000000Z,13.90859,13.8992
2015-07-29T08:53:40.000000Z,13.90662,13.89606
2015-07-29T08:53:50.000000Z,13.90484,13.89548
2015-07-29T08:54:00.000000Z,13.90447,13.89531
2015-07-29T08:54:10.000000Z,13.90345,13.893
2015-07-29T08:54:20.000000Z,13.9023,13.892
2015-07-29T08:54:30.000000Z,13.90233,13.89213
2015-07-29T08:54:40.000000Z,13.90579,13.89551
2015-07-29T08:54:50.000000Z,13.90725,13.89705
2015-07-29T08:55:00.000000Z,13.90446,13.89366
2015-07-29T08:55:10.000000Z,13.90382,13.89207
2015-07-29T08:55:20.000000Z,13.9027,13.89293
2015-07-29T08:55:30.000000Z,13.90333,13.89361
2015-07-29T08:55:40.000000Z,13.90291,13.89312
2015-07-29T08:55:50.000000Z,13.90189,13.89194
2015-07-29T08:56:00.000000Z,13.90171,13.89171
2015-07-29T08:56:10.000000Z,13.90185,13.89205
2015-07-29T08:56:20.000000Z,13.90135,13.89171
2015-07-29T08:56:30.000000Z,13.90134,13.89223
2015-07-29T08:56:40.000000Z,13.90093,13.89237
2015-07-29T08:56:50.000000Z,13.90093,13.89237
2015-07-29T08:57:00.000000Z,13.90251,13.89373
2015-07-29T08:57:10.000000Z,13.90451,13.89476
2015-07-29T08:57:20.000000Z,13.90169,13.8916
2015-07-29T08:57:30.000000Z,13.90429,13.89454
2015-07-29T08:57:40.000000Z,13.90408,13.89423
2015-07-29T08:57:50.000000Z,13.9025,13.89296
2015-07-29T08:58:00.000000Z,13.90237,13.89269
2015-07-29T08:58:10.000000Z,13.9025,13.89265
2015-07-29T08:58:20.000000Z,13.9035,13.89358
2015-07-29T08:58:30.000000Z,13.90212,13.89251
2015-07-29T08:58:40.000000Z,13.902,13.8924
2015-07-29T08:58:50.000000Z,13.90087,13.89123
2015-07-29T08:59:00.000000Z,13.90109,13.89173
2015-07-29T08:59:10.000000Z,13.90273,13.89317
2015-07-29T08:59:20.000000Z,13.90352,13.89316
2015-07-29T08:59:30.000000Z,13.90407,13.89437
2015-07-29T08:59:40.000000Z,13.90633,13.89698
2015-07-29T08:59:50.000000Z,13.90395,13.89421
2015-07-29T09:00:00.000000Z,13.90369,13.89368
2015-07-29T09:00:10.000000Z,13.9041,13.89382
2015-07-29T09:00:20.000000Z,13.90433,13.89352
2015-07-29T09:00:30.000000Z,13.9041,13.89565
2015-07-29T09:00:40.000000Z,13.90585,13.89621
2015-07-29T09:00:50.000000Z,13.90531,13.89691
2015-07-29T09:01:00.000000Z,13.90531,13.89664
2015-07-29T09:01:10.000000Z,13.90878,13.8979
2015-07-29T09:01:20.000000Z,13.90652,13.89689
2015-07-29T09:01:30.000000Z,13.90559,13.8963
2015-07-29T09:01:40.000000Z,13.90574,13.89694
2015-07-29T09:01:50.000000Z,13.90502,13.89624
2015-07-29T09:02:00.000000Z,13.90433,13.8953
2015-07-29T09:02:10.000000Z,13.90354,13.89452
2015-07-29T09:02:20.000000Z,13.90527,13.89765
2015-07-29T09:02:30.000000Z,13.90492,13.89829
2015-07-29T09:02:40.000000Z,13.90477,13.89583
2015-07-29T09:02:50.000000Z,13.90657,13.8988
2015-07-29T09:03:00.000000Z,13.90563,13.89734
2015-07-29T09:03:10.000000Z,13.90837,13.89807
2015-07-29T09:03:20.000000Z,13.90795,13.89846
2015-07-29T09:03:30.000000Z,13.90731,13.898
2015-07-29T09:03:40.000000Z,13.90701,13.8981
2015-07-29T09:03:50.000000Z,13.90546,13.89594
2015-07-29T09:04:00.000000Z,13.90462,13.89562
2015-07-29T09:04:10.000000Z,13.90485,13.89598
2015-07-29T09:04:20.000000Z,13.90588,13.89669
2015-07-29T09:04:30.000000Z,13.9062,13.89692
2015-07-29T09:04:40.000000Z,13.9065,13.89794
2015-07-29T09:04:50.000000Z,13.90716,13.89757
2015-07-29T09:05:00.000000Z,13.90812,13.89844
2015-07-29T09:05:10.000000Z,13.90766,13.89799
2015-07-29T09:05:20.000000Z,13.90755,13.89793
2015-07-29T09:05:30.000000Z,13.90711,13.89767
2015-07-29T09:05:40.000000Z,13.90701,13.89792
2015-07-29T09:05:50.000000Z,13.90665,13.8977
2015-07-29T09:06:00.000000Z,13.90699,13.89809
2015-07-29T09:06:10.000000Z,13.90703,13.89903
2015-07-29T09:06:20.000000Z,13.90737,13.89864
2015-07-29T09:06:30.000000Z,13.9076,13.89892
2015-07-29T09:06:40.000000Z,13.90753,13.89812
2015-07-29T09:06:50.000000Z,13.90726,13.89782
2015-07-29T09:07:00.000000Z,13.90877,13.89889
2015-07-29T09:07:10.000000Z,13.90837,13.89867
2015-07-29T09:07:20.000000Z,13.90838,13.89877
2015-07-29T09:07:30.000000Z,13.90792,13.89853
2015-07-29T09:07:40.000000Z,13.90704,13.89842
2015-07-29T09:07:50.000000Z,13.9068,13.89834
2015-07-29T09:08:00.000000Z,13.90617,13.8978
2015-07-29T09:08:10.000000Z,13.9061,13.89774
2015-07-29T09:08:20.000000Z,13.90581,13.89736
2015-07-29T09:08:30.000000Z,13.90591,13.89741
2015-07-29T09:08:40.000000Z,13.90591,13.89748
2015-07-29T09:08:50.000000Z,13.9054,13.89661
2015-07-29T09:09:00.000000Z,13.90479,13.89623
2015-07-29T09:09:10.000000Z,13.9039,13.89612
2015-07-29T09:09:20.000000Z,13.90514,13.89657
2015-07-29T09:09:30.000000Z,13.90571,13.8975
2015-07-29T09:09:40.000000Z,13.9054,13.89726
2015-07-29T09:09:50.000000Z,13.90564,13.89726
2015-07-29T09:10:00.000000Z,13.90538,13.89611
2015-07-29T09:10:10.000000Z,13.9095,13.90004
2015-07-29T09:10:20.000000Z,13.91028,13.90031
2015-07-29T09:10:30.000000Z,13.91016,13.90037
2015-07-29T09:10:40.000000Z,13.90918,13.89872
2015-07-29T09:10:50.000000Z,13.91029,13.90097
2015-07-29T09:11:00.000000Z,13.91202,13.90176
2015-07-29T09:11:10.000000Z,13.91049,13.9013
2015-07-29T09:11:20.000000Z,13.91112,13.90098
2015-07-29T09:11:30.000000Z,13.91271,13.90271
2015-07-29T09:11:40.000000Z,13.9131,13.90318
2015-07-29T09:11:50.000000Z,13.91334,13.9032
2015-07-29T09:12:00.000000Z,13.91246,13.90267
2015-07-29T09:12:10.000000Z,13.91232,13.90267
2015-07-29T09:12:20.000000Z,13.91189,13.90239
2015-07-29T09:12:30.000000Z,13.91269,13.90244
2015-07-29T09:12:40.000000Z,13.90981,13.90003
2015-07-29T09:12:50.000000Z,13.90778,13.89729
2015-07-29T09:13:00.000000Z,13.90924,13.89731
2015-07-29T09:13:10.000000Z,13.9088,13.8987
2015-07-29T09:13:20.000000Z,13.90891,13.89852
2015-07-29T09:13:30.000000Z,13.91059,13.90078
2015-07-29T09:13:40.000000Z,13.91108,13.90086
2015-07-29T09:13:50.000000Z,13.91138,13.90166
2015-07-29T09:14:00.000000Z,13.91225,13.90251
2015-07-29T09:14:10.000000Z,13.91153,13.90129
2015-07-29T09:14:20.000000Z,13.9122,13.90193
2015-07-29T09:14:30.000000Z,13.91215,13.90205
2015-07-29T09:14:40.000000Z,13.91254,13.9017
2015-07-29T09:14:50.000000Z,13.9123,13.90146
2015-07-29T09:15:00.000000Z,13.91474,13.90497
2015-07-29T09:15:10.000000Z,13.91436,13.90495
2015-07-29T09:15:20.000000Z,13.91449,13.90449
2015-07-29T09:15:30.000000Z,13.91594,13.9061
2015-07-29T09:15:40.000000Z,13.91457,13.90475
2015-07-29T09:15:50.000000Z,13.9145,13.90434
2015-07-29T09:16:00.000000Z,13.9138,13.90363
2015-07-29T09:16:10.000000Z,13.91608,13.90476
2015-07-29T09:16:20.000000Z,13.91854,13.9102
2015-07-29T09:16:30.000000Z,13.91796,13.90902
2015-07-29T09:16:40.000000Z,13.91754,13.90752
2015-07-29T09:16:50.000000Z,13.92153,13.911
2015-07-29T09:17:00.000000Z,13.91982,13.90972
2015-07-29T09:17:10.000000Z,13.91813,13.90793
2015-07-29T09:17:20.000000Z,13.91873,13.90845
2015-07-29T09:17:30.000000Z,13.92062,13.91183
2015-07-29T09:17:40.000000Z,13.91999,13.91092
2015-07-29T09:17:50.000000Z,13.91937,13.91059
2015-07-29T09:18:00.000000Z,13.91936,13.9104
2015-07-29T09:18:10.000000Z,13.91956,13.91054
2015-07-29T09:18:20.000000Z,13.91916,13.90827
2015-07-29T09:18:30.000000Z,13.91791,13.90827
2015-07-29T09:18:40.000000Z,13.91591,13.90606
2015-07-29T09:18:50.000000Z,13.9163,13.90647
2015-07-29T09:19:00.000000Z,13.9159,13.90594
2015-07-29T09:19:10.000000Z,13.91505,13.90506
2015-07-29T09:19:20.000000Z,13.91453,13.90514
2015-07-29T09:19:30.000000Z,13.91439,13.90485
2015-07-29T09:19:40.000000Z,13.9152,13.90572
2015-07-29T09:19:50.000000Z,13.91484,13.9054
2015-07-29T09:20:00.000000Z,13.91529,13.90562
2015-07-29T09:20:10.000000Z,13.91449,13.90615
2015-07-29T09:20:20.000000Z,13.9148,13.90641
2015-07-29T09:20:30.000000Z,13.91436,13.90565
2015-07-29T09:20:40.000000Z,13.91562,13.90691
2015-07-29T09:20:50.000000Z,13.91663,13.90802
2015-07-29T09:21:00.000000Z,13.9155,13.90712
2015-07-29T09:21:10.000000Z,13.91424,13.90563
2015-07-29T09:21:20.000000Z,13.91424,13.90585
2015-07-29T09:21:30.000000Z,13.91424,13.90568
2015-07-29T09:21:40.000000Z,13.91462,13.9059
2015-07-29T09:21:50.000000Z,13.91612,13.90725
2015-07-29T09:22:00.000000Z,13.91424,13.90592
2015-07-29T09:22:10.000000Z,13.91656,13.90536
2015-07-29T09:22:20.000000Z,13.91584,13.90704
2015-07-29T09:22:30.000000Z,13.92071,13.90908
2015-07-29T09:22:40.000000Z,13.91859,13.90835
2015-07-29T09:22:50.000000Z,13.91993,13.90891
2015-07-29T09:23:00.000000Z,13.92016,13.90903
2015-07-29T09:23:10.000000Z,13.92026,13.91022
2015-07-29T09:23:20.000000Z,13.92096,13.91023
2015-07-29T09:23:30.000000Z,13.92014,13.9092
2015-07-29T09:23:40.000000Z,13.92126,13.91021
2015-07-29T09:23:50.000000Z,13.92087,13.91068
2015-07-29T09:24:00.000000Z,13.91737,13.90735
2015-07-29T09:24:10.000000Z,13.92012,13.90911
2015-07-29T09:24:20.000000Z,13.91845,13.90805
2015-07-29T09:24:30.000000Z,13.91844,13.90807
2015-07-29T09:24:40.000000Z,13.91817,13.90765
2015-07-29T09:24:50.000000Z,13.91799,13.90745
2015-07-29T09:25:00.000000Z,13.91887,13.90783
2015-07-29T09:25:10.000000Z,13.91773,13.90682
2015-07-29T09:25:20.000000Z,13.9173,13.90537
2015-07-29T09:25:30.000000Z,13.91746,13.90609
2015-07-29T09:25:40.000000Z,13.91494,13.90485
2015-07-29T09:25:50.000000Z,13.9149,13.90463
2015-07-29T09:26:00.000000Z,13.91475,13.90474
2015-07-29T09:26:10.000000Z,13.91459,13.90443
2015-07-29T09:26:20.000000Z,13.91351,13.90355
2015-07-29T09:26:30.000000Z,13.91321,13.90359
2015-07-29T09:26:40.000000Z,13.91372,13.90383
2015-07-29T09:26:50.000000Z,13.91327,13.90317
2015-07-29T09:27:00.000000Z,13.91291,13.90333
2015-07-29T09:27:10.000000Z,13.91395,13.90352
2015-07-29T09:27:20.000000Z,13.91429,13.90466
2015-07-29T09:27:30.000000Z,13.91483,13.90383
2015-07-29T09:27:40.000000Z,13.91382,13.90375
2015-07-29T09:27:50.000000Z,13.91175,13.90181
2015-07-29T09:28:00.000000Z,13.91234,13.90294
2015-07-29T09:28:10.000000Z,13.91244,13.90269
2015-07-29T09:28:20.000000Z,13.91253,13.90343
2015-07-29T09:28:30.000000Z,13.91362,13.90478
2015-07-29T09:28:40.000000Z,13.91375,13.90476
2015-07-29T09:28:50.000000Z,13.91411,13.90496
2015-07-29T09:29:00.000000Z,13.91304,13.90323
2015-07-29T09:29:10.000000Z,13.91295,13.90325
2015-07-29T09:29:20.000000Z,13.91308,13.90354
2015-07-29T09:29:30.000000Z,13.91481,13.90481
2015-07-29T09:29:40.000000Z,13.91474,13.90399
2015-07-29T09:29:50.000000Z,13.91478,13.90433
2015-07-29T09:30:00.000000Z,13.9132,13.90268
2015-07-29T09:30:10.000000Z,13.9128,13.90224
2015-07-29T09:30:20.000000Z,13.91107,13.90146
2015-07-29T09:30:30.000000Z,13.91122,13.90138
2015-07-29T09:30:40.000000Z,13.91244,13.90245
2015-07-29T09:30:50.000000Z,13.91263,13.90253
2015-07-29T09:31:00.000000Z,13.91221,13.90257
2015-07-29T09:31:10.000000Z,13.91205,13.90144
2015-07-29T09:31:20.000000Z,13.91009,13.90003
2015-07-29T09:31:30.000000Z,13.91044,13.90044
2015-07-29T09:31:40.000000Z,13.91171,13.90289
2015-07-29T09:31:50.000000Z,13.91178,13.90283
2015-07-29T09:32:00.000000Z,13.91149,13.90241
2015-07-29T09:32:10.000000Z,13.91121,13.90204
2015-07-29T09:32:20.000000Z,13.91178,13.90262
2015-07-29T09:32:30.000000Z,13.91212,13.90228
2015-07-29T09:32:40.000000Z,13.91225,13.90257
2015-07-29T09:32:50.000000Z,13.91186,13.90239
2015-07-29T09:33:00.000000Z,13.90998,13.90109
2015-07-29T09:33:10.000000Z,13.91036,13.90135
2015-07-29T09:33:20.000000Z,13.90996,13.90109
2015-07-29T09:33:30.000000Z,13.91016,13.90112
2015-07-29T09:33:40.000000Z,13.91028,13.9016
2015-07-29T09:33:50.000000Z,13.90975,13.90124
2015-07-29T09:34:00.000000Z,13.90883,13.89974
2015-07-29T09:34:10.000000Z,13.90872,13.90006
2015-07-29T09:34:20.000000Z,13.90968,13.90097
2015-07-29T09:34:30.000000Z,13.90965,13.90107
2015-07-29T09:34:40.000000Z,13.90966,13.90104
2015-07-29T09:34:50.000000Z,13.90966,13.90104
2015-07-29T09:35:00.000000Z,13.91032,13.90177
2015-07-29T09:35:10.000000Z,13.91055,13.90201
2015-07-29T09:35:20.000000Z,13.91183,13.90334
2015-07-29T09:35:30.000000Z,13.91208,13.9038
2015-07-29T09:35:40.000000Z,13.91315,13.90513
2015-07-29T09:35:50.000000Z,13.9136,13.90459
2015-07-29T09:36:00.000000Z,13.91271,13.90356
2015-07-29T09:36:10.000000Z,13.91418,13.90483
2015-07-29T09:36:20.000000Z,13.91418,13.90452
2015-07-29T09:36:30.000000Z,13.91337,13.90497
2015-07-29T09:36:40.000000Z,13.91273,13.90369
2015-07-29T09:36:50.000000Z,13.91248,13.90364
2015-07-29T09:37:00.000000Z,13.91209,13.90365
2015-07-29T09:37:10.000000Z,13.9118,13.90349
2015-07-29T09:37:20.000000Z,13.91283,13.90451
2015-07-29T09:37:30.000000Z,13.91314,13.90476
2015-07-29T09:37:40.000000Z,13.90897,13.89635
2015-07-29T09:37:50.000000Z,13.90521,13.89489
2015-07-29T09:38:00.000000Z,13.90525,13.8948
2015-07-29T09:38:10.000000Z,13.90637,13.89575
2015-07-29T09:38:20.000000Z,13.90375,13.89274
2015-07-29T09:38:30.000000Z,13.90373,13.89458
2015-07-29T09:38:40.000000Z,13.90471,13.89492
2015-07-29T09:38:50.000000Z,13.90607,13.89722
2015-07-29T09:39:00.000000Z,13.90591,13.89733
2015-07-29T09:39:10.000000Z,13.90611,13.89804
2015-07-29T09:39:20.000000Z,13.906,13.89796
2015-07-29T09:39:30.000000Z,13.90537,13.89796
2015-07-29T09:39:40.000000Z,13.90411,13.8962
2015-07-29T09:39:50.000000Z,13.90694,13.89569
2015-07-29T09:40:00.000000Z,13.90661,13.89591
2015-07-29T09:40:10.000000Z,13.90603,13.89607
2015-07-29T09:40:20.000000Z,13.90885,13.89667
2015-07-29T09:40:30.000000Z,13.91185,13.90191
2015-07-29T09:40:40.000000Z,13.91168,13.90234
2015-07-29T09:40:50.000000Z,13.9128,13.90443
2015-07-29T09:41:00.000000Z,13.91263,13.90387
2015-07-29T09:41:10.000000Z,13.91174,13.90264
2015-07-29T09:41:20.000000Z,13.91113,13.90066
2015-07-29T09:41:30.000000Z,13.91083,13.90038
2015-07-29T09:41:40.000000Z,13.90807,13.89751
2015-07-29T09:41:50.000000Z,13.90826,13.89804
2015-07-29T09:42:00.000000Z,13.90738,13.89697
2015-07-29T09:42:10.000000Z,13.90757,13.89931
2015-07-29T09:42:20.000000Z,13.90738,13.89912
2015-07-29T09:42:30.000000Z,13.90995,13.89994
2015-07-29T09:42:40.000000Z,13.91017,13.90028
2015-07-29T09:42:50.000000Z,13.90949,13.8997
2015-07-29T09:43:00.000000Z,13.91191,13.90073
2015-07-29T09:43:10.000000Z,13.91145,13.90125
2015-07-29T09:43:20.000000Z,13.91033,13.9004
2015-07-29T09:43:30.000000Z,13.91049,13.90036
2015-07-29T09:43:40.000000Z,13.91059,13.90034
2015-07-29T09:43:50.000000Z,13.90939,13.89938
2015-07-29T09:44:00.000000Z,13.90929,13.89928
2015-07-29T09:44:10.000000Z,13.90947,13.89908
2015-07-29T09:44:20.000000Z,13.90804,13.8982
2015-07-29T09:44:30.000000Z,13.90814,13.89865
2015-07-29T09:44:40.000000Z,13.91081,13.90059
2015-07-29T09:44:50.000000Z,13.90674,13.89696
2015-07-29T09:45:00.000000Z,13.90676,13.89662
2015-07-29T09:45:10.000000Z,13.90293,13.89318
2015-07-29T09:45:20.000000Z,13.90294,13.89328
2015-07-29T09:45:30.000000Z,13.90186,13.89104
2015-07-29T09:45:40.000000Z,13.90202,13.89173
2015-07-29T09:45:50.000000Z,13.90168,13.89203
2015-07-29T09:46:00.000000Z,13.9017,13.89202
2015-07-29T09:46:10.000000Z,13.90274,13.89257
2015-07-29T09:46:20.000000Z,13.90256,13.89292
2015-07-29T09:46:30.000000Z,13.90268,13.89278
2015-07-29T09:46:40.000000Z,13.90338,13.89409
2015-07-29T09:46:50.000000Z,13.90144,13.89229
2015-07-29T09:47:00.000000Z,13.90294,13.89332
2015-07-29T09:47:10.000000Z,13.90271,13.89344
2015-07-29T09:47:20.000000Z,13.9016,13.89256
2015-07-29T09:47:30.000000Z,13.90095,13.89214
2015-07-29T09:47:40.000000Z,13.9022,13.89296
2015-07-29T09:47:50.000000Z,13.90197,13.88984
2015-07-29T09:48:00.000000Z,13.89989,13.89032
2015-07-29T09:48:10.000000Z,13.89833,13.88829
2015-07-29T09:48:20.000000Z,13.89761,13.88791
2015-07-29T09:48:30.000000Z,13.89783,13.88797
2015-07-29T09:48:40.000000Z,13.90088,13.89151
2015-07-29T09:48:50.000000Z,13.90127,13.89174
2015-07-29T09:49:00.000000Z,13.90085,13.89185
2015-07-29T09:49:10.000000Z,13.90086,13.89193
2015-07-29T09:49:20.000000Z,13.90232,13.89316
2015-07-29T09:49:30.000000Z,13.90229,13.89302
2015-07-29T09:49:40.000000Z,13.9022,13.89292
2015-07-29T09:49:50.000000Z,13.90224,13.89356
2015-07-29T09:50:00.000000Z,13.90301,13.89381
2015-07-29T09:50:10.000000Z,13.90231,13.89292
2015-07-29T09:50:20.000000Z,13.90024,13.8895
2015-07-29T09:50:30.000000Z,13.89914,13.88961
2015-07-29T09:50:40.000000Z,13.89934,13.88972
2015-07-29T09:50:50.000000Z,13.90023,13.89077
2015-07-29T09:51:00.000000Z,13.89966,13.88926
2015-07-29T09:51:10.000000Z,13.90017,13.88854
2015-07-29T09:51:20.000000Z,13.89886,13.88825
2015-07-29T09:51:30.000000Z,13.89861,13.88801
2015-07-29T09:51:40.000000Z,13.89873,13.88832
2015-07-29T09:51:50.000000Z,13.89844,13.88707
2015-07-29T09:52:00.000000Z,13.89848,13.88783
2015-07-29T09:52:10.000000Z,13.89773,13.88732
2015-07-29T09:52:20.000000Z,13.89986,13.88934
2015-07-29T09:52:30.000000Z,13.89924,13.8882
2015-07-29T09:52:40.000000Z,13.89943,13.88849
2015-07-29T09:52:50.000000Z,13.89906,13.88818
2015-07-29T09:53:00.000000Z,13.89904,13.88863
2015-07-29T09:53:10.000000Z,13.89918,13.88877
2015-07-29T09:53:20.000000Z,13.89931,13.88884
2015-07-29T09:53:30.000000Z,13.89686,13.88691
2015-07-29T09:53:40.000000Z,13.89715,13.8862
2015-07-29T09:53:50.000000Z,13.89725,13.88668
2015-07-29T09:54:00.000000Z,13.89825,13.88794
2015-07-29T09:54:10.000000Z,13.89776,13.88794
2015-07-29T09:54:20.000000Z,13.89799,13.88827
2015-07-29T09:54:30.000000Z,13.89966,13.88953
2015-07-29T09:54:40.000000Z,13.89996,13.8899
2015-07-29T09:54:50.000000Z,13.90016,13.88991
2015-07-29T09:55:00.000000Z,13.89913,13.88915
2015-07-29T09:55:10.000000Z,13.89938,13.89042
2015-07-29T09:55:20.000000Z,13.89951,13.89061
2015-07-29T09:55:30.000000Z,13.8983,13.88799
2015-07-29T09:55:40.000000Z,13.89901,13.88877
2015-07-29T09:55:50.000000Z,13.90418,13.89221
2015-07-29T09:56:00.000000Z,13.90134,13.89029
2015-07-29T09:56:10.000000Z,13.90028,13.88944
2015-07-29T09:56:20.000000Z,13.90054,13.88957
2015-07-29T09:56:30.000000Z,13.89872,13.89049
2015-07-29T09:56:40.000000Z,13.89911,13.88911
2015-07-29T09:56:50.000000Z,13.89903,13.88962
2015-07-29T09:57:00.000000Z,13.89881,13.88936
2015-07-29T09:57:10.000000Z,13.89944,13.89031
2015-07-29T09:57:20.000000Z,13.89976,13.89153
2015-07-29T09:57:30.000000Z,13.90248,13.89231
2015-07-29T09:57:40.000000Z,13.90447,13.89441
2015-07-29T09:57:50.000000Z,13.90583,13.8956
2015-07-29T09:58:00.000000Z,13.90664,13.89652
2015-07-29T09:58:10.000000Z,13.90513,13.89711
2015-07-29T09:58:20.000000Z,13.90466,13.89656
2015-07-29T09:58:30.000000Z,13.90461,13.89656
2015-07-29T09:58:40.000000Z,13.90513,13.89694
2015-07-29T09:58:50.000000Z,13.90465,13.89636
2015-07-29T09:59:00.000000Z,13.9049,13.89653
2015-07-29T09:59:10.000000Z,13.9049,13.89652
2015-07-29T09:59:20.000000Z,13.9049,13.89658
2015-07-29T09:59:30.000000Z,13.90333,13.8943
2015-07-29T09:59:40.000000Z,13.9031,13.89411
2015-07-29T09:59:50.000000Z,13.90563,13.89648
2015-07-29T10:00:00.000000Z,13.90448,13.89529
2015-07-29T10:00:10.000000Z,13.90443,13.89497
2015-07-29T10:00:20.000000Z,13.9042,13.89465
2015-07-29T10:00:30.000000Z,13.90368,13.89344
2015-07-29T10:00:40.000000Z,13.90204,13.89213
2015-07-29T10:00:50.000000Z,13.90172,13.89246
2015-07-29T10:01:00.000000Z,13.90352,13.89466
2015-07-29T10:01:10.000000Z,13.90366,13.89475
2015-07-29T10:01:20.000000Z,13.90219,13.89224
2015-07-29T10:01:30.000000Z,13.9051,13.895
2015-07-29T10:01:40.000000Z,13.90333,13.89351
2015-07-29T10:01:50.000000Z,13.90333,13.89351
2015-07-29T10:02:00.000000Z,13.90315,13.89296
2015-07-29T10:02:10.000000Z,13.90231,13.89287
2015-07-29T10:02:20.000000Z,13.90124,13.89383
2015-07-29T10:02:30.000000Z,13.90205,13.89447
2015-07-29T10:02:40.000000Z,13.90219,13.89413
2015-07-29T10:02:50.000000Z,13.9022,13.89224
2015-07-29T10:03:00.000000Z,13.90259,13.89286
2015-07-29T10:03:10.000000Z,13.90043,13.89035
2015-07-29T10:03:20.000000Z,13.90044,13.89115
2015-07-29T10:03:30.000000Z,13.90031,13.88993
2015-07-29T10:03:40.000000Z,13.89973,13.88981
2015-07-29T10:03:50.000000Z,13.90127,13.89183
2015-07-29T10:04:00.000000Z,13.90071,13.89253
2015-07-29T10:04:10.000000Z,13.90093,13.89032
2015-07-29T10:04:20.000000Z,13.90081,13.89044
2015-07-29T10:04:30.000000Z,13.90081,13.89044
2015-07-29T10:04:40.000000Z,13.89967,13.88941
2015-07-29T10:04:50.000000Z,13.89854,13.88836
2015-07-29T10:05:00.000000Z,13.89841,13.88848
2015-07-29T10:05:10.000000Z,13.89621,13.8863
2015-07-29T10:05:20.000000Z,13.89628,13.88673
2015-07-29T10:05:30.000000Z,13.89633,13.88666
2015-07-29T10:05:40.000000Z,13.89657,13.88669
2015-07-29T10:05:50.000000Z,13.89971,13.89
2015-07-29T10:06:00.000000Z,13.90042,13.8911
2015-07-29T10:06:10.000000Z,13.89904,13.8896
2015-07-29T10:06:20.000000Z,13.8999,13.88986
2015-07-29T10:06:30.000000Z,13.89953,13.88941
2015-07-29T10:06:40.000000Z,13.8984,13.88879
2015-07-29T10:06:50.000000Z,13.89814,13.88936
2015-07-29T10:07:00.000000Z,13.89879,13.88974
2015-07-29T10:07:10.000000Z,13.89799,13.88935
2015-07-29T10:07:20.000000Z,13.89866,13.8887
2015-07-29T10:07:30.000000Z,13.89949,13.88793
2015-07-29T10:07:40.000000Z,13.90212,13.89102
2015-07-29T10:07:50.000000Z,13.90061,13.8901
2015-07-29T10:08:00.000000Z,13.90106,13.89063
2015-07-29T10:08:10.000000Z,13.89975,13.88873
2015-07-29T10:08:20.000000Z,13.90008,13.88922
2015-07-29T10:08:30.000000Z,13.89959,13.88889
2015-07-29T10:08:40.000000Z,13.8997,13.88912
2015-07-29T10:08:50.000000Z,13.90074,13.89006
2015-07-29T10:09:00.000000Z,13.90087,13.89049
2015-07-29T10:09:10.000000Z,13.90135,13.8905
2015-07-29T10:09:20.000000Z,13.90205,13.89166
2015-07-29T10:09:30.000000Z,13.90215,13.89122
2015-07-29T10:09:40.000000Z,13.90003,13.88992
2015-07-29T10:09:50.000000Z,13.89969,13.88947
2015-07-29T10:10:00.000000Z,13.90007,13.89012
2015-07-29T10:10:10.000000Z,13.90079,13.89072
2015-07-29T10:10:20.000000Z,13.9006,13.89097
2015-07-29T10:10:30.000000Z,13.90073,13.89115
2015-07-29T10:10:40.000000Z,13.90577,13.89534
2015-07-29T10:10:50.000000Z,13.90597,13.89613
2015-07-29T10:11:00.000000Z,13.90749,13.89698
2015-07-29T10:11:10.000000Z,13.9071,13.89687
2015-07-29T10:11:20.000000Z,13.91049,13.89956
2015-07-29T10:11:30.000000Z,13.90913,13.89821
2015-07-29T10:11:40.000000Z,13.90732,13.89633
2015-07-29T10:11:50.000000Z,13.90894,13.89915
2015-07-29T10:12:00.000000Z,13.91181,13.90143
2015-07-29T10:12:10.000000Z,13.9117,13.90159
2015-07-29T10:12:20.000000Z,13.9116,13.90164
2015-07-29T10:12:30.000000Z,13.91245,13.90202
2015-07-29T10:12:40.000000Z,13.91252,13.9037
2015-07-29T10:12:50.000000Z,13.91501,13.90495
2015-07-29T10:13:00.000000Z,13.91487,13.90481
2015-07-29T10:13:10.000000Z,13.91906,13.90739
2015-07-29T10:13:20.000000Z,13.91615,13.90573
2015-07-29T10:13:30.000000Z,13.91717,13.90494
2015-07-29T10:13:40.000000Z,13.91684,13.90589
2015-07-29T10:13:50.000000Z,13.91474,13.9047
2015-07-29T10:14:00.000000Z,13.91399,13.90505
2015-07-29T10:14:10.000000Z,13.91438,13.90464
2015-07-29T10:14:20.000000Z,13.91562,13.90756
2015-07-29T10:14:30.000000Z,13.91494,13.90441
2015-07-29T10:14:40.000000Z,13.9159,13.90594
2015-07-29T10:14:50.000000Z,13.91733,13.90675
2015-07-29T10:15:00.000000Z,13.9167,13.90677
2015-07-29T10:15:10.000000Z,13.91549,13.90625
2015-07-29T10:15:20.000000Z,13.91428,13.9054
2015-07-29T10:15:30.000000Z,13.91583,13.90511
2015-07-29T10:15:40.000000Z,13.91892,13.90813
2015-07-29T10:15:50.000000Z,13.91847,13.90908
2015-07-29T10:16:00.000000Z,13.91875,13.90858
2015-07-29T10:16:10.000000Z,13.91572,13.90501
2015-07-29T10:16:20.000000Z,13.91771,13.90879
2015-07-29T10:16:30.000000Z,13.91695,13.90815
2015-07-29T10:16:40.000000Z,13.9169,13.90781
2015-07-29T10:16:50.000000Z,13.91655,13.90778
2015-07-29T10:17:00.000000Z,13.91938,13.90939
2015-07-29T10:17:10.000000Z,13.919,13.90924
2015-07-29T10:17:20.000000Z,13.92,13.91027
2015-07-29T10:17:30.000000Z,13.91991,13.90982
2015-07-29T10:17:40.000000Z,13.91937,13.91015
2015-07-29T10:17:50.000000Z,13.91961,13.91028
2015-07-29T10:18:00.000000Z,13.92012,13.91069
2015-07-29T10:18:10.000000Z,13.9196,13.91043
2015-07-29T10:18:20.000000Z,13.91943,13.90995
2015-07-29T10:18:30.000000Z,13.91965,13.91048
2015-07-29T10:18:40.000000Z,13.92014,13.91084
2015-07-29T10:18:50.000000Z,13.92307,13.91335
2015-07-29T10:19:00.000000Z,13.92363,13.91461
2015-07-29T10:19:10.000000Z,13.92398,13.91419
2015-07-29T10:19:20.000000Z,13.92314,13.91429
2015-07-29T10:19:30.000000Z,13.92367,13.91416
2015-07-29T10:19:40.000000Z,13.92458,13.91539
2015-07-29T10:19:50.000000Z,13.92467,13.91564
2015-07-29T10:20:00.000000Z,13.9238,13.91327
2015-07-29T10:20:10.000000Z,13.92634,13.91686
2015-07-29T10:20:20.000000Z,13.92669,13.91779
2015-07-29T10:20:30.000000Z,13.92837,13.91827
2015-07-29T10:20:40.000000Z,13.92733,13.91828
2015-07-29T10:20:50.000000Z,13.92625,13.91672
2015-07-29T10:21:00.000000Z,13.92489,13.91571
2015-07-29T10:21:10.000000Z,13.92589,13.91725
2015-07-29T10:21:20.000000Z,13.92795,13.9185
2015-07-29T10:21:30.000000Z,13.92813,13.91711
2015-07-29T10:21:40.000000Z,13.92741,13.91715
2015-07-29T10:21:50.000000Z,13.92729,13.91711
2015-07-29T10:22:00.000000Z,13.92736,13.91761
2015-07-29T10:22:10.000000Z,13.92826,13.91741
2015-07-29T10:22:20.000000Z,13.92843,13.91771
2015-07-29T10:22:30.000000Z,13.92868,13.91735
2015-07-29T10:22:40.000000Z,13.92837,13.91754
2015-07-29T10:22:50.000000Z,13.92825,13.91772
2015-07-29T10:23:00.000000Z,13.92746,13.91673
2015-07-29T10:23:10.000000Z,13.92578,13.91519
2015-07-29T10:23:20.000000Z,13.92008,13.90986
2015-07-29T10:23:30.000000Z,13.9202,13.90928
2015-07-29T10:23:40.000000Z,13.91975,13.90939
2015-07-29T10:23:50.000000Z,13.91924,13.90889
2015-07-29T10:24:00.000000Z,13.91908,13.90891
2015-07-29T10:24:10.000000Z,13.9182,13.90876
2015-07-29T10:24:20.000000Z,13.91712,13.90628
2015-07-29T10:24:30.000000Z,13.91689,13.90613
2015-07-29T10:24:40.000000Z,13.91793,13.9075
2015-07-29T10:24:50.000000Z,13.91743,13.90726
2015-07-29T10:25:00.000000Z,13.9178,13.90747
2015-07-29T10:25:10.000000Z,13.9175,13.90645
2015-07-29T10:25:20.000000Z,13.91712,13.90671
2015-07-29T10:25:30.000000Z,13.91672,13.9069
2015-07-29T10:25:40.000000Z,13.91682,13.90647
2015-07-29T10:25:50.000000Z,13.91661,13.90577
2015-07-29T10:26:00.000000Z,13.91624,13.90512
2015-07-29T10:26:10.000000Z,13.9156,13.90523
2015-07-29T10:26:20.000000Z,13.91647,13.90644
2015-07-29T10:26:30.000000Z,13.91698,13.90701
2015-07-29T10:26:40.000000Z,13.91702,13.90703
2015-07-29T10:26:50.000000Z,13.91727,13.90741
2015-07-29T10:27:00.000000Z,13.91757,13.90719
2015-07-29T10:27:10.000000Z,13.91757,13.90725
2015-07-29T10:27:20.000000Z,13.91757,13.9073
2015-07-29T10:27:30.000000Z,13.91757,13.90714
2015-07-29T10:27:40.000000Z,13.91732,13.90678
2015-07-29T10:27:50.000000Z,13.91763,13.90756
2015-07-29T10:28:00.000000Z,13.91203,13.90103
2015-07-29T10:28:10.000000Z,13.91035,13.89948
2015-07-29T10:28:20.000000Z,13.91211,13.90065
2015-07-29T10:28:30.000000Z,13.9126,13.90193
2015-07-29T10:28:40.000000Z,13.91096,13.90007
2015-07-29T10:28:50.000000Z,13.91051,13.89994
2015-07-29T10:29:00.000000Z,13.91134,13.9006
2015-07-29T10:29:10.000000Z,13.91234,13.90164
2015-07-29T10:29:20.000000Z,13.91273,13.90195
2015-07-29T10:29:30.000000Z,13.91255,13.90178
2015-07-29T10:29:40.000000Z,13.91209,13.90164
2015-07-29T10:29:50.000000Z,13.91159,13.90056
2015-07-29T10:30:00.000000Z,13.911,13.90081
2015-07-29T10:30:10.000000Z,13.90894,13.89818
2015-07-29T10:30:20.000000Z,13.90692,13.89795
2015-07-29T10:30:30.000000Z,13.9059,13.89745
2015-07-29T10:30:40.000000Z,13.9056,13.89694
2015-07-29T10:30:50.000000Z,13.9106,13.9008
2015-07-29T10:31:00.000000Z,13.90951,13.90032
2015-07-29T10:31:10.000000Z,13.90904,13.90061
2015-07-29T10:31:20.000000Z,13.9095,13.90101
2015-07-29T10:31:30.000000Z,13.90964,13.90139
2015-07-29T10:31:40.000000Z,13.90979,13.901
2015-07-29T10:31:50.000000Z,13.91054,13.90154
2015-07-29T10:32:00.000000Z,13.91153,13.90287
2015-07-29T10:32:10.000000Z,13.91228,13.90373
2015-07-29T10:32:20.000000Z,13.91332,13.9042
2015-07-29T10:32:30.000000Z,13.91325,13.9044
2015-07-29T10:32:40.000000Z,13.9118,13.90289
2015-07-29T10:32:50.000000Z,13.91218,13.90347
2015-07-29T10:33:00.000000Z,13.91441,13.90563
2015-07-29T10:33:10.000000Z,13.91384,13.90481
2015-07-29T10:33:20.000000Z,13.91671,13.9066
2015-07-29T10:33:30.000000Z,13.91702,13.9074
2015-07-29T10:33:40.000000Z,13.9159,13.90626
2015-07-29T10:33:50.000000Z,13.91627,13.90617
2015-07-29T10:34:00.000000Z,13.9161,13.90592
2015-07-29T10:34:10.000000Z,13.91617,13.90617
2015-07-29T10:34:20.000000Z,13.9178,13.90809
2015-07-29T10:34:30.000000Z,13.9194,13.90748
2015-07-29T10:34:40.000000Z,13.91838,13.90819
2015-07-29T10:34:50.000000Z,13.91818,13.90784
2015-07-29T10:35:00.000000Z,13.9182,13.9076
2015-07-29T10:35:10.000000Z,13.91822,13.90774
2015-07-29T10:35:20.000000Z,13.91871,13.9081
2015-07-29T10:35:30.000000Z,13.91581,13.90505
2015-07-29T10:35:40.000000Z,13.91509,13.905
2015-07-29T10:35:50.000000Z,13.91439,13.90436
2015-07-29T10:36:00.000000Z,13.91509,13.90528
2015-07-29T10:36:10.000000Z,13.9142,13.90466
2015-07-29T10:36:20.000000Z,13.91459,13.9034
2015-07-29T10:36:30.000000Z,13.91603,13.90486
2015-07-29T10:36:40.000000Z,13.91534,13.9048
2015-07-29T10:36:50.000000Z,13.91552,13.90497
2015-07-29T10:37:00.000000Z,13.91477,13.90454
2015-07-29T10:37:10.000000Z,13.91591,13.90579
2015-07-29T10:37:20.000000Z,13.91596,13.90542
2015-07-29T10:37:30.000000Z,13.91565,13.90513
2015-07-29T10:37:40.000000Z,13.91024,13.89987
2015-07-29T10:37:50.000000Z,13.9104,13.90093
2015-07-29T10:38:00.000000Z,13.91101,13.90218
2015-07-29T10:38:10.000000Z,13.91036,13.90151
2015-07-29T10:38:20.000000Z,13.91246,13.90262
2015-07-29T10:38:30.000000Z,13.91049,13.90094
2015-07-29T10:38:40.000000Z,13.91044,13.90093
2015-07-29T10:38:50.000000Z,13.91031,13.90093
2015-07-29T10:39:00.000000Z,13.90906,13.89987
2015-07-29T10:39:10.000000Z,13.91157,13.90104
2015-07-29T10:39:20.000000Z,13.9121,13.90268
2015-07-29T10:39:30.000000Z,13.91166,13.90218
2015-07-29T10:39:40.000000Z,13.91203,13.90239
2015-07-29T10:39:50.000000Z,13.91185,13.90249
2015-07-29T10:40:00.000000Z,13.91278,13.90361
2015-07-29T10:40:10.000000Z,13.91293,13.90349
2015-07-29T10:40:20.000000Z,13.91461,13.90405
2015-07-29T10:40:30.000000Z,13.91216,13.90217
2015-07-29T10:40:40.000000Z,13.91216,13.90241
