time,closeAsk,closeBid
2015-07-29T04:06:30.000000Z,3.05971,3.05459
2015-07-29T04:06:40.000000Z,3.05977,3.05453
2015-07-29T04:06:50.000000Z,3.05972,3.05461
2015-07-29T04:07:00.000000Z,3.05982,3.0548
2015-07-29T04:07:10.000000Z,3.06007,3.05516
2015-07-29T04:07:20.000000Z,3.06023,3.05477
2015-07-29T04:07:30.000000Z,3.06006,3.05476
2015-07-29T04:07:50.000000Z,3.06005,3.05477
2015-07-29T04:08:00.000000Z,3.0602,3.05474
2015-07-29T04:08:10.000000Z,3.06004,3.05475
2015-07-29T04:08:40.000000Z,3.06021,3.05521
2015-07-29T04:09:00.000000Z,3.06024,3.05522
2015-07-29T04:09:20.000000Z,3.06033,3.05522
2015-07-29T04:09:30.000000Z,3.06047,3.05463
2015-07-29T04:09:40.000000Z,3.06028,3.05466
2015-07-29T04:10:00.000000Z,3.05991,3.05469
2015-07-29T04:10:10.000000Z,3.05998,3.0547
2015-07-29T04:10:20.000000Z,3.05968,3.05469
2015-07-29T04:12:00.000000Z,3.05956,3.0547
2015-07-29T04:12:20.000000Z,3.05945,3.05452
2015-07-29T04:12:30.000000Z,3.0594,3.05458
2015-07-29T04:12:40.000000Z,3.05953,3.05448
2015-07-29T04:12:50.000000Z,3.05933,3.05458
2015-07-29T04:13:00.000000Z,3.05939,3.05429
2015-07-29T04:13:20.000000Z,3.05937,3.0543
2015-07-29T04:13:40.000000Z,3.05945,3.0543
2015-07-29T04:13:50.000000Z,3.05894,3.05399
2015-07-29T04:14:00.000000Z,3.05919,3.05383
2015-07-29T04:14:10.000000Z,3.05937,3.054
2015-07-29T04:14:20.000000Z,3.05931,3.05399
2015-07-29T04:14:30.000000Z,3.05921,3.054
2015-07-29T04:14:40.000000Z,3.0591,3.05388
2015-07-29T04:14:50.000000Z,3.05851,3.05376
2015-07-29T04:15:00.000000Z,3.05851,3.05371
2015-07-29T04:15:10.000000Z,3.05839,3.05347
2015-07-29T04:15:20.000000Z,3.05869,3.0537
2015-07-29T04:15:30.000000Z,3.05872,3.0537
2015-07-29T04:15:40.000000Z,3.05887,3.0535
2015-07-29T04:15:50.000000Z,3.05844,3.05376
2015-07-29T04:16:00.000000Z,3.05848,3.05377
2015-07-29T04:16:10.000000Z,3.05888,3.05353
2015-07-29T04:16:20.000000Z,3.05862,3.05366
2015-07-29T04:16:30.000000Z,3.05862,3.05367
2015-07-29T04:16:40.000000Z,3.05898,3.0536
2015-07-29T04:16:50.000000Z,3.05891,3.05368
2015-07-29T04:17:00.000000Z,3.05912,3.05415
2015-07-29T04:17:10.000000Z,3.05905,3.05424
2015-07-29T04:17:20.000000Z,3.05905,3.0543
2015-07-29T04:17:40.000000Z,3.05909,3.05381
2015-07-29T04:17:50.000000Z,3.05892,3.05412
2015-07-29T04:18:00.000000Z,3.05891,3.05422
2015-07-29T04:18:10.000000Z,3.05912,3.05372
2015-07-29T04:18:20.000000Z,3.05893,3.05371
2015-07-29T04:18:30.000000Z,3.05889,3.05372
2015-07-29T04:18:40.000000Z,3.05859,3.05316
2015-07-29T04:18:50.000000Z,3.05807,3.05287
2015-07-29T04:19:00.000000Z,3.05852,3.05197
2015-07-29T04:19:10.000000Z,3.05764,3.05251
2015-07-29T04:19:20.000000Z,3.05754,3.05287
2015-07-29T04:19:30.000000Z,3.05765,3.05252
2015-07-29T04:19:40.000000Z,3.05739,3.05254
2015-07-29T04:19:50.000000Z,3.05744,3.05247
2015-07-29T04:20:00.000000Z,3.05754,3.05248
2015-07-29T04:20:10.000000Z,3.05754,3.05248
2015-07-29T04:20:20.000000Z,3.05764,3.05241
2015-07-29T04:20:30.000000Z,3.05769,3.05236
2015-07-29T04:20:40.000000Z,3.05749,3.05247
2015-07-29T04:20:50.000000Z,3.05734,3.05244
2015-07-29T04:21:00.000000Z,3.05702,3.05256
2015-07-29T04:21:10.000000Z,3.05703,3.05257
2015-07-29T04:21:20.000000Z,3.05724,3.05237
2015-07-29T04:21:30.000000Z,3.05718,3.05245
2015-07-29T04:21:40.000000Z,3.05757,3.05247
2015-07-29T04:21:50.000000Z,3.05802,3.05279
2015-07-29T04:22:00.000000Z,3.05794,3.05259
2015-07-29T04:22:10.000000Z,3.0578,3.05258
2015-07-29T04:22:20.000000Z,3.05782,3.0525
2015-07-29T04:22:30.000000Z,3.05792,3.05244
2015-07-29T04:22:40.000000Z,3.0578,3.05252
2015-07-29T04:23:00.000000Z,3.05778,3.05252
2015-07-29T04:23:10.000000Z,3.05786,3.05245
2015-07-29T04:23:20.000000Z,3.05808,3.05237
2015-07-29T04:23:30.000000Z,3.05786,3.05249
2015-07-29T04:23:40.000000Z,3.05786,3.05247
2015-07-29T04:24:10.000000Z,3.05783,3.05254
2015-07-29T04:24:20.000000Z,3.05721,3.05241
2015-07-29T04:24:30.000000Z,3.0573,3.05241
2015-07-29T04:24:40.000000Z,3.05751,3.05241
2015-07-29T04:24:50.000000Z,3.05689,3.05227
2015-07-29T04:25:00.000000Z,3.0569,3.05226
2015-07-29T04:25:10.000000Z,3.0568,3.05226
2015-07-29T04:25:30.000000Z,3.05644,3.05167
2015-07-29T04:25:40.000000Z,3.05649,3.05174
2015-07-29T04:25:50.000000Z,3.0565,3.05196
2015-07-29T04:26:00.000000Z,3.05663,3.05187
2015-07-29T04:26:10.000000Z,3.0568,3.05197
2015-07-29T04:26:20.000000Z,3.05696,3.05185
2015-07-29T04:26:30.000000Z,3.05695,3.05188
2015-07-29T04:26:40.000000Z,3.05687,3.05187
2015-07-29T04:26:50.000000Z,3.05672,3.05183
2015-07-29T04:27:00.000000Z,3.0568,3.05182
2015-07-29T04:27:10.000000Z,3.0568,3.05187
2015-07-29T04:27:20.000000Z,3.05697,3.05175
2015-07-29T04:27:30.000000Z,3.057,3.05178
2015-07-29T04:27:40.000000Z,3.05684,3.05197
2015-07-29T04:27:50.000000Z,3.05681,3.05196
2015-07-29T04:28:20.000000Z,3.0567,3.05196
2015-07-29T04:28:30.000000Z,3.05653,3.05197
2015-07-29T04:28:40.000000Z,3.05655,3.05197
2015-07-29T04:28:50.000000Z,3.05676,3.05156
2015-07-29T04:29:00.000000Z,3.05616,3.05126
2015-07-29T04:29:10.000000Z,3.0562,3.05127
2015-07-29T04:29:20.000000Z,3.05615,3.05127
2015-07-29T04:29:30.000000Z,3.05616,3.0512
2015-07-29T04:29:40.000000Z,3.05627,3.05126
2015-07-29T04:30:00.000000Z,3.05631,3.05127
2015-07-29T04:30:30.000000Z,3.05631,3.05127
2015-07-29T04:30:40.000000Z,3.05622,3.05127
2015-07-29T04:30:50.000000Z,3.05629,3.05126
2015-07-29T04:31:00.000000Z,3.05621,3.05127
2015-07-29T04:31:10.000000Z,3.05629,3.05127
2015-07-29T04:31:30.000000Z,3.05633,3.05119
2015-07-29T04:31:40.000000Z,3.05639,3.05108
2015-07-29T04:31:50.000000Z,3.05639,3.0511
2015-07-29T04:32:00.000000Z,3.05641,3.05104
2015-07-29T04:32:10.000000Z,3.05691,3.05097
2015-07-29T04:32:20.000000Z,3.05608,3.05129
2015-07-29T04:32:30.000000Z,3.05608,3.05128
2015-07-29T04:32:40.000000Z,3.05636,3.0512
2015-07-29T04:32:50.000000Z,3.05675,3.05112
2015-07-29T04:33:00.000000Z,3.05654,3.05118
2015-07-29T04:33:10.000000Z,3.0563,3.0513
2015-07-29T04:33:20.000000Z,3.05625,3.05129
2015-07-29T04:33:40.000000Z,3.05618,3.0513
2015-07-29T04:33:50.000000Z,3.05617,3.0513
2015-07-29T04:34:00.000000Z,3.05619,3.05129
2015-07-29T04:34:10.000000Z,3.05619,3.0513
2015-07-29T04:34:20.000000Z,3.05643,3.05106
2015-07-29T04:34:30.000000Z,3.05632,3.05118
2015-07-29T04:34:40.000000Z,3.05633,3.05117
2015-07-29T04:35:00.000000Z,3.05648,3.05105
2015-07-29T04:35:20.000000Z,3.05625,3.05121
2015-07-29T04:35:30.000000Z,3.05629,3.05122
2015-07-29T04:35:40.000000Z,3.05617,3.05121
2015-07-29T04:35:50.000000Z,3.05606,3.05121
2015-07-29T04:36:00.000000Z,3.05604,3.05121
2015-07-29T04:36:10.000000Z,3.05603,3.05116
2015-07-29T04:36:20.000000Z,3.05573,3.05129
2015-07-29T04:36:30.000000Z,3.05595,3.05116
2015-07-29T04:36:40.000000Z,3.05677,3.04995
2015-07-29T04:36:50.000000Z,3.05587,3.05099
2015-07-29T04:37:00.000000Z,3.05546,3.05077
2015-07-29T04:37:10.000000Z,3.05546,3.05076
2015-07-29T04:37:20.000000Z,3.0557,3.05099
2015-07-29T04:37:30.000000Z,3.05593,3.0508
2015-07-29T04:37:40.000000Z,3.05584,3.05092
2015-07-29T04:37:50.000000Z,3.05579,3.05089
2015-07-29T04:38:00.000000Z,3.05596,3.05093
2015-07-29T04:38:10.000000Z,3.05593,3.05092
2015-07-29T04:38:50.000000Z,3.05595,3.05093
2015-07-29T04:39:10.000000Z,3.05597,3.05093
2015-07-29T04:39:20.000000Z,3.05595,3.051
2015-07-29T04:39:30.000000Z,3.05609,3.05087
2015-07-29T04:39:40.000000Z,3.05595,3.05088
2015-07-29T04:40:00.000000Z,3.05571,3.05088
2015-07-29T04:40:10.000000Z,3.05576,3.05088
2015-07-29T04:40:20.000000Z,3.05556,3.0509
2015-07-29T04:40:30.000000Z,3.05562,3.05088
2015-07-29T04:40:40.000000Z,3.05544,3.05088
2015-07-29T04:40:50.000000Z,3.05549,3.05088
2015-07-29T04:41:00.000000Z,3.05618,3.05066
2015-07-29T04:41:10.000000Z,3.0556,3.051
2015-07-29T04:41:20.000000Z,3.05587,3.0506
2015-07-29T04:41:30.000000Z,3.05589,3.0506
2015-07-29T04:41:40.000000Z,3.05568,3.0506
2015-07-29T04:41:50.000000Z,3.05583,3.05037
2015-07-29T04:42:00.000000Z,3.05559,3.0506
2015-07-29T04:42:10.000000Z,3.05559,3.05061
2015-07-29T04:42:20.000000Z,3.05556,3.05061
2015-07-29T04:42:30.000000Z,3.05557,3.0506
2015-07-29T04:42:40.000000Z,3.05521,3.05055
2015-07-29T04:42:50.000000Z,3.05528,3.05032
2015-07-29T04:43:00.000000Z,3.05531,3.05033
2015-07-29T04:43:20.000000Z,3.05533,3.05029
2015-07-29T04:43:30.000000Z,3.05534,3.05029
2015-07-29T04:43:40.000000Z,3.05536,3.05029
2015-07-29T04:43:50.000000Z,3.05605,3.05044
2015-07-29T04:44:00.000000Z,3.05561,3.05089
2015-07-29T04:44:10.000000Z,3.05559,3.05092
2015-07-29T04:44:20.000000Z,3.05561,3.05091
2015-07-29T04:44:30.000000Z,3.05563,3.05089
2015-07-29T04:44:40.000000Z,3.05552,3.05093
2015-07-29T04:44:50.000000Z,3.05557,3.05092
2015-07-29T04:45:00.000000Z,3.05558,3.05092
2015-07-29T04:45:20.000000Z,3.0556,3.05091
2015-07-29T04:45:40.000000Z,3.05671,3.05093
2015-07-29T04:45:50.000000Z,3.05627,3.05149
2015-07-29T04:46:00.000000Z,3.05612,3.05153
2015-07-29T04:46:10.000000Z,3.05606,3.05152
2015-07-29T04:46:20.000000Z,3.0558,3.05153
2015-07-29T04:46:40.000000Z,3.05576,3.05152
2015-07-29T04:46:50.000000Z,3.05593,3.05152
2015-07-29T04:47:00.000000Z,3.05582,3.05153
2015-07-29T04:47:10.000000Z,3.05594,3.05152
2015-07-29T04:47:20.000000Z,3.0559,3.05153
2015-07-29T04:47:30.000000Z,3.05579,3.05153
2015-07-29T04:47:50.000000Z,3.05567,3.05152
2015-07-29T04:48:10.000000Z,3.05583,3.05152
2015-07-29T04:48:30.000000Z,3.05589,3.05153
2015-07-29T04:48:40.000000Z,3.056,3.05153
2015-07-29T04:48:50.000000Z,3.05609,3.05153
2015-07-29T04:49:10.000000Z,3.05619,3.05152
2015-07-29T04:49:20.000000Z,3.05526,3.0504
2015-07-29T04:49:30.000000Z,3.05524,3.0504
2015-07-29T04:49:40.000000Z,3.05466,3.0501
2015-07-29T04:49:50.000000Z,3.05476,3.05009
2015-07-29T04:50:00.000000Z,3.05495,3.0501
2015-07-29T04:50:10.000000Z,3.05469,3.0507
2015-07-29T04:50:20.000000Z,3.05513,3.05065
2015-07-29T04:50:30.000000Z,3.055,3.05055
2015-07-29T04:50:40.000000Z,3.05469,3.05
2015-07-29T04:50:50.000000Z,3.05463,3.04999
2015-07-29T04:51:00.000000Z,3.05485,3.05
2015-07-29T04:51:10.000000Z,3.05481,3.04999
2015-07-29T04:51:20.000000Z,3.05465,3.04999
2015-07-29T04:51:30.000000Z,3.05463,3.05009
2015-07-29T04:51:40.000000Z,3.05458,3.0501
2015-07-29T04:51:50.000000Z,3.05477,3.05009
2015-07-29T04:52:00.000000Z,3.05472,3.05069
2015-07-29T04:52:10.000000Z,3.05484,3.05061
2015-07-29T04:52:20.000000Z,3.05483,3.05061
2015-07-29T04:52:30.000000Z,3.05521,3.04974
2015-07-29T04:52:40.000000Z,3.05501,3.05004
2015-07-29T04:52:50.000000Z,3.05503,3.05004
2015-07-29T04:53:00.000000Z,3.05502,3.05003
2015-07-29T04:53:20.000000Z,3.055,3.05003
2015-07-29T04:53:40.000000Z,3.05502,3.05003
2015-07-29T04:53:50.000000Z,3.05482,3.05051
2015-07-29T04:54:00.000000Z,3.05499,3.0499
2015-07-29T04:54:10.000000Z,3.05502,3.05004
2015-07-29T04:54:20.000000Z,3.05496,3.0501
2015-07-29T04:54:30.000000Z,3.05485,3.0501
2015-07-29T04:54:40.000000Z,3.05475,3.0501
2015-07-29T04:54:50.000000Z,3.05484,3.0501
2015-07-29T04:55:00.000000Z,3.05518,3.04995
2015-07-29T04:55:10.000000Z,3.05483,3.05007
2015-07-29T04:55:20.000000Z,3.05475,3.05007
2015-07-29T04:55:30.000000Z,3.05521,3.05
2015-07-29T04:55:40.000000Z,3.05478,3.05016
2015-07-29T04:55:50.000000Z,3.05464,3.05016
2015-07-29T04:56:00.000000Z,3.05508,3.04986
2015-07-29T04:56:10.000000Z,3.05516,3.05009
2015-07-29T04:56:20.000000Z,3.05515,3.05012
2015-07-29T04:56:30.000000Z,3.05522,3.05012
2015-07-29T04:56:40.000000Z,3.05517,3.05012
2015-07-29T04:56:50.000000Z,3.05533,3.05006
2015-07-29T04:57:00.000000Z,3.05517,3.05028
2015-07-29T04:57:10.000000Z,3.05533,3.04986
2015-07-29T04:57:20.000000Z,3.05456,3.05015
2015-07-29T04:57:30.000000Z,3.05459,3.05016
2015-07-29T04:57:40.000000Z,3.05465,3.05016
2015-07-29T04:58:00.000000Z,3.05489,3.05008
2015-07-29T04:58:10.000000Z,3.0548,3.05009
2015-07-29T04:58:20.000000Z,3.0547,3.05009
2015-07-29T04:58:30.000000Z,3.05503,3.04962
2015-07-29T04:58:40.000000Z,3.05422,3.04986
2015-07-29T04:58:50.000000Z,3.05437,3.04986
2015-07-29T04:59:00.000000Z,3.05482,3.04976
2015-07-29T04:59:10.000000Z,3.05453,3.04986
2015-07-29T04:59:20.000000Z,3.05461,3.04985
2015-07-29T04:59:30.000000Z,3.05482,3.04964
2015-07-29T04:59:40.000000Z,3.05445,3.0498
2015-07-29T05:00:00.000000Z,3.05424,3.04977
2015-07-29T05:00:20.000000Z,3.05424,3.04976
2015-07-29T05:00:40.000000Z,3.05514,3.04942
2015-07-29T05:00:50.000000Z,3.05507,3.04981
2015-07-29T05:01:00.000000Z,3.05514,3.0498
2015-07-29T05:01:10.000000Z,3.05515,3.04981
2015-07-29T05:01:20.000000Z,3.05514,3.0498
2015-07-29T05:01:30.000000Z,3.0551,3.04981
2015-07-29T05:01:50.000000Z,3.05524,3.04954
2015-07-29T05:02:00.000000Z,3.05576,3.04933
2015-07-29T05:02:10.000000Z,3.05547,3.04988
2015-07-29T05:02:20.000000Z,3.05513,3.05041
2015-07-29T05:02:30.000000Z,3.05544,3.05039
2015-07-29T05:02:40.000000Z,3.05565,3.05017
2015-07-29T05:02:50.000000Z,3.05528,3.05045
2015-07-29T05:03:00.000000Z,3.05551,3.0503
2015-07-29T05:03:10.000000Z,3.05568,3.05045
2015-07-29T05:03:20.000000Z,3.05576,3.05039
2015-07-29T05:03:30.000000Z,3.05583,3.05079
2015-07-29T05:03:40.000000Z,3.05584,3.05077
2015-07-29T05:03:50.000000Z,3.05584,3.05064
2015-07-29T05:04:10.000000Z,3.05584,3.05055
2015-07-29T05:04:20.000000Z,3.05576,3.05045
2015-07-29T05:04:30.000000Z,3.05555,3.05026
2015-07-29T05:04:40.000000Z,3.05536,3.05046
2015-07-29T05:04:50.000000Z,3.05584,3.05049
2015-07-29T05:05:00.000000Z,3.05544,3.05046
2015-07-29T05:05:10.000000Z,3.05553,3.05041
2015-07-29T05:05:20.000000Z,3.05549,3.0504
2015-07-29T05:05:30.000000Z,3.05564,3.05033
2015-07-29T05:05:40.000000Z,3.05531,3.05045
2015-07-29T05:05:50.000000Z,3.05536,3.05036
2015-07-29T05:06:10.000000Z,3.05541,3.05034
2015-07-29T05:06:20.000000Z,3.0553,3.05038
2015-07-29T05:06:30.000000Z,3.05535,3.05038
2015-07-29T05:06:40.000000Z,3.05513,3.05073
2015-07-29T05:06:50.000000Z,3.05543,3.05061
2015-07-29T05:07:00.000000Z,3.05543,3.05092
2015-07-29T05:07:10.000000Z,3.05544,3.05096
2015-07-29T05:07:20.000000Z,3.05554,3.05097
2015-07-29T05:07:50.000000Z,3.0563,3.05052
2015-07-29T05:08:00.000000Z,3.0558,3.05101
2015-07-29T05:08:10.000000Z,3.05579,3.05086
2015-07-29T05:08:20.000000Z,3.05587,3.05101
2015-07-29T05:08:30.000000Z,3.05574,3.05111
2015-07-29T05:08:40.000000Z,3.05567,3.05076
2015-07-29T05:08:50.000000Z,3.05627,3.05068
2015-07-29T05:09:00.000000Z,3.05582,3.05108
2015-07-29T05:09:10.000000Z,3.05594,3.05072
2015-07-29T05:09:20.000000Z,3.05571,3.05075
2015-07-29T05:09:30.000000Z,3.05568,3.05071
2015-07-29T05:09:40.000000Z,3.05544,3.0509
2015-07-29T05:09:50.000000Z,3.05563,3.05069
2015-07-29T05:10:00.000000Z,3.05552,3.05089
2015-07-29T05:10:10.000000Z,3.05607,3.05061
2015-07-29T05:10:20.000000Z,3.05574,3.05105
2015-07-29T05:10:30.000000Z,3.05573,3.05113
2015-07-29T05:10:50.000000Z,3.05586,3.05046
2015-07-29T05:11:00.000000Z,3.05574,3.05089
2015-07-29T05:11:10.000000Z,3.05562,3.05084
2015-07-29T05:11:20.000000Z,3.05559,3.0508
2015-07-29T05:11:40.000000Z,3.05549,3.05079
2015-07-29T05:11:50.000000Z,3.0555,3.05075
2015-07-29T05:12:10.000000Z,3.0556,3.05068
2015-07-29T05:12:30.000000Z,3.05545,3.05075
2015-07-29T05:12:40.000000Z,3.05519,3.05076
2015-07-29T05:12:50.000000Z,3.05524,3.05075
2015-07-29T05:13:10.000000Z,3.05514,3.05076
2015-07-29T05:13:30.000000Z,3.05513,3.05074
2015-07-29T05:13:40.000000Z,3.05513,3.05064
2015-07-29T05:13:50.000000Z,3.05513,3.0506
2015-07-29T05:14:00.000000Z,3.05513,3.05046
2015-07-29T05:14:10.000000Z,3.05487,3.05046
2015-07-29T05:14:20.000000Z,3.05521,3.05022
2015-07-29T05:14:30.000000Z,3.05484,3.05028
2015-07-29T05:14:40.000000Z,3.05483,3.05028
2015-07-29T05:14:50.000000Z,3.05483,3.05023
2015-07-29T05:15:10.000000Z,3.05484,3.05017
2015-07-29T05:15:20.000000Z,3.05483,3.05011
2015-07-29T05:15:30.000000Z,3.05484,3.05009
2015-07-29T05:15:40.000000Z,3.05483,3.05011
2015-07-29T05:15:50.000000Z,3.05491,3.05067
2015-07-29T05:16:00.000000Z,3.05493,3.05067
2015-07-29T05:16:10.000000Z,3.05484,3.05067
2015-07-29T05:16:20.000000Z,3.05483,3.05061
2015-07-29T05:16:30.000000Z,3.05484,3.05054
2015-07-29T05:16:40.000000Z,3.0548,3.05027
2015-07-29T05:16:50.000000Z,3.0548,3.05024
2015-07-29T05:17:00.000000Z,3.05492,3.05032
2015-07-29T05:17:10.000000Z,3.05504,3.05032
2015-07-29T05:17:30.000000Z,3.05484,3.05039
2015-07-29T05:17:40.000000Z,3.05498,3.0502
2015-07-29T05:17:50.000000Z,3.0549,3.0504
2015-07-29T05:18:30.000000Z,3.05485,3.05038
2015-07-29T05:18:40.000000Z,3.05529,3.05035
2015-07-29T05:18:50.000000Z,3.05514,3.05059
2015-07-29T05:19:00.000000Z,3.05517,3.0506
2015-07-29T05:19:10.000000Z,3.05577,3.05063
2015-07-29T05:19:20.000000Z,3.05544,3.05078
2015-07-29T05:19:30.000000Z,3.05521,3.05082
2015-07-29T05:19:40.000000Z,3.05556,3.0506
2015-07-29T05:19:50.000000Z,3.05556,3.05065
2015-07-29T05:20:00.000000Z,3.05517,3.0509
2015-07-29T05:20:10.000000Z,3.05553,3.05065
2015-07-29T05:20:20.000000Z,3.05531,3.05068
2015-07-29T05:20:30.000000Z,3.05517,3.05036
2015-07-29T05:20:40.000000Z,3.05484,3.05048
2015-07-29T05:20:50.000000Z,3.05502,3.05012
2015-07-29T05:21:00.000000Z,3.05597,3.04999
2015-07-29T05:21:10.000000Z,3.05611,3.04898
2015-07-29T05:21:20.000000Z,3.05528,3.04881
2015-07-29T05:21:30.000000Z,3.05518,3.0488
2015-07-29T05:21:40.000000Z,3.05518,3.04887
2015-07-29T05:21:50.000000Z,3.05482,3.04946
2015-07-29T05:22:00.000000Z,3.05492,3.04947
2015-07-29T05:22:10.000000Z,3.05501,3.0494
2015-07-29T05:22:20.000000Z,3.05489,3.04955
2015-07-29T05:22:30.000000Z,3.05483,3.04936
2015-07-29T05:22:40.000000Z,3.05491,3.04945
2015-07-29T05:22:50.000000Z,3.05491,3.04947
2015-07-29T05:23:00.000000Z,3.05488,3.04949
2015-07-29T05:23:10.000000Z,3.05512,3.04951
2015-07-29T05:23:20.000000Z,3.05521,3.04918
2015-07-29T05:23:30.000000Z,3.05492,3.0493
2015-07-29T05:23:40.000000Z,3.05491,3.04932
2015-07-29T05:23:50.000000Z,3.05497,3.04947
2015-07-29T05:24:00.000000Z,3.05491,3.04933
2015-07-29T05:24:10.000000Z,3.05488,3.04885
2015-07-29T05:24:20.000000Z,3.05513,3.04882
2015-07-29T05:24:30.000000Z,3.05522,3.04955
2015-07-29T05:24:40.000000Z,3.05485,3.04955
2015-07-29T05:24:50.000000Z,3.05487,3.04892
2015-07-29T05:25:10.000000Z,3.05478,3.04893
2015-07-29T05:25:20.000000Z,3.05473,3.04893
2015-07-29T05:25:30.000000Z,3.05463,3.04892
2015-07-29T05:25:50.000000Z,3.05466,3.04892
2015-07-29T05:26:00.000000Z,3.05454,3.04917
2015-07-29T05:26:10.000000Z,3.05469,3.04919
2015-07-29T05:26:20.000000Z,3.05458,3.04947
2015-07-29T05:26:30.000000Z,3.05459,3.04949
2015-07-29T05:26:40.000000Z,3.05483,3.04943
2015-07-29T05:26:50.000000Z,3.05489,3.04956
2015-07-29T05:27:00.000000Z,3.05498,3.04955
2015-07-29T05:27:10.000000Z,3.05494,3.04956
2015-07-29T05:27:20.000000Z,3.05507,3.04945
2015-07-29T05:27:30.000000Z,3.05492,3.04944
2015-07-29T05:27:40.000000Z,3.05506,3.04946
2015-07-29T05:27:50.000000Z,3.05493,3.04939
2015-07-29T05:28:00.000000Z,3.05493,3.04934
2015-07-29T05:28:20.000000Z,3.05454,3.04949
2015-07-29T05:28:30.000000Z,3.05491,3.0493
2015-07-29T05:28:40.000000Z,3.05492,3.0493
2015-07-29T05:29:00.000000Z,3.05491,3.04932
2015-07-29T05:29:10.000000Z,3.05491,3.04939
2015-07-29T05:29:20.000000Z,3.05492,3.04943
2015-07-29T05:29:40.000000Z,3.05491,3.04937
2015-07-29T05:29:50.000000Z,3.05491,3.04945
2015-07-29T05:30:00.000000Z,3.0537,3.05067
2015-07-29T05:30:20.000000Z,3.05377,3.0506
2015-07-29T05:30:30.000000Z,3.05378,3.05059
2015-07-29T05:30:40.000000Z,3.05375,3.05058
2015-07-29T05:30:50.000000Z,3.05375,3.05063
2015-07-29T05:31:00.000000Z,3.05381,3.05061
2015-07-29T05:31:10.000000Z,3.05381,3.05056
2015-07-29T05:31:20.000000Z,3.05352,3.05029
2015-07-29T05:31:30.000000Z,3.05352,3.05025
2015-07-29T05:31:40.000000Z,3.05346,3.05028
2015-07-29T05:31:50.000000Z,3.05346,3.0503
2015-07-29T05:32:00.000000Z,3.0535,3.05029
2015-07-29T05:32:10.000000Z,3.0535,3.05026
2015-07-29T05:32:20.000000Z,3.05349,3.05026
2015-07-29T05:32:30.000000Z,3.05349,3.0499
2015-07-29T05:32:40.000000Z,3.05318,3.05002
2015-07-29T05:32:50.000000Z,3.05318,3.04999
2015-07-29T05:33:00.000000Z,3.05316,3.05
2015-07-29T05:33:10.000000Z,3.05316,3.05012
2015-07-29T05:33:20.000000Z,3.05327,3.04983
2015-07-29T05:33:30.000000Z,3.05292,3.0498
2015-07-29T05:33:40.000000Z,3.05222,3.04902
2015-07-29T05:33:50.000000Z,3.05229,3.04923
2015-07-29T05:34:00.000000Z,3.05184,3.04885
2015-07-29T05:34:10.000000Z,3.05184,3.04878
2015-07-29T05:34:20.000000Z,3.05187,3.04863
2015-07-29T05:34:30.000000Z,3.05187,3.04859
2015-07-29T05:34:50.000000Z,3.05169,3.04864
2015-07-29T05:35:00.000000Z,3.05169,3.04852
2015-07-29T05:35:10.000000Z,3.05161,3.04849
2015-07-29T05:35:20.000000Z,3.05197,3.04893
2015-07-29T05:35:30.000000Z,3.05197,3.04908
2015-07-29T05:35:40.000000Z,3.05216,3.04894
2015-07-29T05:36:00.000000Z,3.05229,3.04921
2015-07-29T05:36:10.000000Z,3.05229,3.04918
2015-07-29T05:36:20.000000Z,3.05239,3.04905
2015-07-29T05:36:30.000000Z,3.05239,3.04899
2015-07-29T05:36:40.000000Z,3.05241,3.04895
2015-07-29T05:36:50.000000Z,3.05241,3.04889
2015-07-29T05:37:00.000000Z,3.05209,3.04832
2015-07-29T05:37:10.000000Z,3.05175,3.04837
2015-07-29T05:37:20.000000Z,3.05175,3.04847
2015-07-29T05:37:30.000000Z,3.05175,3.04857
2015-07-29T05:37:50.000000Z,3.05181,3.04854
2015-07-29T05:38:10.000000Z,3.05183,3.04824
2015-07-29T05:38:20.000000Z,3.05113,3.04782
2015-07-29T05:38:30.000000Z,3.05145,3.04827
2015-07-29T05:38:40.000000Z,3.05145,3.04842
2015-07-29T05:38:50.000000Z,3.0516,3.04802
2015-07-29T05:39:00.000000Z,3.0516,3.04852
2015-07-29T05:39:10.000000Z,3.05157,3.04848
2015-07-29T05:39:20.000000Z,3.05157,3.04849
2015-07-29T05:39:30.000000Z,3.0516,3.04842
2015-07-29T05:39:40.000000Z,3.0516,3.0484
2015-07-29T05:39:50.000000Z,3.05157,3.04868
2015-07-29T05:40:00.000000Z,3.05157,3.04868
2015-07-29T05:40:10.000000Z,3.05189,3.04876
2015-07-29T05:40:20.000000Z,3.05222,3.0489
2015-07-29T05:40:30.000000Z,3.05189,3.04852
2015-07-29T05:40:40.000000Z,3.05189,3.04852
2015-07-29T05:40:50.000000Z,3.05187,3.04854
2015-07-29T05:41:00.000000Z,3.05222,3.04897
2015-07-29T05:41:20.000000Z,3.05198,3.04877
2015-07-29T05:41:30.000000Z,3.05198,3.04889
2015-07-29T05:41:40.000000Z,3.05216,3.04882
2015-07-29T05:41:50.000000Z,3.05216,3.04912
2015-07-29T05:42:00.000000Z,3.05215,3.0491
2015-07-29T05:42:10.000000Z,3.05215,3.0491
2015-07-29T05:42:20.000000Z,3.05217,3.0491
2015-07-29T05:42:40.000000Z,3.05228,3.04951
2015-07-29T05:42:50.000000Z,3.0523,3.04959
2015-07-29T05:43:00.000000Z,3.05247,3.04951
2015-07-29T05:43:10.000000Z,3.05247,3.04944
2015-07-29T05:43:20.000000Z,3.05251,3.04951
2015-07-29T05:43:30.000000Z,3.05251,3.04933
2015-07-29T05:43:40.000000Z,3.05279,3.04966
2015-07-29T05:43:50.000000Z,3.05279,3.04977
2015-07-29T05:44:00.000000Z,3.05278,3.04978
2015-07-29T05:44:10.000000Z,3.05278,3.04968
2015-07-29T05:44:20.000000Z,3.05278,3.04959
2015-07-29T05:44:30.000000Z,3.05275,3.04969
2015-07-29T05:44:40.000000Z,3.05275,3.04974
2015-07-29T05:44:50.000000Z,3.05283,3.04971
2015-07-29T05:45:10.000000Z,3.05425,3.04977
2015-07-29T05:45:20.000000Z,3.05425,3.04994
2015-07-29T05:45:30.000000Z,3.05455,3.05011
2015-07-29T05:45:40.000000Z,3.05459,3.05011
2015-07-29T05:45:50.000000Z,3.05454,3.05014
2015-07-29T05:46:00.000000Z,3.0544,3.05013
2015-07-29T05:46:10.000000Z,3.05449,3.0499
2015-07-29T05:46:30.000000Z,3.05448,3.04987
2015-07-29T05:46:40.000000Z,3.05449,3.04987
2015-07-29T05:46:50.000000Z,3.05421,3.04981
2015-07-29T05:47:10.000000Z,3.05426,3.04966
2015-07-29T05:47:30.000000Z,3.05419,3.04964
2015-07-29T05:48:00.000000Z,3.05449,3.04935
2015-07-29T05:48:10.000000Z,3.05443,3.04942
2015-07-29T05:48:20.000000Z,3.05447,3.04972
2015-07-29T05:48:30.000000Z,3.05393,3.04936
2015-07-29T05:48:40.000000Z,3.05414,3.04918
2015-07-29T05:48:50.000000Z,3.05402,3.04923
2015-07-29T05:49:00.000000Z,3.05389,3.04933
2015-07-29T05:49:10.000000Z,3.0539,3.04933
2015-07-29T05:49:20.000000Z,3.05396,3.04919
2015-07-29T05:49:30.000000Z,3.0544,3.04897
2015-07-29T05:49:40.000000Z,3.05407,3.0494
2015-07-29T05:49:50.000000Z,3.05436,3.04956
2015-07-29T05:50:00.000000Z,3.05438,3.04966
2015-07-29T05:50:10.000000Z,3.05431,3.04966
2015-07-29T05:50:20.000000Z,3.05428,3.04966
2015-07-29T05:50:30.000000Z,3.05419,3.04966
2015-07-29T05:50:40.000000Z,3.05435,3.04969
2015-07-29T05:50:50.000000Z,3.05435,3.04969
2015-07-29T05:51:00.000000Z,3.05413,3.04991
2015-07-29T05:51:10.000000Z,3.05423,3.04982
2015-07-29T05:51:20.000000Z,3.05413,3.04993
2015-07-29T05:51:30.000000Z,3.05413,3.0497
2015-07-29T05:51:40.000000Z,3.05374,3.0497
2015-07-29T05:51:50.000000Z,3.05378,3.04969
2015-07-29T05:52:00.000000Z,3.05345,3.04936
2015-07-29T05:52:10.000000Z,3.05275,3.04941
2015-07-29T05:52:20.000000Z,3.05291,3.04941
2015-07-29T05:52:30.000000Z,3.05363,3.0502
2015-07-29T05:52:40.000000Z,3.05335,3.05049
2015-07-29T05:53:00.000000Z,3.05359,3.05089
2015-07-29T05:53:20.000000Z,3.05362,3.05083
2015-07-29T05:53:40.000000Z,3.05359,3.05084
2015-07-29T05:53:50.000000Z,3.05359,3.05084
2015-07-29T05:54:00.000000Z,3.05371,3.05085
2015-07-29T05:54:10.000000Z,3.05375,3.05085
2015-07-29T05:54:20.000000Z,3.0539,3.05109
2015-07-29T05:54:30.000000Z,3.05385,3.05113
2015-07-29T05:54:40.000000Z,3.05384,3.05114
2015-07-29T05:55:00.000000Z,3.05386,3.05113
2015-07-29T05:55:40.000000Z,3.05337,3.0505
2015-07-29T05:55:50.000000Z,3.05345,3.0505
2015-07-29T05:56:00.000000Z,3.05328,3.05038
2015-07-29T05:56:10.000000Z,3.05349,3.05042
2015-07-29T05:56:20.000000Z,3.05339,3.05036
2015-07-29T05:56:30.000000Z,3.05332,3.05019
2015-07-29T05:56:40.000000Z,3.05342,3.05017
2015-07-29T05:57:00.000000Z,3.05355,3.05031
2015-07-29T05:57:20.000000Z,3.05328,3.05044
2015-07-29T05:57:30.000000Z,3.05327,3.05044
2015-07-29T05:57:40.000000Z,3.05332,3.05028
2015-07-29T05:58:00.000000Z,3.053,3.05016
2015-07-29T05:58:10.000000Z,3.053,3.05003
2015-07-29T05:58:20.000000Z,3.05263,3.04963
2015-07-29T05:58:30.000000Z,3.05294,3.04996
2015-07-29T05:58:40.000000Z,3.05263,3.04964
2015-07-29T05:58:50.000000Z,3.05243,3.04963
2015-07-29T05:59:00.000000Z,3.05258,3.04951
2015-07-29T05:59:10.000000Z,3.05232,3.04939
2015-07-29T05:59:20.000000Z,3.05207,3.04896
2015-07-29T05:59:30.000000Z,3.05201,3.04896
2015-07-29T05:59:40.000000Z,3.05218,3.04914
2015-07-29T05:59:50.000000Z,3.05304,3.04944
2015-07-29T06:00:00.000000Z,3.05353,3.05091
2015-07-29T06:00:10.000000Z,3.05339,3.05
2015-07-29T06:00:20.000000Z,3.05339,3.05006
2015-07-29T06:00:30.000000Z,3.05355,3.05054
2015-07-29T06:00:40.000000Z,3.05357,3.05054
2015-07-29T06:00:50.000000Z,3.05382,3.05068
2015-07-29T06:01:00.000000Z,3.05378,3.05101
2015-07-29T06:01:10.000000Z,3.05368,3.05109
2015-07-29T06:01:20.000000Z,3.0536,3.05076
2015-07-29T06:01:30.000000Z,3.05381,3.05161
2015-07-29T06:01:40.000000Z,3.05402,3.05142
2015-07-29T06:01:50.000000Z,3.05403,3.05117
2015-07-29T06:02:00.000000Z,3.05374,3.05139
2015-07-29T06:02:10.000000Z,3.05321,3.05094
2015-07-29T06:02:20.000000Z,3.05316,3.05099
2015-07-29T06:02:30.000000Z,3.05317,3.05095
2015-07-29T06:02:40.000000Z,3.05289,3.05092
2015-07-29T06:02:50.000000Z,3.05281,3.05078
2015-07-29T06:03:00.000000Z,3.05282,3.05078
2015-07-29T06:03:10.000000Z,3.05376,3.0506
2015-07-29T06:03:20.000000Z,3.05395,3.05087
2015-07-29T06:03:30.000000Z,3.05398,3.05087
2015-07-29T06:03:40.000000Z,3.05422,3.05107
2015-07-29T06:03:50.000000Z,3.05401,3.05106
2015-07-29T06:04:00.000000Z,3.05418,3.05106
2015-07-29T06:04:10.000000Z,3.05416,3.05109
2015-07-29T06:04:30.000000Z,3.05425,3.05129
2015-07-29T06:04:40.000000Z,3.0532,3.05107
2015-07-29T06:04:50.000000Z,3.05431,3.05126
2015-07-29T06:05:00.000000Z,3.05421,3.05126
2015-07-29T06:05:10.000000Z,3.0542,3.05145
2015-07-29T06:05:20.000000Z,3.05382,3.05119
2015-07-29T06:05:30.000000Z,3.05388,3.05119
2015-07-29T06:05:40.000000Z,3.0542,3.0514
2015-07-29T06:05:50.000000Z,3.0546,3.05149
2015-07-29T06:06:00.000000Z,3.05401,3.05114
2015-07-29T06:06:10.000000Z,3.05392,3.05116
2015-07-29T06:06:30.000000Z,3.05384,3.0512
2015-07-29T06:06:40.000000Z,3.0539,3.0512
2015-07-29T06:06:50.000000Z,3.05427,3.05173
2015-07-29T06:07:00.000000Z,3.05451,3.05199
2015-07-29T06:07:10.000000Z,3.05452,3.05199
2015-07-29T06:07:20.000000Z,3.05449,3.05169
2015-07-29T06:07:40.000000Z,3.05448,3.05177
2015-07-29T06:07:50.000000Z,3.05456,3.05177
2015-07-29T06:08:00.000000Z,3.05441,3.05202
2015-07-29T06:08:20.000000Z,3.05469,3.05203
2015-07-29T06:08:30.000000Z,3.05473,3.05203
2015-07-29T06:08:40.000000Z,3.05462,3.05225
2015-07-29T06:08:50.000000Z,3.0547,3.05249
2015-07-29T06:09:00.000000Z,3.05444,3.05197
2015-07-29T06:09:10.000000Z,3.05431,3.05171
2015-07-29T06:09:20.000000Z,3.05283,3.04997
2015-07-29T06:09:30.000000Z,3.05289,3.05054
2015-07-29T06:09:40.000000Z,3.05257,3.0501
2015-07-29T06:09:50.000000Z,3.05237,3.04961
2015-07-29T06:10:00.000000Z,3.05242,3.04987
2015-07-29T06:10:10.000000Z,3.05261,3.04987
2015-07-29T06:10:20.000000Z,3.05223,3.04981
2015-07-29T06:10:30.000000Z,3.05232,3.04981
2015-07-29T06:10:40.000000Z,3.05237,3.04991
2015-07-29T06:10:50.000000Z,3.05232,3.04991
2015-07-29T06:11:00.000000Z,3.05256,3.04995
2015-07-29T06:11:10.000000Z,3.05262,3.05018
2015-07-29T06:11:20.000000Z,3.05248,3.05024
2015-07-29T06:11:30.000000Z,3.05283,3.05024
2015-07-29T06:11:40.000000Z,3.05302,3.0507
2015-07-29T06:11:50.000000Z,3.05283,3.05046
2015-07-29T06:12:00.000000Z,3.05265,3.05021
2015-07-29T06:12:10.000000Z,3.05361,3.05056
2015-07-29T06:12:20.000000Z,3.05363,3.05056
2015-07-29T06:12:30.000000Z,3.05364,3.05055
2015-07-29T06:12:50.000000Z,3.0536,3.05062
2015-07-29T06:13:00.000000Z,3.05386,3.05183
2015-07-29T06:13:10.000000Z,3.05545,3.05228
2015-07-29T06:13:20.000000Z,3.05523,3.05228
2015-07-29T06:13:30.000000Z,3.05599,3.05327
2015-07-29T06:13:40.000000Z,3.05479,3.05187
2015-07-29T06:13:50.000000Z,3.0551,3.05194
2015-07-29T06:14:00.000000Z,3.05511,3.05194
2015-07-29T06:14:10.000000Z,3.05499,3.05194
2015-07-29T06:14:20.000000Z,3.05563,3.05105
2015-07-29T06:14:30.000000Z,3.05518,3.05249
2015-07-29T06:14:40.000000Z,3.05971,3.05232
2015-07-29T06:14:50.000000Z,3.0588,3.05469
2015-07-29T06:15:00.000000Z,3.05759,3.05463
2015-07-29T06:15:10.000000Z,3.05686,3.05428
2015-07-29T06:15:20.000000Z,3.05565,3.0532
2015-07-29T06:15:30.000000Z,3.05519,3.05309
2015-07-29T06:15:40.000000Z,3.05491,3.0529
2015-07-29T06:15:50.000000Z,3.05476,3.0529
2015-07-29T06:16:00.000000Z,3.05491,3.0529
2015-07-29T06:16:10.000000Z,3.05455,3.05253
2015-07-29T06:16:20.000000Z,3.05474,3.05293
2015-07-29T06:16:40.000000Z,3.05472,3.05289
2015-07-29T06:16:50.000000Z,3.0551,3.05289
2015-07-29T06:17:10.000000Z,3.05466,3.05233
2015-07-29T06:17:20.000000Z,3.05463,3.05258
2015-07-29T06:17:30.000000Z,3.05458,3.05239
2015-07-29T06:17:40.000000Z,3.05449,3.05238
2015-07-29T06:17:50.000000Z,3.0549,3.05261
2015-07-29T06:18:10.000000Z,3.05469,3.05267
2015-07-29T06:18:20.000000Z,3.05457,3.05248
2015-07-29T06:18:30.000000Z,3.05436,3.05222
2015-07-29T06:18:40.000000Z,3.056,3.05363
2015-07-29T06:18:50.000000Z,3.05575,3.05349
2015-07-29T06:19:00.000000Z,3.05496,3.05308
2015-07-29T06:19:10.000000Z,3.05484,3.05298
2015-07-29T06:19:20.000000Z,3.05478,3.05289
2015-07-29T06:19:30.000000Z,3.05497,3.05308
2015-07-29T06:19:40.000000Z,3.05496,3.05305
2015-07-29T06:19:50.000000Z,3.05487,3.05298
2015-07-29T06:20:00.000000Z,3.05551,3.05358
2015-07-29T06:20:10.000000Z,3.05553,3.0536
2015-07-29T06:20:20.000000Z,3.05553,3.0536
2015-07-29T06:20:30.000000Z,3.05547,3.05353
2015-07-29T06:20:40.000000Z,3.05552,3.05351
2015-07-29T06:20:50.000000Z,3.05548,3.05364
2015-07-29T06:21:00.000000Z,3.05528,3.05339
2015-07-29T06:21:10.000000Z,3.05528,3.05334
2015-07-29T06:21:20.000000Z,3.05537,3.05329
2015-07-29T06:21:30.000000Z,3.05537,3.05336
2015-07-29T06:21:40.000000Z,3.05519,3.053
2015-07-29T06:21:50.000000Z,3.05479,3.0528
2015-07-29T06:22:00.000000Z,3.05479,3.05276
2015-07-29T06:22:10.000000Z,3.05457,3.05262
2015-07-29T06:22:20.000000Z,3.05475,3.05277
2015-07-29T06:22:30.000000Z,3.05495,3.05313
2015-07-29T06:22:40.000000Z,3.05468,3.05284
2015-07-29T06:22:50.000000Z,3.05505,3.05314
2015-07-29T06:23:00.000000Z,3.05525,3.05316
2015-07-29T06:23:10.000000Z,3.05525,3.05314
2015-07-29T06:23:20.000000Z,3.0548,3.05256
2015-07-29T06:23:30.000000Z,3.0548,3.05249
2015-07-29T06:23:40.000000Z,3.05501,3.05257
2015-07-29T06:23:50.000000Z,3.05526,3.05269
2015-07-29T06:24:00.000000Z,3.05517,3.05288
2015-07-29T06:24:10.000000Z,3.05494,3.05304
2015-07-29T06:24:20.000000Z,3.05494,3.05298
2015-07-29T06:24:30.000000Z,3.05484,3.05298
2015-07-29T06:24:40.000000Z,3.05481,3.05296
2015-07-29T06:24:50.000000Z,3.05479,3.05298
2015-07-29T06:25:00.000000Z,3.05412,3.05229
2015-07-29T06:25:10.000000Z,3.0543,3.05239
2015-07-29T06:25:20.000000Z,3.05414,3.05133
2015-07-29T06:25:30.000000Z,3.05414,3.0512
2015-07-29T06:25:40.000000Z,3.05435,3.05167
2015-07-29T06:25:50.000000Z,3.05432,3.05137
2015-07-29T06:26:00.000000Z,3.05397,3.05134
2015-07-29T06:26:10.000000Z,3.05325,3.05097
2015-07-29T06:26:20.000000Z,3.05317,3.05096
2015-07-29T06:26:30.000000Z,3.05322,3.05101
2015-07-29T06:26:40.000000Z,3.05283,3.05095
2015-07-29T06:26:50.000000Z,3.05294,3.05108
2015-07-29T06:27:00.000000Z,3.05269,3.05073
2015-07-29T06:27:10.000000Z,3.05263,3.05073
2015-07-29T06:27:20.000000Z,3.05268,3.05087
2015-07-29T06:27:30.000000Z,3.05285,3.05097
2015-07-29T06:27:40.000000Z,3.05274,3.05072
2015-07-29T06:27:50.000000Z,3.05272,3.05063
2015-07-29T06:28:00.000000Z,3.05276,3.05055
2015-07-29T06:28:10.000000Z,3.05268,3.05076
2015-07-29T06:28:20.000000Z,3.05276,3.05076
2015-07-29T06:28:30.000000Z,3.05265,3.05075
2015-07-29T06:28:40.000000Z,3.05259,3.05075
2015-07-29T06:28:50.000000Z,3.05287,3.05096
2015-07-29T06:29:10.000000Z,3.05285,3.05101
2015-07-29T06:29:20.000000Z,3.05282,3.05101
2015-07-29T06:29:30.000000Z,3.05285,3.05095
2015-07-29T06:29:40.000000Z,3.05279,3.05099
2015-07-29T06:29:50.000000Z,3.05279,3.05091
2015-07-29T06:30:00.000000Z,3.0527,3.05067
2015-07-29T06:30:10.000000Z,3.0534,3.05024
2015-07-29T06:30:20.000000Z,3.05426,3.05102
2015-07-29T06:30:30.000000Z,3.05295,3.05122
2015-07-29T06:30:40.000000Z,3.05416,3.05141
2015-07-29T06:30:50.000000Z,3.05428,3.05118
2015-07-29T06:31:00.000000Z,3.05436,3.05119
2015-07-29T06:31:10.000000Z,3.05431,3.05116
2015-07-29T06:31:20.000000Z,3.05456,3.05209
2015-07-29T06:31:30.000000Z,3.05355,3.05128
2015-07-29T06:31:40.000000Z,3.05418,3.05066
2015-07-29T06:31:50.000000Z,3.05414,3.05148
2015-07-29T06:32:00.000000Z,3.05414,3.05149
2015-07-29T06:32:10.000000Z,3.05383,3.05126
2015-07-29T06:32:20.000000Z,3.05371,3.05092
2015-07-29T06:32:30.000000Z,3.05361,3.05096
2015-07-29T06:32:40.000000Z,3.0539,3.05103
2015-07-29T06:32:50.000000Z,3.05388,3.0512
2015-07-29T06:33:00.000000Z,3.0545,3.05218
2015-07-29T06:33:10.000000Z,3.05466,3.05243
2015-07-29T06:33:20.000000Z,3.05457,3.05248
2015-07-29T06:33:30.000000Z,3.05455,3.05144
2015-07-29T06:33:40.000000Z,3.05358,3.05115
2015-07-29T06:33:50.000000Z,3.05367,3.05117
2015-07-29T06:34:00.000000Z,3.05377,3.05134
2015-07-29T06:34:10.000000Z,3.05371,3.05134
2015-07-29T06:34:20.000000Z,3.0537,3.05141
2015-07-29T06:34:30.000000Z,3.0536,3.05134
2015-07-29T06:34:40.000000Z,3.05389,3.05156
2015-07-29T06:34:50.000000Z,3.0539,3.05155
2015-07-29T06:35:00.000000Z,3.05386,3.05155
2015-07-29T06:35:10.000000Z,3.05417,3.05144
2015-07-29T06:35:20.000000Z,3.05392,3.05153
2015-07-29T06:35:30.000000Z,3.05392,3.05152
2015-07-29T06:35:40.000000Z,3.05398,3.05155
2015-07-29T06:35:50.000000Z,3.05395,3.05147
2015-07-29T06:36:00.000000Z,3.05402,3.05147
2015-07-29T06:36:10.000000Z,3.05472,3.05205
2015-07-29T06:36:20.000000Z,3.05479,3.05205
2015-07-29T06:36:30.000000Z,3.05473,3.05206
2015-07-29T06:36:40.000000Z,3.05476,3.05206
2015-07-29T06:36:50.000000Z,3.05444,3.05215
2015-07-29T06:37:00.000000Z,3.05516,3.05161
2015-07-29T06:37:10.000000Z,3.05446,3.05271
2015-07-29T06:37:20.000000Z,3.05453,3.05204
2015-07-29T06:37:30.000000Z,3.05449,3.05228
2015-07-29T06:37:40.000000Z,3.05448,3.05227
2015-07-29T06:37:50.000000Z,3.05453,3.05221
2015-07-29T06:38:00.000000Z,3.05453,3.05225
2015-07-29T06:38:10.000000Z,3.05456,3.05225
2015-07-29T06:38:20.000000Z,3.05414,3.05231
2015-07-29T06:38:40.000000Z,3.05453,3.05248
2015-07-29T06:38:50.000000Z,3.0544,3.05254
2015-07-29T06:39:00.000000Z,3.05434,3.0524
2015-07-29T06:39:10.000000Z,3.05427,3.05226
2015-07-29T06:39:20.000000Z,3.05427,3.05221
2015-07-29T06:39:30.000000Z,3.05415,3.05224
2015-07-29T06:39:40.000000Z,3.05415,3.05224
2015-07-29T06:39:50.000000Z,3.05412,3.05225
2015-07-29T06:40:00.000000Z,3.05412,3.05223
2015-07-29T06:40:10.000000Z,3.05412,3.05225
2015-07-29T06:40:20.000000Z,3.05435,3.05252
2015-07-29T06:40:30.000000Z,3.05433,3.05251
2015-07-29T06:40:40.000000Z,3.05388,3.05248
2015-07-29T06:40:50.000000Z,3.05388,3.05253
2015-07-29T06:41:00.000000Z,3.05424,3.0529
2015-07-29T06:41:10.000000Z,3.05435,3.05298
2015-07-29T06:41:20.000000Z,3.05435,3.05297
2015-07-29T06:41:30.000000Z,3.05418,3.05279
2015-07-29T06:41:40.000000Z,3.05418,3.05279
2015-07-29T06:41:50.000000Z,3.05435,3.05295
2015-07-29T06:42:10.000000Z,3.05434,3.05301
2015-07-29T06:42:30.000000Z,3.05436,3.05298
2015-07-29T06:42:50.000000Z,3.05435,3.05298
2015-07-29T06:43:10.000000Z,3.05393,3.0524
2015-07-29T06:43:20.000000Z,3.05416,3.05255
2015-07-29T06:43:30.000000Z,3.05384,3.05239
2015-07-29T06:43:40.000000Z,3.05436,3.05293
2015-07-29T06:44:00.000000Z,3.05451,3.0531
2015-07-29T06:44:10.000000Z,3.05451,3.05291
2015-07-29T06:44:20.000000Z,3.05411,3.05263
2015-07-29T06:44:30.000000Z,3.05389,3.05239
2015-07-29T06:44:50.000000Z,3.05382,3.05237
2015-07-29T06:45:00.000000Z,3.05349,3.05203
2015-07-29T06:45:10.000000Z,3.05367,3.05207
2015-07-29T06:45:20.000000Z,3.05392,3.05243
2015-07-29T06:45:30.000000Z,3.05388,3.05243
2015-07-29T06:45:40.000000Z,3.05399,3.05247
2015-07-29T06:45:50.000000Z,3.05414,3.05261
2015-07-29T06:46:00.000000Z,3.05399,3.05241
2015-07-29T06:46:10.000000Z,3.05399,3.05242
2015-07-29T06:46:20.000000Z,3.05367,3.05215
2015-07-29T06:46:30.000000Z,3.05387,3.05243
2015-07-29T06:46:40.000000Z,3.05388,3.05238
2015-07-29T06:47:00.000000Z,3.05391,3.05245
2015-07-29T06:47:10.000000Z,3.05255,3.05119
2015-07-29T06:47:20.000000Z,3.05229,3.04997
2015-07-29T06:47:30.000000Z,3.05263,3.05084
2015-07-29T06:47:40.000000Z,3.05229,3.05047
2015-07-29T06:47:50.000000Z,3.05218,3.05057
2015-07-29T06:48:00.000000Z,3.05243,3.0508
2015-07-29T06:48:10.000000Z,3.05228,3.0506
2015-07-29T06:48:20.000000Z,3.05228,3.05062
2015-07-29T06:48:30.000000Z,3.05258,3.05087
2015-07-29T06:48:40.000000Z,3.05242,3.0508
2015-07-29T06:48:50.000000Z,3.05259,3.05122
2015-07-29T06:49:00.000000Z,3.05249,3.05058
2015-07-29T06:49:10.000000Z,3.0526,3.05058
2015-07-29T06:49:20.000000Z,3.05228,3.05057
2015-07-29T06:49:30.000000Z,3.0522,3.05049
2015-07-29T06:49:40.000000Z,3.05215,3.05049
2015-07-29T06:49:50.000000Z,3.05222,3.05068
2015-07-29T06:50:00.000000Z,3.052,3.0505
2015-07-29T06:50:10.000000Z,3.05206,3.05056
2015-07-29T06:50:20.000000Z,3.05201,3.05056
2015-07-29T06:50:30.000000Z,3.05202,3.05056
2015-07-29T06:50:40.000000Z,3.05185,3.05037
2015-07-29T06:50:50.000000Z,3.05183,3.05051
2015-07-29T06:51:00.000000Z,3.05161,3.05021
2015-07-29T06:51:20.000000Z,3.05161,3.05019
2015-07-29T06:51:30.000000Z,3.05123,3.04986
2015-07-29T06:51:40.000000Z,3.0512,3.04986
2015-07-29T06:51:50.000000Z,3.05101,3.04967
2015-07-29T06:52:00.000000Z,3.05126,3.04987
2015-07-29T06:52:10.000000Z,3.05317,3.05164
2015-07-29T06:52:20.000000Z,3.05348,3.05191
2015-07-29T06:52:30.000000Z,3.05333,3.05179
2015-07-29T06:52:40.000000Z,3.05333,3.05178
2015-07-29T06:52:50.000000Z,3.05332,3.05178
2015-07-29T06:53:00.000000Z,3.0526,3.0509
2015-07-29T06:53:10.000000Z,3.05235,3.05077
2015-07-29T06:53:20.000000Z,3.05218,3.05077
2015-07-29T06:53:30.000000Z,3.05313,3.05139
2015-07-29T06:53:40.000000Z,3.05333,3.05161
2015-07-29T06:53:50.000000Z,3.05384,3.05204
2015-07-29T06:54:00.000000Z,3.05409,3.0523
2015-07-29T06:54:10.000000Z,3.05402,3.05223
2015-07-29T06:54:20.000000Z,3.05398,3.05224
2015-07-29T06:54:30.000000Z,3.05398,3.05226
2015-07-29T06:54:40.000000Z,3.05398,3.05227
2015-07-29T06:54:50.000000Z,3.05428,3.05262
2015-07-29T06:55:00.000000Z,3.05393,3.05172
2015-07-29T06:55:10.000000Z,3.05393,3.05158
2015-07-29T06:55:20.000000Z,3.05408,3.05174
2015-07-29T06:55:30.000000Z,3.05421,3.05176
2015-07-29T06:55:40.000000Z,3.05452,3.05191
2015-07-29T06:55:50.000000Z,3.05448,3.05191
2015-07-29T06:56:00.000000Z,3.05377,3.0518
2015-07-29T06:56:10.000000Z,3.05405,3.05204
2015-07-29T06:56:20.000000Z,3.05417,3.05213
2015-07-29T06:56:30.000000Z,3.05421,3.05213
2015-07-29T06:56:40.000000Z,3.05446,3.052
2015-07-29T06:56:50.000000Z,3.05446,3.052
2015-07-29T06:57:00.000000Z,3.05435,3.05196
2015-07-29T06:57:10.000000Z,3.05436,3.05208
2015-07-29T06:57:20.000000Z,3.05426,3.05183
2015-07-29T06:57:30.000000Z,3.05427,3.05188
2015-07-29T06:57:40.000000Z,3.05441,3.05195
2015-07-29T06:57:50.000000Z,3.05452,3.05208
2015-07-29T06:58:00.000000Z,3.05449,3.05225
2015-07-29T06:58:10.000000Z,3.05456,3.0523
2015-07-29T06:58:20.000000Z,3.05453,3.0524
2015-07-29T06:58:30.000000Z,3.05478,3.05253
2015-07-29T06:58:40.000000Z,3.05478,3.05246
2015-07-29T06:58:50.000000Z,3.05485,3.05253
2015-07-29T06:59:00.000000Z,3.05484,3.05254
2015-07-29T06:59:10.000000Z,3.05476,3.05244
2015-07-29T06:59:20.000000Z,3.05493,3.05255
2015-07-29T06:59:30.000000Z,3.05456,3.05222
2015-07-29T06:59:40.000000Z,3.05411,3.05211
2015-07-29T06:59:50.000000Z,3.05416,3.05171
2015-07-29T07:00:00.000000Z,3.05424,3.05183
2015-07-29T07:00:10.000000Z,3.05417,3.05195
2015-07-29T07:00:20.000000Z,3.05396,3.05186
2015-07-29T07:00:30.000000Z,3.0539,3.05198
2015-07-29T07:00:40.000000Z,3.05389,3.05194
2015-07-29T07:00:50.000000Z,3.05333,3.05145
2015-07-29T07:01:00.000000Z,3.05349,3.05207
2015-07-29T07:01:10.000000Z,3.05345,3.05207
2015-07-29T07:01:20.000000Z,3.05384,3.05253
2015-07-29T07:01:30.000000Z,3.05416,3.05281
2015-07-29T07:01:40.000000Z,3.05393,3.05275
2015-07-29T07:01:50.000000Z,3.05369,3.05234
2015-07-29T07:02:00.000000Z,3.05353,3.05225
2015-07-29T07:02:10.000000Z,3.05324,3.05159
2015-07-29T07:02:20.000000Z,3.05309,3.05143
2015-07-29T07:02:30.000000Z,3.05307,3.05147
2015-07-29T07:02:40.000000Z,3.05332,3.05164
2015-07-29T07:02:50.000000Z,3.05341,3.0517
2015-07-29T07:03:00.000000Z,3.05317,3.05154
2015-07-29T07:03:10.000000Z,3.05327,3.05158
2015-07-29T07:03:20.000000Z,3.05357,3.05188
2015-07-29T07:03:30.000000Z,3.05309,3.05125
2015-07-29T07:03:40.000000Z,3.05264,3.05121
2015-07-29T07:03:50.000000Z,3.05264,3.05121
2015-07-29T07:04:00.000000Z,3.05276,3.05135
2015-07-29T07:04:10.000000Z,3.05251,3.05126
2015-07-29T07:04:20.000000Z,3.05338,3.05191
2015-07-29T07:04:30.000000Z,3.05418,3.05267
2015-07-29T07:04:40.000000Z,3.05298,3.05158
2015-07-29T07:04:50.000000Z,3.05314,3.05183
2015-07-29T07:05:00.000000Z,3.05309,3.05171
2015-07-29T07:05:10.000000Z,3.05299,3.05149
2015-07-29T07:05:20.000000Z,3.05281,3.05148
2015-07-29T07:05:30.000000Z,3.05298,3.05154
2015-07-29T07:05:40.000000Z,3.05265,3.05131
2015-07-29T07:05:50.000000Z,3.05267,3.05136
2015-07-29T07:06:00.000000Z,3.05263,3.05131
2015-07-29T07:06:10.000000Z,3.05289,3.05163
2015-07-29T07:06:20.000000Z,3.05265,3.05138
2015-07-29T07:06:30.000000Z,3.05315,3.05177
2015-07-29T07:06:40.000000Z,3.05312,3.05186
2015-07-29T07:06:50.000000Z,3.05298,3.05162
2015-07-29T07:07:00.000000Z,3.05297,3.05156
2015-07-29T07:07:10.000000Z,3.05262,3.05133
2015-07-29T07:07:20.000000Z,3.05265,3.05134
2015-07-29T07:07:30.000000Z,3.05261,3.05135
2015-07-29T07:07:40.000000Z,3.05237,3.05115
2015-07-29T07:07:50.000000Z,3.05185,3.05053
2015-07-29T07:08:00.000000Z,3.05187,3.05043
2015-07-29T07:08:10.000000Z,3.05158,3.05023
2015-07-29T07:08:20.000000Z,3.05165,3.05025
2015-07-29T07:08:30.000000Z,3.05188,3.05056
2015-07-29T07:08:40.000000Z,3.05189,3.05056
2015-07-29T07:08:50.000000Z,3.05188,3.05047
2015-07-29T07:09:00.000000Z,3.05186,3.05047
2015-07-29T07:09:10.000000Z,3.05192,3.05045
2015-07-29T07:09:20.000000Z,3.05222,3.05075
2015-07-29T07:09:30.000000Z,3.05218,3.05076
2015-07-29T07:09:40.000000Z,3.0522,3.05074
2015-07-29T07:09:50.000000Z,3.05175,3.05025
2015-07-29T07:10:00.000000Z,3.05149,3.04996
2015-07-29T07:10:10.000000Z,3.05212,3.04963
2015-07-29T07:10:20.000000Z,3.05205,3.04985
2015-07-29T07:10:30.000000Z,3.05232,3.04985
2015-07-29T07:10:40.000000Z,3.05218,3.04991
2015-07-29T07:10:50.000000Z,3.05209,3.05018
2015-07-29T07:11:00.000000Z,3.05194,3.05052
2015-07-29T07:11:10.000000Z,3.05178,3.05032
2015-07-29T07:11:20.000000Z,3.05128,3.04961
2015-07-29T07:11:30.000000Z,3.05036,3.04891
2015-07-29T07:11:40.000000Z,3.04931,3.04776
2015-07-29T07:11:50.000000Z,3.04921,3.04774
2015-07-29T07:12:00.000000Z,3.04947,3.04798
2015-07-29T07:12:10.000000Z,3.04987,3.04833
2015-07-29T07:12:20.000000Z,3.05012,3.04849
2015-07-29T07:12:30.000000Z,3.05075,3.04862
2015-07-29T07:12:40.000000Z,3.05052,3.04883
2015-07-29T07:12:50.000000Z,3.05027,3.0487
2015-07-29T07:13:00.000000Z,3.04955,3.0481
2015-07-29T07:13:10.000000Z,3.04972,3.04834
2015-07-29T07:13:20.000000Z,3.04956,3.04824
2015-07-29T07:13:30.000000Z,3.04978,3.04843
2015-07-29T07:13:40.000000Z,3.04999,3.04863
2015-07-29T07:13:50.000000Z,3.05029,3.04887
2015-07-29T07:14:00.000000Z,3.05118,3.04941
2015-07-29T07:14:10.000000Z,3.05224,3.04987
2015-07-29T07:14:20.000000Z,3.0525,3.05058
2015-07-29T07:14:30.000000Z,3.05278,3.05082
2015-07-29T07:14:40.000000Z,3.05254,3.0508
2015-07-29T07:14:50.000000Z,3.05269,3.05078
2015-07-29T07:15:00.000000Z,3.05292,3.05078
2015-07-29T07:15:10.000000Z,3.05282,3.05096
2015-07-29T07:15:20.000000Z,3.05239,3.05039
2015-07-29T07:15:30.000000Z,3.05192,3.05089
2015-07-29T07:15:40.000000Z,3.05322,3.05101
2015-07-29T07:15:50.000000Z,3.0533,3.05227
2015-07-29T07:16:00.000000Z,3.05505,3.053
2015-07-29T07:16:10.000000Z,3.0549,3.05318
2015-07-29T07:16:20.000000Z,3.05517,3.05329
2015-07-29T07:16:30.000000Z,3.05416,3.05234
2015-07-29T07:16:40.000000Z,3.05435,3.05258
2015-07-29T07:16:50.000000Z,3.0547,3.05321
2015-07-29T07:17:00.000000Z,3.05518,3.05343
2015-07-29T07:17:10.000000Z,3.05534,3.05364
2015-07-29T07:17:20.000000Z,3.05533,3.05368
2015-07-29T07:17:30.000000Z,3.0554,3.05386
2015-07-29T07:17:40.000000Z,3.05581,3.05403
2015-07-29T07:17:50.000000Z,3.05537,3.05409
2015-07-29T07:18:00.000000Z,3.05532,3.05395
2015-07-29T07:18:10.000000Z,3.05475,3.05303
2015-07-29T07:18:20.000000Z,3.05483,3.05323
2015-07-29T07:18:30.000000Z,3.05477,3.05342
2015-07-29T07:18:40.000000Z,3.05488,3.05333
2015-07-29T07:18:50.000000Z,3.05474,3.0531
2015-07-29T07:19:00.000000Z,3.05502,3.05378
2015-07-29T07:19:10.000000Z,3.05498,3.05377
2015-07-29T07:19:20.000000Z,3.05478,3.05356
2015-07-29T07:19:30.000000Z,3.05461,3.05335
2015-07-29T07:19:40.000000Z,3.05472,3.0534
2015-07-29T07:19:50.000000Z,3.05428,3.05288
2015-07-29T07:20:00.000000Z,3.05389,3.05263
2015-07-29T07:20:10.000000Z,3.05391,3.05263
2015-07-29T07:20:20.000000Z,3.05385,3.05268
2015-07-29T07:20:30.000000Z,3.05402,3.05288
2015-07-29T07:20:40.000000Z,3.05516,3.0538
2015-07-29T07:20:50.000000Z,3.05521,3.05346
2015-07-29T07:21:00.000000Z,3.05526,3.05349
2015-07-29T07:21:10.000000Z,3.05526,3.0536
2015-07-29T07:21:20.000000Z,3.05504,3.05337
2015-07-29T07:21:30.000000Z,3.0552,3.05356
2015-07-29T07:21:40.000000Z,3.05535,3.05373
2015-07-29T07:21:50.000000Z,3.05583,3.05405
2015-07-29T07:22:00.000000Z,3.05552,3.05387
2015-07-29T07:22:10.000000Z,3.05464,3.0533
2015-07-29T07:22:20.000000Z,3.05447,3.05313
2015-07-29T07:22:30.000000Z,3.05453,3.05322
2015-07-29T07:22:40.000000Z,3.05507,3.05306
2015-07-29T07:22:50.000000Z,3.05507,3.05298
2015-07-29T07:23:00.000000Z,3.05515,3.05295
2015-07-29T07:23:10.000000Z,3.05515,3.05295
2015-07-29T07:23:20.000000Z,3.05549,3.05346
2015-07-29T07:23:30.000000Z,3.05502,3.05329
2015-07-29T07:23:40.000000Z,3.05504,3.05329
2015-07-29T07:23:50.000000Z,3.0557,3.0543
2015-07-29T07:24:00.000000Z,3.05549,3.05414
2015-07-29T07:24:10.000000Z,3.05588,3.05484
2015-07-29T07:24:20.000000Z,3.05556,3.05419
2015-07-29T07:24:30.000000Z,3.05503,3.05333
2015-07-29T07:24:40.000000Z,3.05476,3.0532
2015-07-29T07:24:50.000000Z,3.05525,3.05386
2015-07-29T07:25:00.000000Z,3.05459,3.05314
2015-07-29T07:25:10.000000Z,3.05459,3.05328
2015-07-29T07:25:20.000000Z,3.05454,3.05318
2015-07-29T07:25:40.000000Z,3.0545,3.05312
2015-07-29T07:25:50.000000Z,3.05448,3.05316
2015-07-29T07:26:00.000000Z,3.05425,3.05284
2015-07-29T07:26:10.000000Z,3.05408,3.05269
2015-07-29T07:26:20.000000Z,3.05405,3.05269
2015-07-29T07:26:30.000000Z,3.05414,3.05276
2015-07-29T07:26:40.000000Z,3.054,3.05273
2015-07-29T07:26:50.000000Z,3.05453,3.05313
2015-07-29T07:27:00.000000Z,3.05445,3.05304
2015-07-29T07:27:10.000000Z,3.05472,3.05333
2015-07-29T07:27:20.000000Z,3.05497,3.05362
2015-07-29T07:27:30.000000Z,3.05492,3.05354
2015-07-29T07:27:40.000000Z,3.05442,3.05286
2015-07-29T07:27:50.000000Z,3.05442,3.053
2015-07-29T07:28:00.000000Z,3.05432,3.05296
2015-07-29T07:28:10.000000Z,3.05433,3.05296
2015-07-29T07:28:20.000000Z,3.05461,3.05328
2015-07-29T07:28:30.000000Z,3.0546,3.05328
2015-07-29T07:28:40.000000Z,3.05467,3.05313
2015-07-29T07:28:50.000000Z,3.05468,3.0531
2015-07-29T07:29:00.000000Z,3.0548,3.05337
2015-07-29T07:29:10.000000Z,3.05442,3.05286
2015-07-29T07:29:20.000000Z,3.05412,3.05259
2015-07-29T07:29:30.000000Z,3.05427,3.05246
2015-07-29T07:29:40.000000Z,3.0545,3.05277
2015-07-29T07:29:50.000000Z,3.05383,3.0525
2015-07-29T07:30:00.000000Z,3.05322,3.05191
2015-07-29T07:30:10.000000Z,3.05366,3.05256
2015-07-29T07:30:20.000000Z,3.05313,3.05184
2015-07-29T07:30:30.000000Z,3.05316,3.05186
2015-07-29T07:30:40.000000Z,3.05344,3.05193
2015-07-29T07:30:50.000000Z,3.05322,3.05185
2015-07-29T07:31:00.000000Z,3.05307,3.05176
2015-07-29T07:31:10.000000Z,3.05287,3.05153
2015-07-29T07:31:20.000000Z,3.05309,3.05173
2015-07-29T07:31:30.000000Z,3.05304,3.052
2015-07-29T07:31:40.000000Z,3.0531,3.05213
2015-07-29T07:31:50.000000Z,3.05328,3.0522
2015-07-29T07:32:00.000000Z,3.05329,3.05223
2015-07-29T07:32:10.000000Z,3.0538,3.05254
2015-07-29T07:32:20.000000Z,3.0537,3.05257
2015-07-29T07:32:30.000000Z,3.05368,3.0526
2015-07-29T07:32:40.000000Z,3.05428,3.05297
2015-07-29T07:32:50.000000Z,3.05508,3.05377
2015-07-29T07:33:00.000000Z,3.05587,3.05455
2015-07-29T07:33:10.000000Z,3.05504,3.05367
2015-07-29T07:33:20.000000Z,3.05564,3.05429
2015-07-29T07:33:30.000000Z,3.05524,3.05403
2015-07-29T07:33:40.000000Z,3.05498,3.05374
2015-07-29T07:33:50.000000Z,3.05497,3.05357
2015-07-29T07:34:00.000000Z,3.05587,3.05466
2015-07-29T07:34:10.000000Z,3.05688,3.05556
2015-07-29T07:34:20.000000Z,3.05708,3.05588
2015-07-29T07:34:30.000000Z,3.0573,3.05604
2015-07-29T07:34:40.000000Z,3.06222,3.05295
2015-07-29T07:34:50.000000Z,3.05876,3.05739
2015-07-29T07:35:00.000000Z,3.05967,3.05742
2015-07-29T07:35:10.000000Z,3.05936,3.05751
2015-07-29T07:35:20.000000Z,3.05794,3.05667
2015-07-29T07:35:30.000000Z,3.05819,3.0571
2015-07-29T07:35:40.000000Z,3.05852,3.05714
2015-07-29T07:35:50.000000Z,3.05899,3.05755
2015-07-29T07:36:00.000000Z,3.05895,3.05751
2015-07-29T07:36:10.000000Z,3.05896,3.05756
2015-07-29T07:36:20.000000Z,3.05908,3.0565
2015-07-29T07:36:30.000000Z,3.05936,3.05796
2015-07-29T07:36:40.000000Z,3.05947,3.05754
2015-07-29T07:36:50.000000Z,3.05974,3.05837
2015-07-29T07:37:00.000000Z,3.06082,3.0595
2015-07-29T07:37:10.000000Z,3.06058,3.05934
2015-07-29T07:37:20.000000Z,3.06102,3.05975
2015-07-29T07:37:30.000000Z,3.06093,3.05883
2015-07-29T07:37:40.000000Z,3.06133,3.05617
2015-07-29T07:37:50.000000Z,3.05964,3.05833
2015-07-29T07:38:00.000000Z,3.05986,3.05694
2015-07-29T07:38:10.000000Z,3.05981,3.05764
2015-07-29T07:38:20.000000Z,3.05999,3.05819
2015-07-29T07:38:30.000000Z,3.05983,3.05818
2015-07-29T07:38:40.000000Z,3.05945,3.05833
2015-07-29T07:38:50.000000Z,3.05899,3.05702
2015-07-29T07:39:00.000000Z,3.05901,3.05766
2015-07-29T07:39:10.000000Z,3.05902,3.05767
2015-07-29T07:39:20.000000Z,3.05875,3.05756
2015-07-29T07:39:30.000000Z,3.05853,3.05752
2015-07-29T07:39:40.000000Z,3.05859,3.05759
2015-07-29T07:39:50.000000Z,3.05815,3.05698
2015-07-29T07:40:00.000000Z,3.05934,3.05802
2015-07-29T07:40:10.000000Z,3.05864,3.05736
2015-07-29T07:40:20.000000Z,3.05856,3.05753
2015-07-29T07:40:30.000000Z,3.05961,3.05835
2015-07-29T07:40:40.000000Z,3.05975,3.05866
2015-07-29T07:40:50.000000Z,3.05962,3.05827
2015-07-29T07:41:00.000000Z,3.06007,3.05873
2015-07-29T07:41:10.000000Z,3.06089,3.05955
2015-07-29T07:41:20.000000Z,3.06057,3.05939
2015-07-29T07:41:30.000000Z,3.06072,3.05951
2015-07-29T07:41:40.000000Z,3.06096,3.05962
2015-07-29T07:41:50.000000Z,3.06047,3.05924
2015-07-29T07:42:00.000000Z,3.06083,3.05941
2015-07-29T07:42:10.000000Z,3.06056,3.0591
2015-07-29T07:42:20.000000Z,3.06081,3.05949
2015-07-29T07:42:30.000000Z,3.0603,3.05935
2015-07-29T07:42:40.000000Z,3.0603,3.05934
2015-07-29T07:42:50.000000Z,3.06048,3.05926
2015-07-29T07:43:00.000000Z,3.06029,3.05885
2015-07-29T07:43:10.000000Z,3.06036,3.05904
2015-07-29T07:43:20.000000Z,3.06063,3.05921
2015-07-29T07:43:30.000000Z,3.06047,3.05906
2015-07-29T07:43:40.000000Z,3.06073,3.05947
2015-07-29T07:43:50.000000Z,3.0608,3.05959
2015-07-29T07:44:00.000000Z,3.06075,3.05944
2015-07-29T07:44:10.000000Z,3.06131,3.06005
2015-07-29T07:44:20.000000Z,3.06084,3.06001
2015-07-29T07:44:30.000000Z,3.06091,3.05971
2015-07-29T07:44:40.000000Z,3.0603,3.05857
2015-07-29T07:44:50.000000Z,3.05992,3.05855
2015-07-29T07:45:00.000000Z,3.06021,3.05887
2015-07-29T07:45:10.000000Z,3.05999,3.05878
2015-07-29T07:45:20.000000Z,3.06035,3.05909
2015-07-29T07:45:30.000000Z,3.05998,3.05867
2015-07-29T07:45:40.000000Z,3.05999,3.05878
2015-07-29T07:45:50.000000Z,3.05999,3.05859
2015-07-29T07:46:00.000000Z,3.05994,3.05863
2015-07-29T07:46:10.000000Z,3.0597,3.05854
2015-07-29T07:46:20.000000Z,3.06027,3.05852
2015-07-29T07:46:30.000000Z,3.06047,3.05908
2015-07-29T07:46:40.000000Z,3.06,3.0589
2015-07-29T07:46:50.000000Z,3.05928,3.05805
2015-07-29T07:47:00.000000Z,3.05898,3.05777
2015-07-29T07:47:10.000000Z,3.05863,3.05753
2015-07-29T07:47:20.000000Z,3.05884,3.05762
2015-07-29T07:47:30.000000Z,3.05888,3.05593
2015-07-29T07:47:40.000000Z,3.05943,3.05669
2015-07-29T07:47:50.000000Z,3.05868,3.05734
2015-07-29T07:48:00.000000Z,3.058,3.05688
2015-07-29T07:48:10.000000Z,3.05848,3.0572
2015-07-29T07:48:20.000000Z,3.0585,3.0573
2015-07-29T07:48:30.000000Z,3.05852,3.05736
2015-07-29T07:48:40.000000Z,3.05938,3.05778
2015-07-29T07:48:50.000000Z,3.05962,3.05802
2015-07-29T07:49:00.000000Z,3.06088,3.05812
2015-07-29T07:49:10.000000Z,3.06091,3.05812
2015-07-29T07:49:20.000000Z,3.06107,3.05968
2015-07-29T07:49:30.000000Z,3.06097,3.0594
2015-07-29T07:49:40.000000Z,3.06101,3.0594
2015-07-29T07:49:50.000000Z,3.06098,3.05954
2015-07-29T07:50:00.000000Z,3.06124,3.05972
2015-07-29T07:50:10.000000Z,3.06138,3.05984
2015-07-29T07:50:20.000000Z,3.06126,3.0592
2015-07-29T07:50:30.000000Z,3.06126,3.05923
2015-07-29T07:50:40.000000Z,3.06102,3.05954
2015-07-29T07:50:50.000000Z,3.06125,3.06015
2015-07-29T07:51:00.000000Z,3.06097,3.06011
2015-07-29T07:51:10.000000Z,3.06085,3.05953
2015-07-29T07:51:20.000000Z,3.06135,3.05965
2015-07-29T07:51:30.000000Z,3.06106,3.05963
2015-07-29T07:51:40.000000Z,3.06106,3.05956
2015-07-29T07:51:50.000000Z,3.06082,3.05953
2015-07-29T07:52:00.000000Z,3.06114,3.05957
2015-07-29T07:52:10.000000Z,3.06131,3.05974
2015-07-29T07:52:20.000000Z,3.06131,3.05975
2015-07-29T07:52:30.000000Z,3.06096,3.05957
2015-07-29T07:52:40.000000Z,3.06043,3.05921
2015-07-29T07:52:50.000000Z,3.06115,3.05987
2015-07-29T07:53:00.000000Z,3.06113,3.06004
2015-07-29T07:53:10.000000Z,3.06085,3.05964
2015-07-29T07:53:20.000000Z,3.06083,3.05964
2015-07-29T07:53:30.000000Z,3.06072,3.05944
2015-07-29T07:53:40.000000Z,3.06094,3.05948
2015-07-29T07:53:50.000000Z,3.06101,3.05988
2015-07-29T07:54:10.000000Z,3.06087,3.05963
2015-07-29T07:54:20.000000Z,3.06045,3.05923
2015-07-29T07:54:30.000000Z,3.06029,3.05902
2015-07-29T07:54:40.000000Z,3.06016,3.05897
2015-07-29T07:54:50.000000Z,3.06043,3.05927
2015-07-29T07:55:00.000000Z,3.06001,3.0588
2015-07-29T07:55:10.000000Z,3.06011,3.05901
2015-07-29T07:55:20.000000Z,3.06013,3.05913
2015-07-29T07:55:30.000000Z,3.06035,3.05912
2015-07-29T07:55:40.000000Z,3.06066,3.05924
2015-07-29T07:55:50.000000Z,3.06064,3.05917
2015-07-29T07:56:00.000000Z,3.06078,3.05989
2015-07-29T07:56:10.000000Z,3.06078,3.05985
2015-07-29T07:56:20.000000Z,3.06105,3.05983
2015-07-29T07:56:30.000000Z,3.06082,3.05958
2015-07-29T07:56:40.000000Z,3.06087,3.05962
2015-07-29T07:56:50.000000Z,3.06099,3.05979
2015-07-29T07:57:00.000000Z,3.06115,3.05994
2015-07-29T07:57:10.000000Z,3.06152,3.06003
2015-07-29T07:57:20.000000Z,3.06163,3.06036
2015-07-29T07:57:30.000000Z,3.0618,3.06054
2015-07-29T07:57:40.000000Z,3.06183,3.06062
2015-07-29T07:57:50.000000Z,3.06206,3.06068
2015-07-29T07:58:00.000000Z,3.06203,3.061
2015-07-29T07:58:10.000000Z,3.0618,3.06077
2015-07-29T07:58:20.000000Z,3.06182,3.06076
2015-07-29T07:58:30.000000Z,3.06188,3.06082
2015-07-29T07:58:40.000000Z,3.06199,3.06106
2015-07-29T07:58:50.000000Z,3.0624,3.06137
2015-07-29T07:59:00.000000Z,3.06231,3.06112
2015-07-29T07:59:10.000000Z,3.06243,3.06131
2015-07-29T07:59:20.000000Z,3.06227,3.06113
2015-07-29T07:59:30.000000Z,3.06275,3.06168
2015-07-29T07:59:40.000000Z,3.06294,3.06173
2015-07-29T07:59:50.000000Z,3.06353,3.06203
2015-07-29T08:00:00.000000Z,3.06352,3.06236
2015-07-29T08:00:10.000000Z,3.06314,3.06229
2015-07-29T08:00:20.000000Z,3.06338,3.06263
2015-07-29T08:00:30.000000Z,3.06398,3.06233
2015-07-29T08:00:40.000000Z,3.06422,3.06141
2015-07-29T08:00:50.000000Z,3.06363,3.06206
2015-07-29T08:01:00.000000Z,3.06381,3.06178
2015-07-29T08:01:10.000000Z,3.06386,3.06179
2015-07-29T08:01:20.000000Z,3.06323,3.06126
2015-07-29T08:01:30.000000Z,3.06239,3.06127
2015-07-29T08:01:40.000000Z,3.06206,3.06093
2015-07-29T08:01:50.000000Z,3.06215,3.06095
2015-07-29T08:02:00.000000Z,3.06208,3.06104
2015-07-29T08:02:10.000000Z,3.06208,3.06108
2015-07-29T08:02:20.000000Z,3.06247,3.06129
2015-07-29T08:02:30.000000Z,3.06381,3.06163
2015-07-29T08:02:40.000000Z,3.06404,3.06238
2015-07-29T08:02:50.000000Z,3.06417,3.06253
2015-07-29T08:03:00.000000Z,3.06337,3.06227
2015-07-29T08:03:10.000000Z,3.0627,3.06118
2015-07-29T08:03:20.000000Z,3.06325,3.06108
2015-07-29T08:03:30.000000Z,3.06283,3.06098
2015-07-29T08:03:40.000000Z,3.06273,3.06002
2015-07-29T08:03:50.000000Z,3.06316,3.06071
2015-07-29T08:04:00.000000Z,3.06272,3.06108
2015-07-29T08:04:10.000000Z,3.06232,3.06108
2015-07-29T08:04:20.000000Z,3.06259,3.06126
2015-07-29T08:04:30.000000Z,3.06263,3.06126
2015-07-29T08:04:40.000000Z,3.06276,3.06147
2015-07-29T08:05:00.000000Z,3.06268,3.06151
2015-07-29T08:05:10.000000Z,3.06266,3.0615
2015-07-29T08:05:20.000000Z,3.06281,3.06155
2015-07-29T08:05:30.000000Z,3.06245,3.06162
2015-07-29T08:05:40.000000Z,3.06273,3.06161
2015-07-29T08:05:50.000000Z,3.06265,3.06158
2015-07-29T08:06:00.000000Z,3.06256,3.06137
2015-07-29T08:06:10.000000Z,3.06236,3.06126
2015-07-29T08:06:20.000000Z,3.06318,3.06144
2015-07-29T08:06:30.000000Z,3.0634,3.06168
2015-07-29T08:06:40.000000Z,3.06428,3.06172
2015-07-29T08:06:50.000000Z,3.06374,3.06195
2015-07-29T08:07:00.000000Z,3.06436,3.06256
2015-07-29T08:07:10.000000Z,3.06425,3.0631
2015-07-29T08:07:20.000000Z,3.06431,3.06314
2015-07-29T08:07:30.000000Z,3.0643,3.06323
2015-07-29T08:07:40.000000Z,3.06426,3.06314
2015-07-29T08:07:50.000000Z,3.06435,3.06308
2015-07-29T08:08:00.000000Z,3.06427,3.06307
2015-07-29T08:08:10.000000Z,3.06495,3.06372
2015-07-29T08:08:20.000000Z,3.06444,3.06349
2015-07-29T08:08:30.000000Z,3.06453,3.06341
2015-07-29T08:08:40.000000Z,3.06536,3.06387
2015-07-29T08:08:50.000000Z,3.06547,3.0641
2015-07-29T08:09:00.000000Z,3.06622,3.06501
2015-07-29T08:09:10.000000Z,3.06598,3.06486
2015-07-29T08:09:20.000000Z,3.06563,3.06425
2015-07-29T08:09:30.000000Z,3.06563,3.06434
2015-07-29T08:09:40.000000Z,3.06555,3.06406
2015-07-29T08:09:50.000000Z,3.06531,3.06414
2015-07-29T08:10:00.000000Z,3.06556,3.06456
2015-07-29T08:10:10.000000Z,3.06565,3.06464
2015-07-29T08:10:20.000000Z,3.06571,3.06468
2015-07-29T08:10:30.000000Z,3.06555,3.06464
2015-07-29T08:10:40.000000Z,3.06571,3.06465
2015-07-29T08:11:00.000000Z,3.06558,3.06443
2015-07-29T08:11:10.000000Z,3.06554,3.0645
2015-07-29T08:11:20.000000Z,3.06557,3.06444
2015-07-29T08:11:30.000000Z,3.06543,3.06413
2015-07-29T08:11:40.000000Z,3.06522,3.06391
2015-07-29T08:11:50.000000Z,3.06555,3.06413
2015-07-29T08:12:00.000000Z,3.06544,3.06405
2015-07-29T08:12:10.000000Z,3.06575,3.06422
2015-07-29T08:12:20.000000Z,3.06568,3.06433
2015-07-29T08:12:30.000000Z,3.06598,3.06459
2015-07-29T08:12:40.000000Z,3.06583,3.06448
2015-07-29T08:12:50.000000Z,3.0656,3.06441
2015-07-29T08:13:00.000000Z,3.06581,3.06457
2015-07-29T08:13:10.000000Z,3.06555,3.06383
2015-07-29T08:13:20.000000Z,3.0654,3.06393
2015-07-29T08:13:30.000000Z,3.06573,3.06465
2015-07-29T08:13:40.000000Z,3.06546,3.06424
2015-07-29T08:13:50.000000Z,3.06584,3.06464
2015-07-29T08:14:00.000000Z,3.06538,3.06413
2015-07-29T08:14:10.000000Z,3.0658,3.06425
2015-07-29T08:14:20.000000Z,3.0658,3.06427
2015-07-29T08:14:30.000000Z,3.06564,3.06409
2015-07-29T08:14:40.000000Z,3.06549,3.06394
2015-07-29T08:14:50.000000Z,3.06549,3.06399
2015-07-29T08:15:00.000000Z,3.06526,3.06307
2015-07-29T08:15:10.000000Z,3.06524,3.06312
2015-07-29T08:15:20.000000Z,3.06445,3.06278
2015-07-29T08:15:30.000000Z,3.06445,3.06298
2015-07-29T08:15:40.000000Z,3.06394,3.06289
2015-07-29T08:15:50.000000Z,3.06407,3.06255
2015-07-29T08:16:00.000000Z,3.06398,3.06243
2015-07-29T08:16:10.000000Z,3.06398,3.06257
2015-07-29T08:16:20.000000Z,3.06407,3.06249
2015-07-29T08:16:30.000000Z,3.06407,3.0625
2015-07-29T08:16:40.000000Z,3.06394,3.06233
2015-07-29T08:16:50.000000Z,3.06381,3.06242
2015-07-29T08:17:00.000000Z,3.06387,3.06237
2015-07-29T08:17:10.000000Z,3.06352,3.06233
2015-07-29T08:17:20.000000Z,3.06255,3.06097
2015-07-29T08:17:30.000000Z,3.06284,3.06107
2015-07-29T08:17:40.000000Z,3.06292,3.06117
2015-07-29T08:17:50.000000Z,3.06268,3.06102
2015-07-29T08:18:00.000000Z,3.06244,3.06111
2015-07-29T08:18:10.000000Z,3.06297,3.06137
2015-07-29T08:18:20.000000Z,3.06287,3.06147
2015-07-29T08:18:30.000000Z,3.06253,3.06138
2015-07-29T08:18:40.000000Z,3.06311,3.06157
2015-07-29T08:18:50.000000Z,3.06226,3.06118
2015-07-29T08:19:00.000000Z,3.0624,3.06165
2015-07-29T08:19:10.000000Z,3.06276,3.06166
2015-07-29T08:19:20.000000Z,3.06297,3.06161
2015-07-29T08:19:30.000000Z,3.06222,3.06119
2015-07-29T08:19:40.000000Z,3.063,3.06157
2015-07-29T08:19:50.000000Z,3.06336,3.06188
2015-07-29T08:20:00.000000Z,3.06321,3.06188
2015-07-29T08:20:10.000000Z,3.06326,3.06187
2015-07-29T08:20:20.000000Z,3.06344,3.06094
2015-07-29T08:20:30.000000Z,3.06416,3.0615
2015-07-29T08:20:40.000000Z,3.06383,3.06229
2015-07-29T08:20:50.000000Z,3.06416,3.06255
2015-07-29T08:21:00.000000Z,3.06396,3.06223
2015-07-29T08:21:10.000000Z,3.06367,3.06191
2015-07-29T08:21:20.000000Z,3.06279,3.06126
2015-07-29T08:21:30.000000Z,3.06258,3.06116
2015-07-29T08:21:40.000000Z,3.06305,3.06165
2015-07-29T08:21:50.000000Z,3.06256,3.06125
2015-07-29T08:22:00.000000Z,3.06258,3.06125
2015-07-29T08:22:10.000000Z,3.06266,3.0613
2015-07-29T08:22:20.000000Z,3.06236,3.06105
2015-07-29T08:22:30.000000Z,3.06198,3.0596
2015-07-29T08:22:40.000000Z,3.06198,3.05951
2015-07-29T08:22:50.000000Z,3.06158,3.05899
2015-07-29T08:23:00.000000Z,3.06094,3.05963
2015-07-29T08:23:10.000000Z,3.06121,3.0599
2015-07-29T08:23:20.000000Z,3.06134,3.06005
2015-07-29T08:23:30.000000Z,3.0615,3.06005
2015-07-29T08:23:40.000000Z,3.0613,3.0601
2015-07-29T08:23:50.000000Z,3.06164,3.06025
2015-07-29T08:24:00.000000Z,3.0614,3.06032
2015-07-29T08:24:10.000000Z,3.06148,3.06029
2015-07-29T08:24:20.000000Z,3.06118,3.05983
2015-07-29T08:24:30.000000Z,3.06022,3.05953
2015-07-29T08:24:40.000000Z,3.06016,3.05902
2015-07-29T08:24:50.000000Z,3.06044,3.05925
2015-07-29T08:25:00.000000Z,3.06024,3.05905
2015-07-29T08:25:10.000000Z,3.06009,3.05905
2015-07-29T08:25:20.000000Z,3.06026,3.05905
2015-07-29T08:25:30.000000Z,3.06051,3.05885
2015-07-29T08:25:40.000000Z,3.06045,3.05904
2015-07-29T08:25:50.000000Z,3.06009,3.05868
2015-07-29T08:26:00.000000Z,3.06024,3.05892
2015-07-29T08:26:10.000000Z,3.06012,3.05887
2015-07-29T08:26:20.000000Z,3.06038,3.05899
2015-07-29T08:26:30.000000Z,3.06021,3.05887
2015-07-29T08:26:40.000000Z,3.06027,3.05892
2015-07-29T08:26:50.000000Z,3.06027,3.05895
2015-07-29T08:27:00.000000Z,3.0605,3.0592
2015-07-29T08:27:10.000000Z,3.06059,3.05915
2015-07-29T08:27:20.000000Z,3.06143,3.05999
2015-07-29T08:27:30.000000Z,3.06182,3.06041
2015-07-29T08:27:40.000000Z,3.06148,3.05989
2015-07-29T08:27:50.000000Z,3.06156,3.06039
2015-07-29T08:28:00.000000Z,3.06165,3.06036
2015-07-29T08:28:10.000000Z,3.06176,3.06066
2015-07-29T08:28:20.000000Z,3.06216,3.06077
2015-07-29T08:28:30.000000Z,3.06113,3.05997
2015-07-29T08:28:40.000000Z,3.06097,3.05982
2015-07-29T08:28:50.000000Z,3.06125,3.06005
2015-07-29T08:29:00.000000Z,3.06141,3.06006
2015-07-29T08:29:10.000000Z,3.0619,3.06056
2015-07-29T08:29:20.000000Z,3.06114,3.05998
2015-07-29T08:29:30.000000Z,3.06139,3.06022
2015-07-29T08:29:40.000000Z,3.06176,3.0603
2015-07-29T08:29:50.000000Z,3.06154,3.06009
2015-07-29T08:30:00.000000Z,3.06202,3.06086
2015-07-29T08:30:10.000000Z,3.06261,3.06116
2015-07-29T08:30:20.000000Z,3.06348,3.06182
2015-07-29T08:30:30.000000Z,3.06279,3.06168
2015-07-29T08:30:40.000000Z,3.06279,3.06156
2015-07-29T08:30:50.000000Z,3.06267,3.06149
2015-07-29T08:31:00.000000Z,3.06249,3.06143
2015-07-29T08:31:10.000000Z,3.06249,3.06139
2015-07-29T08:31:20.000000Z,3.06236,3.06101
2015-07-29T08:31:30.000000Z,3.0621,3.06112
2015-07-29T08:31:40.000000Z,3.06305,3.06075
2015-07-29T08:31:50.000000Z,3.06298,3.06144
2015-07-29T08:32:00.000000Z,3.06335,3.06191
2015-07-29T08:32:10.000000Z,3.06413,3.06222
2015-07-29T08:32:20.000000Z,3.06411,3.06227
2015-07-29T08:32:30.000000Z,3.06451,3.06258
2015-07-29T08:32:40.000000Z,3.06441,3.06294
2015-07-29T08:32:50.000000Z,3.06423,3.06291
2015-07-29T08:33:00.000000Z,3.06379,3.06245
2015-07-29T08:33:10.000000Z,3.06471,3.06336
2015-07-29T08:33:20.000000Z,3.0645,3.06318
2015-07-29T08:33:30.000000Z,3.06439,3.06277
2015-07-29T08:33:40.000000Z,3.06402,3.06205
2015-07-29T08:33:50.000000Z,3.06336,3.06196
2015-07-29T08:34:00.000000Z,3.06348,3.06211
2015-07-29T08:34:10.000000Z,3.06334,3.06215
2015-07-29T08:34:20.000000Z,3.06306,3.06128
2015-07-29T08:34:30.000000Z,3.06294,3.06144
2015-07-29T08:34:40.000000Z,3.06292,3.06149
2015-07-29T08:34:50.000000Z,3.06262,3.06118
2015-07-29T08:35:00.000000Z,3.06302,3.06155
2015-07-29T08:35:10.000000Z,3.06278,3.0611
2015-07-29T08:35:20.000000Z,3.06275,3.06152
2015-07-29T08:35:30.000000Z,3.06297,3.06182
2015-07-29T08:35:40.000000Z,3.06293,3.06178
2015-07-29T08:35:50.000000Z,3.06299,3.06185
2015-07-29T08:36:00.000000Z,3.06282,3.06103
2015-07-29T08:36:10.000000Z,3.06282,3.06135
2015-07-29T08:36:20.000000Z,3.06292,3.06161
2015-07-29T08:36:30.000000Z,3.06284,3.06134
2015-07-29T08:36:40.000000Z,3.06287,3.06134
2015-07-29T08:36:50.000000Z,3.06318,3.0611
2015-07-29T08:37:00.000000Z,3.06307,3.06162
2015-07-29T08:37:10.000000Z,3.06327,3.06197
2015-07-29T08:37:20.000000Z,3.06314,3.06178
2015-07-29T08:37:30.000000Z,3.06312,3.06178
2015-07-29T08:37:40.000000Z,3.06308,3.06173
2015-07-29T08:37:50.000000Z,3.06302,3.06101
2015-07-29T08:38:00.000000Z,3.0632,3.06114
2015-07-29T08:38:10.000000Z,3.06294,3.06072
2015-07-29T08:38:20.000000Z,3.06302,3.06102
2015-07-29T08:38:30.000000Z,3.06298,3.06101
2015-07-29T08:38:40.000000Z,3.06293,3.06101
2015-07-29T08:39:00.000000Z,3.0629,3.06098
2015-07-29T08:39:10.000000Z,3.06288,3.06094
2015-07-29T08:39:20.000000Z,3.06291,3.06093
2015-07-29T08:39:30.000000Z,3.06288,3.06088
2015-07-29T08:39:40.000000Z,3.06284,3.06087
2015-07-29T08:39:50.000000Z,3.06292,3.0615
2015-07-29T08:40:00.000000Z,3.06286,3.06151
2015-07-29T08:40:10.000000Z,3.06284,3.0615
2015-07-29T08:40:20.000000Z,3.0635,3.0621
2015-07-29T08:40:30.000000Z,3.06344,3.06197
2015-07-29T08:40:40.000000Z,3.06288,3.06075
2015-07-29T08:40:50.000000Z,3.06259,3.06122
2015-07-29T08:41:00.000000Z,3.06207,3.06075
2015-07-29T08:41:10.000000Z,3.06205,3.0606
2015-07-29T08:41:20.000000Z,3.06205,3.06043
2015-07-29T08:41:30.000000Z,3.06202,3.06059
2015-07-29T08:41:40.000000Z,3.06204,3.06056
2015-07-29T08:41:50.000000Z,3.06158,3.06021
2015-07-29T08:42:00.000000Z,3.06213,3.0607
2015-07-29T08:42:10.000000Z,3.06211,3.06066
2015-07-29T08:42:20.000000Z,3.06202,3.0607
2015-07-29T08:42:30.000000Z,3.06299,3.06156
2015-07-29T08:42:40.000000Z,3.06355,3.06192
2015-07-29T08:42:50.000000Z,3.06327,3.06228
2015-07-29T08:43:00.000000Z,3.06325,3.06228
2015-07-29T08:43:10.000000Z,3.06297,3.06141
2015-07-29T08:43:20.000000Z,3.06305,3.06197
2015-07-29T08:43:30.000000Z,3.06376,3.06253
2015-07-29T08:43:40.000000Z,3.06445,3.06183
2015-07-29T08:43:50.000000Z,3.06485,3.06337
2015-07-29T08:44:00.000000Z,3.06384,3.06229
2015-07-29T08:44:10.000000Z,3.06355,3.06253
2015-07-29T08:44:20.000000Z,3.06479,3.06284
2015-07-29T08:44:30.000000Z,3.06473,3.06309
2015-07-29T08:44:40.000000Z,3.06537,3.0636
2015-07-29T08:44:50.000000Z,3.06537,3.06313
2015-07-29T08:45:00.000000Z,3.06507,3.06309
2015-07-29T08:45:10.000000Z,3.06526,3.06314
2015-07-29T08:45:20.000000Z,3.06503,3.06289
2015-07-29T08:45:30.000000Z,3.06567,3.06284
2015-07-29T08:45:40.000000Z,3.06492,3.06297
2015-07-29T08:45:50.000000Z,3.06496,3.06271
2015-07-29T08:46:00.000000Z,3.06543,3.06402
2015-07-29T08:46:10.000000Z,3.0657,3.06387
2015-07-29T08:46:20.000000Z,3.06531,3.06383
2015-07-29T08:46:30.000000Z,3.06526,3.06381
2015-07-29T08:46:40.000000Z,3.06577,3.06405
2015-07-29T08:46:50.000000Z,3.06544,3.06373
2015-07-29T08:47:00.000000Z,3.06551,3.06375
2015-07-29T08:47:10.000000Z,3.06567,3.06275
2015-07-29T08:47:20.000000Z,3.06556,3.06311
2015-07-29T08:47:30.000000Z,3.06553,3.0631
2015-07-29T08:47:40.000000Z,3.06561,3.06327
2015-07-29T08:47:50.000000Z,3.06571,3.0639
2015-07-29T08:48:00.000000Z,3.06525,3.06401
2015-07-29T08:48:10.000000Z,3.06454,3.06311
2015-07-29T08:48:20.000000Z,3.06457,3.06325
2015-07-29T08:48:30.000000Z,3.06417,3.06287
2015-07-29T08:48:40.000000Z,3.06406,3.06267
2015-07-29T08:48:50.000000Z,3.06376,3.06243
2015-07-29T08:49:00.000000Z,3.06376,3.06229
2015-07-29T08:49:10.000000Z,3.06344,3.06211
2015-07-29T08:49:20.000000Z,3.06344,3.06207
2015-07-29T08:49:30.000000Z,3.06297,3.06187
2015-07-29T08:49:40.000000Z,3.06295,3.06166
2015-07-29T08:49:50.000000Z,3.06253,3.06135
2015-07-29T08:50:00.000000Z,3.06379,3.06176
2015-07-29T08:50:10.000000Z,3.06379,3.06175
2015-07-29T08:50:20.000000Z,3.06361,3.06159
2015-07-29T08:50:30.000000Z,3.06374,3.06181
2015-07-29T08:50:40.000000Z,3.06372,3.0616
2015-07-29T08:50:50.000000Z,3.06364,3.06216
2015-07-29T08:51:00.000000Z,3.06366,3.06207
2015-07-29T08:51:10.000000Z,3.06366,3.06224
2015-07-29T08:51:20.000000Z,3.06328,3.06194
2015-07-29T08:51:30.000000Z,3.06303,3.06178
2015-07-29T08:51:40.000000Z,3.06333,3.06202
2015-07-29T08:51:50.000000Z,3.06292,3.06157
2015-07-29T08:52:00.000000Z,3.06276,3.06137
2015-07-29T08:52:10.000000Z,3.06281,3.06133
2015-07-29T08:52:20.000000Z,3.06285,3.06144
2015-07-29T08:52:30.000000Z,3.06285,3.06143
2015-07-29T08:52:40.000000Z,3.06284,3.06151
2015-07-29T08:52:50.000000Z,3.06285,3.06155
2015-07-29T08:53:00.000000Z,3.06292,3.06155
2015-07-29T08:53:10.000000Z,3.06317,3.0618
2015-07-29T08:53:20.000000Z,3.06338,3.06171
2015-07-29T08:53:30.000000Z,3.06306,3.06165
2015-07-29T08:53:40.000000Z,3.06296,3.06154
2015-07-29T08:53:50.000000Z,3.06297,3.06157
2015-07-29T08:54:00.000000Z,3.06308,3.06156
2015-07-29T08:54:10.000000Z,3.06292,3.06143
2015-07-29T08:54:20.000000Z,3.06266,3.06117
2015-07-29T08:54:30.000000Z,3.06264,3.06127
2015-07-29T08:54:40.000000Z,3.06314,3.06174
2015-07-29T08:54:50.000000Z,3.06331,3.06176
2015-07-29T08:55:00.000000Z,3.06326,3.06184
2015-07-29T08:55:10.000000Z,3.0631,3.06149
2015-07-29T08:55:20.000000Z,3.06308,3.06134
2015-07-29T08:55:30.000000Z,3.06316,3.06151
2015-07-29T08:55:40.000000Z,3.06316,3.06151
2015-07-29T08:55:50.000000Z,3.06294,3.06143
2015-07-29T08:56:00.000000Z,3.06273,3.06169
2015-07-29T08:56:10.000000Z,3.06294,3.06169
2015-07-29T08:56:20.000000Z,3.06294,3.06164
2015-07-29T08:56:30.000000Z,3.06318,3.06216
2015-07-29T08:56:40.000000Z,3.06318,3.06222
2015-07-29T08:56:50.000000Z,3.06372,3.06239
2015-07-29T08:57:00.000000Z,3.06355,3.0626
2015-07-29T08:57:10.000000Z,3.06358,3.06221
2015-07-29T08:57:20.000000Z,3.06361,3.06226
2015-07-29T08:57:30.000000Z,3.06417,3.06281
2015-07-29T08:57:40.000000Z,3.06423,3.06291
2015-07-29T08:57:50.000000Z,3.06445,3.06299
2015-07-29T08:58:00.000000Z,3.0646,3.06325
2015-07-29T08:58:10.000000Z,3.06468,3.06324
2015-07-29T08:58:20.000000Z,3.06487,3.06351
2015-07-29T08:58:30.000000Z,3.06455,3.06323
2015-07-29T08:58:50.000000Z,3.06444,3.06294
2015-07-29T08:59:00.000000Z,3.06452,3.06313
2015-07-29T08:59:10.000000Z,3.06429,3.06286
2015-07-29T08:59:20.000000Z,3.06448,3.06304
2015-07-29T08:59:30.000000Z,3.06472,3.06324
2015-07-29T08:59:40.000000Z,3.0647,3.06348
2015-07-29T08:59:50.000000Z,3.06324,3.06211
2015-07-29T09:00:00.000000Z,3.06308,3.06209
2015-07-29T09:00:10.000000Z,3.06324,3.06218
2015-07-29T09:00:20.000000Z,3.06337,3.06199
2015-07-29T09:00:30.000000Z,3.06367,3.06217
2015-07-29T09:00:40.000000Z,3.06415,3.06276
2015-07-29T09:00:50.000000Z,3.06439,3.06313
2015-07-29T09:01:00.000000Z,3.06466,3.06293
2015-07-29T09:01:10.000000Z,3.06505,3.06357
2015-07-29T09:01:20.000000Z,3.06474,3.06323
2015-07-29T09:01:30.000000Z,3.0645,3.06312
2015-07-29T09:01:40.000000Z,3.06466,3.06323
2015-07-29T09:01:50.000000Z,3.06437,3.06299
2015-07-29T09:02:00.000000Z,3.0645,3.06286
2015-07-29T09:02:10.000000Z,3.06399,3.06216
2015-07-29T09:02:20.000000Z,3.06502,3.06358
2015-07-29T09:02:30.000000Z,3.06474,3.06288
2015-07-29T09:02:40.000000Z,3.06402,3.06268
2015-07-29T09:02:50.000000Z,3.06409,3.06295
2015-07-29T09:03:00.000000Z,3.06384,3.06274
2015-07-29T09:03:10.000000Z,3.06446,3.06286
2015-07-29T09:03:20.000000Z,3.06351,3.06228
2015-07-29T09:03:30.000000Z,3.06444,3.06187
2015-07-29T09:03:40.000000Z,3.06447,3.06233
2015-07-29T09:03:50.000000Z,3.0633,3.06196
2015-07-29T09:04:00.000000Z,3.06319,3.06187
2015-07-29T09:04:10.000000Z,3.06329,3.06179
2015-07-29T09:04:20.000000Z,3.06341,3.06211
2015-07-29T09:04:30.000000Z,3.06397,3.06204
2015-07-29T09:04:40.000000Z,3.06437,3.06236
2015-07-29T09:04:50.000000Z,3.0642,3.06159
2015-07-29T09:05:00.000000Z,3.06447,3.06217
2015-07-29T09:05:10.000000Z,3.06376,3.06238
2015-07-29T09:05:30.000000Z,3.06333,3.06148
2015-07-29T09:05:40.000000Z,3.06321,3.06223
2015-07-29T09:05:50.000000Z,3.06313,3.06134
2015-07-29T09:06:00.000000Z,3.06319,3.06137
2015-07-29T09:06:10.000000Z,3.06321,3.0615
2015-07-29T09:06:20.000000Z,3.06322,3.0615
2015-07-29T09:06:30.000000Z,3.06324,3.06156
2015-07-29T09:06:40.000000Z,3.0633,3.06154
2015-07-29T09:06:50.000000Z,3.0632,3.0614
2015-07-29T09:07:00.000000Z,3.06321,3.06152
2015-07-29T09:07:10.000000Z,3.06334,3.06158
2015-07-29T09:07:20.000000Z,3.06335,3.06161
2015-07-29T09:07:30.000000Z,3.06296,3.06146
2015-07-29T09:07:40.000000Z,3.06286,3.06139
2015-07-29T09:07:50.000000Z,3.06293,3.06134
2015-07-29T09:08:00.000000Z,3.06271,3.06126
2015-07-29T09:08:10.000000Z,3.06273,3.06121
2015-07-29T09:08:20.000000Z,3.06276,3.06118
2015-07-29T09:08:30.000000Z,3.0624,3.06091
2015-07-29T09:08:40.000000Z,3.06232,3.06081
2015-07-29T09:08:50.000000Z,3.06216,3.06081
2015-07-29T09:09:00.000000Z,3.06215,3.06062
2015-07-29T09:09:10.000000Z,3.0621,3.06064
2015-07-29T09:09:20.000000Z,3.06216,3.06064
2015-07-29T09:09:30.000000Z,3.06234,3.06085
2015-07-29T09:09:40.000000Z,3.06217,3.06084
2015-07-29T09:09:50.000000Z,3.06226,3.06084
2015-07-29T09:10:00.000000Z,3.062,3.06052
2015-07-29T09:10:10.000000Z,3.06221,3.06088
2015-07-29T09:10:20.000000Z,3.06219,3.06088
2015-07-29T09:10:30.000000Z,3.0622,3.06079
2015-07-29T09:10:40.000000Z,3.0619,3.0601
2015-07-29T09:10:50.000000Z,3.06171,3.0605
2015-07-29T09:11:00.000000Z,3.06194,3.06037
2015-07-29T09:11:10.000000Z,3.06175,3.06023
2015-07-29T09:11:20.000000Z,3.06165,3.06049
2015-07-29T09:11:30.000000Z,3.062,3.06082
2015-07-29T09:11:40.000000Z,3.06223,3.06089
2015-07-29T09:11:50.000000Z,3.06223,3.06089
2015-07-29T09:12:00.000000Z,3.06198,3.06062
2015-07-29T09:12:10.000000Z,3.06199,3.06068
2015-07-29T09:12:20.000000Z,3.06192,3.06065
2015-07-29T09:12:30.000000Z,3.062,3.06067
2015-07-29T09:12:40.000000Z,3.06208,3.0607
2015-07-29T09:12:50.000000Z,3.0623,3.06089
2015-07-29T09:13:00.000000Z,3.06237,3.061
2015-07-29T09:13:10.000000Z,3.06244,3.06105
2015-07-29T09:13:20.000000Z,3.06249,3.06063
2015-07-29T09:13:30.000000Z,3.06277,3.0611
2015-07-29T09:13:40.000000Z,3.06292,3.06141
2015-07-29T09:13:50.000000Z,3.06333,3.06188
2015-07-29T09:14:00.000000Z,3.06329,3.06186
2015-07-29T09:14:10.000000Z,3.06332,3.06194
2015-07-29T09:14:20.000000Z,3.06336,3.0618
2015-07-29T09:14:30.000000Z,3.06349,3.062
2015-07-29T09:14:40.000000Z,3.06336,3.06184
2015-07-29T09:14:50.000000Z,3.06327,3.06172
2015-07-29T09:15:00.000000Z,3.06333,3.06187
2015-07-29T09:15:10.000000Z,3.06373,3.06171
2015-07-29T09:15:20.000000Z,3.06375,3.06172
2015-07-29T09:15:30.000000Z,3.06397,3.06202
2015-07-29T09:15:40.000000Z,3.06388,3.06183
2015-07-29T09:15:50.000000Z,3.06359,3.06193
2015-07-29T09:16:00.000000Z,3.06338,3.06185
2015-07-29T09:16:10.000000Z,3.06301,3.0614
2015-07-29T09:16:20.000000Z,3.06351,3.06181
2015-07-29T09:16:30.000000Z,3.06356,3.06194
2015-07-29T09:16:40.000000Z,3.0636,3.06194
2015-07-29T09:16:50.000000Z,3.06488,3.06322
2015-07-29T09:17:00.000000Z,3.06429,3.06263
2015-07-29T09:17:10.000000Z,3.06284,3.06135
2015-07-29T09:17:20.000000Z,3.06318,3.06179
2015-07-29T09:17:30.000000Z,3.06311,3.06192
2015-07-29T09:17:40.000000Z,3.06301,3.06172
2015-07-29T09:17:50.000000Z,3.06295,3.06156
2015-07-29T09:18:00.000000Z,3.06282,3.06155
2015-07-29T09:18:10.000000Z,3.06279,3.06131
2015-07-29T09:18:20.000000Z,3.06276,3.06155
2015-07-29T09:18:30.000000Z,3.06294,3.06173
2015-07-29T09:18:40.000000Z,3.0632,3.06187
2015-07-29T09:18:50.000000Z,3.06306,3.06163
2015-07-29T09:19:00.000000Z,3.06294,3.06135
2015-07-29T09:19:10.000000Z,3.06262,3.06115
2015-07-29T09:19:20.000000Z,3.06255,3.06111
2015-07-29T09:19:30.000000Z,3.0625,3.06102
2015-07-29T09:19:40.000000Z,3.06245,3.06113
2015-07-29T09:19:50.000000Z,3.06248,3.06113
2015-07-29T09:20:00.000000Z,3.0626,3.06115
2015-07-29T09:20:10.000000Z,3.0626,3.06121
2015-07-29T09:20:20.000000Z,3.06265,3.06125
2015-07-29T09:20:30.000000Z,3.06253,3.06113
2015-07-29T09:20:40.000000Z,3.0626,3.06111
2015-07-29T09:20:50.000000Z,3.06275,3.06139
2015-07-29T09:21:00.000000Z,3.06256,3.06119
2015-07-29T09:21:10.000000Z,3.06238,3.06086
2015-07-29T09:21:20.000000Z,3.06236,3.06085
2015-07-29T09:21:30.000000Z,3.06231,3.06085
2015-07-29T09:21:40.000000Z,3.06234,3.06092
2015-07-29T09:21:50.000000Z,3.0625,3.06125
2015-07-29T09:22:00.000000Z,3.06228,3.06087
2015-07-29T09:22:10.000000Z,3.06207,3.06052
2015-07-29T09:22:20.000000Z,3.06197,3.06063
2015-07-29T09:22:30.000000Z,3.06212,3.06054
2015-07-29T09:22:40.000000Z,3.06191,3.06041
2015-07-29T09:22:50.000000Z,3.06219,3.06063
2015-07-29T09:23:00.000000Z,3.06222,3.06078
2015-07-29T09:23:10.000000Z,3.06246,3.06089
2015-07-29T09:23:20.000000Z,3.06241,3.06099
2015-07-29T09:23:30.000000Z,3.06228,3.06073
2015-07-29T09:23:40.000000Z,3.0624,3.06083
2015-07-29T09:23:50.000000Z,3.06245,3.061
2015-07-29T09:24:00.000000Z,3.06192,3.06034
2015-07-29T09:24:10.000000Z,3.06253,3.06104
2015-07-29T09:24:20.000000Z,3.0623,3.0608
2015-07-29T09:24:30.000000Z,3.06222,3.06072
2015-07-29T09:24:40.000000Z,3.06222,3.06065
2015-07-29T09:24:50.000000Z,3.06216,3.0607
2015-07-29T09:25:00.000000Z,3.06239,3.06084
2015-07-29T09:25:10.000000Z,3.06223,3.06078
2015-07-29T09:25:20.000000Z,3.06204,3.06068
2015-07-29T09:25:30.000000Z,3.06234,3.06092
2015-07-29T09:25:40.000000Z,3.06237,3.06104
2015-07-29T09:25:50.000000Z,3.06237,3.06105
2015-07-29T09:26:00.000000Z,3.06237,3.06106
2015-07-29T09:26:10.000000Z,3.06237,3.06106
2015-07-29T09:26:20.000000Z,3.06216,3.06058
2015-07-29T09:26:30.000000Z,3.06201,3.0604
2015-07-29T09:26:40.000000Z,3.062,3.06062
2015-07-29T09:26:50.000000Z,3.06193,3.06049
2015-07-29T09:27:00.000000Z,3.06183,3.06015
2015-07-29T09:27:10.000000Z,3.06195,3.06035
2015-07-29T09:27:20.000000Z,3.06183,3.06041
2015-07-29T09:27:30.000000Z,3.06176,3.06011
2015-07-29T09:27:40.000000Z,3.06149,3.05993
2015-07-29T09:27:50.000000Z,3.06126,3.05968
2015-07-29T09:28:00.000000Z,3.06141,3.06
2015-07-29T09:28:10.000000Z,3.06135,3.06005
2015-07-29T09:28:20.000000Z,3.06168,3.06031
2015-07-29T09:28:30.000000Z,3.06198,3.06053
2015-07-29T09:28:40.000000Z,3.06197,3.06071
2015-07-29T09:28:50.000000Z,3.06203,3.06067
2015-07-29T09:29:00.000000Z,3.06171,3.06044
2015-07-29T09:29:10.000000Z,3.06165,3.06031
2015-07-29T09:29:20.000000Z,3.06178,3.06034
2015-07-29T09:29:30.000000Z,3.06227,3.06082
2015-07-29T09:29:40.000000Z,3.06214,3.06073
2015-07-29T09:29:50.000000Z,3.06219,3.06083
2015-07-29T09:30:00.000000Z,3.06219,3.06078
2015-07-29T09:30:10.000000Z,3.06206,3.06069
2015-07-29T09:30:20.000000Z,3.06212,3.06082
2015-07-29T09:30:30.000000Z,3.06202,3.06083
2015-07-29T09:30:40.000000Z,3.06185,3.06068
2015-07-29T09:30:50.000000Z,3.0623,3.06093
2015-07-29T09:31:00.000000Z,3.06207,3.06091
2015-07-29T09:31:10.000000Z,3.06187,3.06061
2015-07-29T09:31:20.000000Z,3.06209,3.06072
2015-07-29T09:31:30.000000Z,3.06194,3.06073
2015-07-29T09:31:40.000000Z,3.06246,3.0612
2015-07-29T09:32:00.000000Z,3.06245,3.06107
2015-07-29T09:32:10.000000Z,3.06237,3.06104
2015-07-29T09:32:20.000000Z,3.06251,3.0612
2015-07-29T09:32:30.000000Z,3.06245,3.06117
2015-07-29T09:32:40.000000Z,3.06248,3.06114
2015-07-29T09:32:50.000000Z,3.06244,3.06114
2015-07-29T09:33:00.000000Z,3.062,3.06066
2015-07-29T09:33:10.000000Z,3.062,3.06037
2015-07-29T09:33:20.000000Z,3.0618,3.06005
2015-07-29T09:33:30.000000Z,3.06181,3.06009
2015-07-29T09:33:40.000000Z,3.06198,3.06018
2015-07-29T09:33:50.000000Z,3.06181,3.06008
2015-07-29T09:34:00.000000Z,3.06153,3.05986
2015-07-29T09:34:10.000000Z,3.0616,3.05981
2015-07-29T09:34:20.000000Z,3.06168,3.06001
2015-07-29T09:34:30.000000Z,3.06183,3.06002
2015-07-29T09:34:40.000000Z,3.06155,3.06054
2015-07-29T09:35:00.000000Z,3.062,3.06083
2015-07-29T09:35:10.000000Z,3.06212,3.06099
2015-07-29T09:35:20.000000Z,3.0625,3.06117
2015-07-29T09:35:30.000000Z,3.0625,3.06124
2015-07-29T09:35:40.000000Z,3.06277,3.06145
2015-07-29T09:35:50.000000Z,3.06277,3.06164
2015-07-29T09:36:00.000000Z,3.06252,3.06138
2015-07-29T09:36:10.000000Z,3.06249,3.06141
2015-07-29T09:36:20.000000Z,3.06268,3.0615
2015-07-29T09:36:30.000000Z,3.06267,3.06164
2015-07-29T09:36:40.000000Z,3.06257,3.06135
2015-07-29T09:36:50.000000Z,3.06252,3.06132
2015-07-29T09:37:00.000000Z,3.06239,3.06134
2015-07-29T09:37:10.000000Z,3.06235,3.06126
2015-07-29T09:37:20.000000Z,3.06263,3.06155
2015-07-29T09:37:30.000000Z,3.06277,3.0616
2015-07-29T09:37:40.000000Z,3.06284,3.06121
2015-07-29T09:37:50.000000Z,3.06273,3.0611
2015-07-29T09:38:00.000000Z,3.06273,3.06106
2015-07-29T09:38:10.000000Z,3.06288,3.06131
2015-07-29T09:38:20.000000Z,3.06291,3.06134
2015-07-29T09:38:30.000000Z,3.06294,3.06142
2015-07-29T09:38:40.000000Z,3.06318,3.06165
2015-07-29T09:38:50.000000Z,3.06304,3.06167
2015-07-29T09:39:00.000000Z,3.06292,3.06136
2015-07-29T09:39:10.000000Z,3.06303,3.06146
2015-07-29T09:39:20.000000Z,3.06246,3.0608
2015-07-29T09:39:30.000000Z,3.0624,3.06078
2015-07-29T09:39:40.000000Z,3.06205,3.06051
2015-07-29T09:39:50.000000Z,3.06205,3.06046
2015-07-29T09:40:00.000000Z,3.06153,3.06061
2015-07-29T09:40:10.000000Z,3.06204,3.06054
2015-07-29T09:40:20.000000Z,3.06187,3.06074
2015-07-29T09:40:30.000000Z,3.06187,3.06076
2015-07-29T09:40:40.000000Z,3.06173,3.06083
2015-07-29T09:40:50.000000Z,3.06241,3.06091
2015-07-29T09:41:00.000000Z,3.06237,3.0609
2015-07-29T09:41:10.000000Z,3.0625,3.06094
2015-07-29T09:41:20.000000Z,3.06246,3.06096
2015-07-29T09:41:30.000000Z,3.06218,3.06055
2015-07-29T09:41:40.000000Z,3.06156,3.05986
2015-07-29T09:41:50.000000Z,3.06176,3.06006
2015-07-29T09:42:00.000000Z,3.06168,3.05994
2015-07-29T09:42:10.000000Z,3.06133,3.05957
2015-07-29T09:42:20.000000Z,3.06087,3.0598
2015-07-29T09:42:30.000000Z,3.06081,3.05962
2015-07-29T09:42:40.000000Z,3.06081,3.05969
2015-07-29T09:42:50.000000Z,3.06066,3.05966
2015-07-29T09:43:00.000000Z,3.06068,3.05971
2015-07-29T09:43:10.000000Z,3.06101,3.06028
2015-07-29T09:43:20.000000Z,3.06084,3.06003
2015-07-29T09:43:30.000000Z,3.06089,3.05992
2015-07-29T09:43:40.000000Z,3.06091,3.05978
2015-07-29T09:43:50.000000Z,3.06091,3.05972
2015-07-29T09:44:00.000000Z,3.06091,3.05968
2015-07-29T09:44:10.000000Z,3.06091,3.0597
2015-07-29T09:44:20.000000Z,3.06001,3.05887
2015-07-29T09:44:30.000000Z,3.06062,3.05893
2015-07-29T09:44:40.000000Z,3.0601,3.05839
2015-07-29T09:44:50.000000Z,3.06,3.05864
2015-07-29T09:45:00.000000Z,3.0599,3.05874
2015-07-29T09:45:10.000000Z,3.06007,3.05875
2015-07-29T09:45:20.000000Z,3.06003,3.05835
2015-07-29T09:45:30.000000Z,3.05992,3.05817
2015-07-29T09:45:40.000000Z,3.05992,3.05829
2015-07-29T09:45:50.000000Z,3.05991,3.05839
2015-07-29T09:46:00.000000Z,3.05991,3.0584
2015-07-29T09:46:10.000000Z,3.06073,3.0589
2015-07-29T09:46:20.000000Z,3.06062,3.05934
2015-07-29T09:46:30.000000Z,3.0606,3.05902
2015-07-29T09:46:40.000000Z,3.06051,3.05895
2015-07-29T09:46:50.000000Z,3.06003,3.0587
2015-07-29T09:47:00.000000Z,3.06015,3.05888
2015-07-29T09:47:10.000000Z,3.0603,3.05884
2015-07-29T09:47:20.000000Z,3.06005,3.05873
2015-07-29T09:47:30.000000Z,3.06003,3.05882
2015-07-29T09:47:40.000000Z,3.06032,3.05897
2015-07-29T09:47:50.000000Z,3.05971,3.05863
2015-07-29T09:48:00.000000Z,3.05999,3.05846
2015-07-29T09:48:10.000000Z,3.06,3.05861
2015-07-29T09:48:20.000000Z,3.05997,3.05846
2015-07-29T09:48:30.000000Z,3.06005,3.05848
2015-07-29T09:48:40.000000Z,3.06032,3.05888
2015-07-29T09:48:50.000000Z,3.06043,3.05886
2015-07-29T09:49:00.000000Z,3.06043,3.05896
2015-07-29T09:49:10.000000Z,3.06046,3.05895
2015-07-29T09:49:20.000000Z,3.06071,3.05923
2015-07-29T09:49:40.000000Z,3.06077,3.05927
2015-07-29T09:49:50.000000Z,3.06077,3.0593
2015-07-29T09:50:00.000000Z,3.06088,3.05945
2015-07-29T09:50:10.000000Z,3.06061,3.05905
2015-07-29T09:50:20.000000Z,3.06022,3.05861
2015-07-29T09:50:30.000000Z,3.05989,3.05851
2015-07-29T09:50:40.000000Z,3.05913,3.05816
2015-07-29T09:50:50.000000Z,3.05948,3.05824
2015-07-29T09:51:00.000000Z,3.05927,3.05812
2015-07-29T09:51:10.000000Z,3.05921,3.05796
2015-07-29T09:51:20.000000Z,3.05907,3.05775
2015-07-29T09:51:30.000000Z,3.05907,3.05768
2015-07-29T09:51:40.000000Z,3.05891,3.05747
2015-07-29T09:51:50.000000Z,3.05891,3.05726
2015-07-29T09:52:00.000000Z,3.05891,3.05733
2015-07-29T09:52:10.000000Z,3.05834,3.0573
2015-07-29T09:52:20.000000Z,3.05877,3.05745
2015-07-29T09:52:30.000000Z,3.0585,3.05728
2015-07-29T09:52:40.000000Z,3.05858,3.05735
2015-07-29T09:52:50.000000Z,3.0585,3.05729
2015-07-29T09:53:00.000000Z,3.0585,3.05723
2015-07-29T09:53:10.000000Z,3.05848,3.05737
2015-07-29T09:53:20.000000Z,3.05867,3.05741
2015-07-29T09:53:30.000000Z,3.05819,3.05637
2015-07-29T09:53:40.000000Z,3.05757,3.05623
2015-07-29T09:53:50.000000Z,3.05788,3.0567
2015-07-29T09:54:00.000000Z,3.05813,3.057
2015-07-29T09:54:10.000000Z,3.05815,3.05692
2015-07-29T09:54:20.000000Z,3.05828,3.05689
2015-07-29T09:54:30.000000Z,3.05823,3.05684
2015-07-29T09:54:40.000000Z,3.05839,3.05674
2015-07-29T09:54:50.000000Z,3.0584,3.05691
2015-07-29T09:55:00.000000Z,3.05836,3.05679
2015-07-29T09:55:10.000000Z,3.05853,3.05718
2015-07-29T09:55:20.000000Z,3.0586,3.05735
2015-07-29T09:55:30.000000Z,3.05841,3.05707
2015-07-29T09:55:40.000000Z,3.0583,3.05715
2015-07-29T09:55:50.000000Z,3.05823,3.05707
2015-07-29T09:56:00.000000Z,3.05819,3.05697
2015-07-29T09:56:10.000000Z,3.05867,3.0573
2015-07-29T09:56:20.000000Z,3.05871,3.05737
2015-07-29T09:56:30.000000Z,3.05883,3.05756
2015-07-29T09:56:40.000000Z,3.05886,3.05756
2015-07-29T09:56:50.000000Z,3.05887,3.05756
2015-07-29T09:57:10.000000Z,3.05888,3.05754
2015-07-29T09:57:20.000000Z,3.05954,3.05796
2015-07-29T09:57:30.000000Z,3.05955,3.05814
2015-07-29T09:57:40.000000Z,3.05958,3.05812
2015-07-29T09:57:50.000000Z,3.05971,3.05824
2015-07-29T09:58:00.000000Z,3.05983,3.05826
2015-07-29T09:58:10.000000Z,3.06007,3.05852
2015-07-29T09:58:20.000000Z,3.05998,3.05845
2015-07-29T09:58:30.000000Z,3.06006,3.05846
2015-07-29T09:58:40.000000Z,3.06006,3.05845
2015-07-29T09:58:50.000000Z,3.06005,3.05847
2015-07-29T09:59:00.000000Z,3.06005,3.05851
2015-07-29T09:59:10.000000Z,3.06006,3.05853
2015-07-29T09:59:20.000000Z,3.06006,3.05847
2015-07-29T09:59:30.000000Z,3.06004,3.05843
2015-07-29T09:59:40.000000Z,3.06015,3.05867
2015-07-29T09:59:50.000000Z,3.06073,3.05931
2015-07-29T10:00:00.000000Z,3.06041,3.05893
2015-07-29T10:00:10.000000Z,3.06049,3.05906
2015-07-29T10:00:20.000000Z,3.06043,3.05919
2015-07-29T10:00:30.000000Z,3.0606,3.05925
2015-07-29T10:00:40.000000Z,3.0598,3.05826
2015-07-29T10:00:50.000000Z,3.05969,3.0583
2015-07-29T10:01:00.000000Z,3.05988,3.05858
2015-07-29T10:01:10.000000Z,3.05985,3.05877
2015-07-29T10:01:20.000000Z,3.0599,3.05849
2015-07-29T10:01:30.000000Z,3.06039,3.05903
2015-07-29T10:01:40.000000Z,3.05979,3.05847
2015-07-29T10:01:50.000000Z,3.05938,3.058
2015-07-29T10:02:00.000000Z,3.05937,3.05805
2015-07-29T10:02:10.000000Z,3.05958,3.05793
2015-07-29T10:02:20.000000Z,3.05937,3.0579
2015-07-29T10:02:30.000000Z,3.05955,3.058
2015-07-29T10:02:40.000000Z,3.05882,3.05753
2015-07-29T10:02:50.000000Z,3.05868,3.05739
2015-07-29T10:03:00.000000Z,3.05889,3.05753
2015-07-29T10:03:10.000000Z,3.05925,3.05765
2015-07-29T10:03:20.000000Z,3.05925,3.05766
2015-07-29T10:03:30.000000Z,3.05948,3.05794
2015-07-29T10:03:40.000000Z,3.05948,3.05795
2015-07-29T10:03:50.000000Z,3.05949,3.05807
2015-07-29T10:04:00.000000Z,3.05962,3.05811
2015-07-29T10:04:10.000000Z,3.05963,3.05805
2015-07-29T10:04:20.000000Z,3.05964,3.05805
2015-07-29T10:04:30.000000Z,3.05962,3.05806
2015-07-29T10:04:40.000000Z,3.05948,3.05796
2015-07-29T10:04:50.000000Z,3.05925,3.05766
2015-07-29T10:05:00.000000Z,3.05919,3.05747
2015-07-29T10:05:10.000000Z,3.05869,3.05712
2015-07-29T10:05:20.000000Z,3.05924,3.05758
2015-07-29T10:05:30.000000Z,3.05924,3.05752
2015-07-29T10:05:40.000000Z,3.05932,3.05778
2015-07-29T10:05:50.000000Z,3.05935,3.05792
2015-07-29T10:06:00.000000Z,3.05974,3.05813
2015-07-29T10:06:10.000000Z,3.05941,3.05785
2015-07-29T10:06:20.000000Z,3.05964,3.05797
2015-07-29T10:06:30.000000Z,3.05947,3.05789
2015-07-29T10:06:40.000000Z,3.05932,3.05761
2015-07-29T10:06:50.000000Z,3.0592,3.0576
2015-07-29T10:07:00.000000Z,3.05914,3.05747
2015-07-29T10:07:10.000000Z,3.05898,3.05745
2015-07-29T10:07:20.000000Z,3.05869,3.05743
2015-07-29T10:07:30.000000Z,3.05893,3.05723
2015-07-29T10:07:40.000000Z,3.05968,3.05809
2015-07-29T10:07:50.000000Z,3.05946,3.05798
2015-07-29T10:08:00.000000Z,3.05962,3.05816
2015-07-29T10:08:10.000000Z,3.0596,3.058
2015-07-29T10:08:20.000000Z,3.05959,3.058
2015-07-29T10:08:30.000000Z,3.05953,3.05804
2015-07-29T10:08:40.000000Z,3.05952,3.05804
2015-07-29T10:08:50.000000Z,3.05985,3.0582
2015-07-29T10:09:00.000000Z,3.05981,3.05835
2015-07-29T10:09:10.000000Z,3.05988,3.05833
2015-07-29T10:09:20.000000Z,3.06003,3.05855
2015-07-29T10:09:30.000000Z,3.05993,3.05838
2015-07-29T10:09:40.000000Z,3.06006,3.0586
2015-07-29T10:09:50.000000Z,3.06004,3.05858
2015-07-29T10:10:00.000000Z,3.06016,3.05864
2015-07-29T10:10:10.000000Z,3.06012,3.05867
2015-07-29T10:10:20.000000Z,3.06025,3.0587
2015-07-29T10:10:30.000000Z,3.06025,3.05868
2015-07-29T10:10:40.000000Z,3.06026,3.05882
2015-07-29T10:10:50.000000Z,3.06015,3.05869
2015-07-29T10:11:00.000000Z,3.06047,3.05902
2015-07-29T10:11:10.000000Z,3.06044,3.05902
2015-07-29T10:11:20.000000Z,3.06042,3.05895
2015-07-29T10:11:30.000000Z,3.06028,3.05888
2015-07-29T10:11:40.000000Z,3.06039,3.05887
2015-07-29T10:11:50.000000Z,3.06022,3.05867
2015-07-29T10:12:00.000000Z,3.06094,3.05953
2015-07-29T10:12:10.000000Z,3.06116,3.05962
2015-07-29T10:12:20.000000Z,3.06104,3.05948
2015-07-29T10:12:30.000000Z,3.06091,3.05947
2015-07-29T10:12:40.000000Z,3.06055,3.05887
2015-07-29T10:12:50.000000Z,3.06103,3.05925
2015-07-29T10:13:00.000000Z,3.06089,3.05916
2015-07-29T10:13:10.000000Z,3.06124,3.05946
2015-07-29T10:13:20.000000Z,3.06124,3.0595
2015-07-29T10:13:30.000000Z,3.06124,3.05955
2015-07-29T10:13:40.000000Z,3.0612,3.05952
2015-07-29T10:13:50.000000Z,3.06123,3.0598
2015-07-29T10:14:00.000000Z,3.06116,3.05959
2015-07-29T10:14:10.000000Z,3.06116,3.05952
2015-07-29T10:14:20.000000Z,3.06162,3.05976
2015-07-29T10:14:30.000000Z,3.06153,3.05985
2015-07-29T10:14:40.000000Z,3.06153,3.0599
2015-07-29T10:14:50.000000Z,3.06111,3.05993
2015-07-29T10:15:10.000000Z,3.06088,3.05949
2015-07-29T10:15:20.000000Z,3.06054,3.05912
2015-07-29T10:15:30.000000Z,3.06044,3.05909
2015-07-29T10:15:40.000000Z,3.06082,3.05926
2015-07-29T10:15:50.000000Z,3.06093,3.05926
2015-07-29T10:16:00.000000Z,3.06115,3.05951
2015-07-29T10:16:10.000000Z,3.06114,3.05968
2015-07-29T10:16:20.000000Z,3.06138,3.05996
2015-07-29T10:16:30.000000Z,3.06132,3.05985
2015-07-29T10:16:40.000000Z,3.06136,3.06013
2015-07-29T10:16:50.000000Z,3.06136,3.0601
2015-07-29T10:17:00.000000Z,3.06143,3.05999
2015-07-29T10:17:10.000000Z,3.06151,3.06003
2015-07-29T10:17:20.000000Z,3.06158,3.06026
2015-07-29T10:17:30.000000Z,3.06168,3.06027
2015-07-29T10:17:40.000000Z,3.06158,3.06016
2015-07-29T10:17:50.000000Z,3.06159,3.06019
2015-07-29T10:18:00.000000Z,3.06152,3.06004
2015-07-29T10:18:10.000000Z,3.06132,3.05982
2015-07-29T10:18:20.000000Z,3.0612,3.05984
2015-07-29T10:18:30.000000Z,3.06127,3.05987
2015-07-29T10:18:50.000000Z,3.06126,3.05981
2015-07-29T10:19:00.000000Z,3.06127,3.05985
2015-07-29T10:19:10.000000Z,3.06175,3.06025
2015-07-29T10:19:20.000000Z,3.06214,3.0606
2015-07-29T10:19:30.000000Z,3.06259,3.06102
2015-07-29T10:19:40.000000Z,3.06276,3.06129
2015-07-29T10:19:50.000000Z,3.06276,3.06129
2015-07-29T10:20:00.000000Z,3.06275,3.06134
2015-07-29T10:20:10.000000Z,3.06285,3.06124
2015-07-29T10:20:20.000000Z,3.06316,3.06169
2015-07-29T10:20:30.000000Z,3.06347,3.06187
2015-07-29T10:20:40.000000Z,3.06325,3.06179
2015-07-29T10:20:50.000000Z,3.06347,3.06203
2015-07-29T10:21:00.000000Z,3.06329,3.06186
2015-07-29T10:21:10.000000Z,3.06359,3.06212
2015-07-29T10:21:20.000000Z,3.06387,3.06239
2015-07-29T10:21:30.000000Z,3.06387,3.06238
2015-07-29T10:21:40.000000Z,3.06388,3.06231
2015-07-29T10:22:00.000000Z,3.06392,3.06241
2015-07-29T10:22:10.000000Z,3.064,3.06252
2015-07-29T10:22:20.000000Z,3.06392,3.06249
2015-07-29T10:22:30.000000Z,3.06393,3.06249
2015-07-29T10:22:40.000000Z,3.06406,3.06264
2015-07-29T10:22:50.000000Z,3.06408,3.06264
2015-07-29T10:23:00.000000Z,3.06406,3.06249
2015-07-29T10:23:10.000000Z,3.06404,3.06263
2015-07-29T10:23:20.000000Z,3.06308,3.06151
2015-07-29T10:23:30.000000Z,3.0623,3.06075
2015-07-29T10:23:40.000000Z,3.06215,3.06062
2015-07-29T10:23:50.000000Z,3.06243,3.06095
2015-07-29T10:24:00.000000Z,3.062,3.06092
2015-07-29T10:24:10.000000Z,3.06211,3.06063
2015-07-29T10:24:20.000000Z,3.06231,3.06107
2015-07-29T10:24:30.000000Z,3.06214,3.06072
2015-07-29T10:24:40.000000Z,3.06237,3.06106
2015-07-29T10:24:50.000000Z,3.0623,3.06109
2015-07-29T10:25:00.000000Z,3.06241,3.06124
2015-07-29T10:25:10.000000Z,3.06196,3.06068
2015-07-29T10:25:20.000000Z,3.06222,3.0607
2015-07-29T10:25:30.000000Z,3.06199,3.06064
2015-07-29T10:25:40.000000Z,3.06181,3.06049
2015-07-29T10:25:50.000000Z,3.06125,3.05981
2015-07-29T10:26:00.000000Z,3.06118,3.05983
2015-07-29T10:26:10.000000Z,3.06085,3.05966
2015-07-29T10:26:20.000000Z,3.06102,3.05985
2015-07-29T10:26:30.000000Z,3.06107,3.05986
2015-07-29T10:26:40.000000Z,3.06114,3.05983
2015-07-29T10:26:50.000000Z,3.06114,3.05992
2015-07-29T10:27:00.000000Z,3.06116,3.05987
2015-07-29T10:27:20.000000Z,3.06126,3.05985
2015-07-29T10:27:30.000000Z,3.06117,3.05998
2015-07-29T10:27:40.000000Z,3.06114,3.05984
2015-07-29T10:27:50.000000Z,3.06116,3.05997
2015-07-29T10:28:00.000000Z,3.06148,3.06025
2015-07-29T10:28:10.000000Z,3.06139,3.0602
2015-07-29T10:28:20.000000Z,3.06145,3.0603
2015-07-29T10:28:30.000000Z,3.06143,3.06016
2015-07-29T10:28:40.000000Z,3.06143,3.06013
2015-07-29T10:28:50.000000Z,3.06131,3.06011
2015-07-29T10:29:00.000000Z,3.0614,3.05992
2015-07-29T10:29:10.000000Z,3.06147,3.05993
2015-07-29T10:29:20.000000Z,3.0614,3.05984
2015-07-29T10:29:30.000000Z,3.06137,3.05984
2015-07-29T10:29:40.000000Z,3.0609,3.05971
2015-07-29T10:29:50.000000Z,3.06106,3.05986
2015-07-29T10:30:00.000000Z,3.06103,3.05989
2015-07-29T10:30:10.000000Z,3.06105,3.05981
2015-07-29T10:30:20.000000Z,3.06046,3.05893
2015-07-29T10:30:30.000000Z,3.06041,3.05894
2015-07-29T10:30:40.000000Z,3.06037,3.05874
2015-07-29T10:30:50.000000Z,3.06057,3.05882
2015-07-29T10:31:00.000000Z,3.06005,3.05846
2015-07-29T10:31:10.000000Z,3.05984,3.05798
2015-07-29T10:31:20.000000Z,3.05978,3.05817
2015-07-29T10:31:30.000000Z,3.05982,3.05817
2015-07-29T10:31:40.000000Z,3.0598,3.05825
2015-07-29T10:31:50.000000Z,3.05973,3.0581
2015-07-29T10:32:00.000000Z,3.06014,3.05886
2015-07-29T10:32:10.000000Z,3.06039,3.05914
2015-07-29T10:32:20.000000Z,3.06034,3.05925
2015-07-29T10:32:30.000000Z,3.06086,3.05945
2015-07-29T10:32:40.000000Z,3.06037,3.05933
2015-07-29T10:32:50.000000Z,3.06053,3.05939
2015-07-29T10:33:00.000000Z,3.06243,3.06058
2015-07-29T10:33:10.000000Z,3.06238,3.06087
2015-07-29T10:33:20.000000Z,3.06227,3.06083
2015-07-29T10:33:30.000000Z,3.06258,3.06082
2015-07-29T10:33:40.000000Z,3.06241,3.06074
2015-07-29T10:33:50.000000Z,3.06244,3.06076
2015-07-29T10:34:00.000000Z,3.06276,3.06068
2015-07-29T10:34:10.000000Z,3.06267,3.06069
2015-07-29T10:34:20.000000Z,3.06282,3.0612
2015-07-29T10:34:30.000000Z,3.06282,3.06117
2015-07-29T10:34:40.000000Z,3.06275,3.06121
2015-07-29T10:34:50.000000Z,3.06259,3.06091
2015-07-29T10:35:00.000000Z,3.06243,3.06088
2015-07-29T10:35:10.000000Z,3.06243,3.06093
2015-07-29T10:35:20.000000Z,3.06259,3.06094
2015-07-29T10:35:30.000000Z,3.06274,3.06113
2015-07-29T10:35:40.000000Z,3.06274,3.06103
2015-07-29T10:35:50.000000Z,3.06249,3.06104
2015-07-29T10:36:00.000000Z,3.06261,3.06119
2015-07-29T10:36:10.000000Z,3.06267,3.06119
2015-07-29T10:36:20.000000Z,3.06261,3.06117
2015-07-29T10:36:30.000000Z,3.06284,3.06128
2015-07-29T10:36:40.000000Z,3.06275,3.06128
2015-07-29T10:36:50.000000Z,3.06291,3.06127
2015-07-29T10:37:00.000000Z,3.06276,3.06112
2015-07-29T10:37:10.000000Z,3.06196,3.06089
2015-07-29T10:37:20.000000Z,3.06131,3.0602
2015-07-29T10:37:30.000000Z,3.06131,3.06022
2015-07-29T10:37:40.000000Z,3.06129,3.05946
2015-07-29T10:37:50.000000Z,3.06125,3.05939
2015-07-29T10:38:00.000000Z,3.06125,3.05958
2015-07-29T10:38:10.000000Z,3.06108,3.05933
2015-07-29T10:38:20.000000Z,3.06122,3.05961
2015-07-29T10:38:30.000000Z,3.06081,3.05927
2015-07-29T10:38:40.000000Z,3.06081,3.05929
2015-07-29T10:38:50.000000Z,3.06081,3.05929
2015-07-29T10:39:00.000000Z,3.06047,3.05894
2015-07-29T10:39:10.000000Z,3.06047,3.05891
2015-07-29T10:39:20.000000Z,3.06099,3.05954
2015-07-29T10:39:30.000000Z,3.06079,3.05955
2015-07-29T10:39:40.000000Z,3.06087,3.05953
2015-07-29T10:39:50.000000Z,3.06099,3.05922
2015-07-29T10:40:00.000000Z,3.06088,3.05934
2015-07-29T10:40:10.000000Z,3.06076,3.05919
2015-07-29T10:40:20.000000Z,3.06086,3.05909
2015-07-29T10:40:30.000000Z,3.06089,3.05927
2015-07-29T10:40:40.000000Z,3.06078,3.05927
2015-07-29T10:41:00.000000Z,3.06069,3.05933
2015-07-29T10:41:10.000000Z,3.06079,3.05931
2015-07-29T10:41:20.000000Z,3.06079,3.05934
2015-07-29T10:41:30.000000Z,3.06082,3.0593
2015-07-29T10:41:40.000000Z,3.06077,3.05938
2015-07-29T10:41:50.000000Z,3.06086,3.05943
2015-07-29T10:42:00.000000Z,3.06019,3.05894
2015-07-29T10:42:10.000000Z,3.06025,3.05842
2015-07-29T10:42:20.000000Z,3.06025,3.05843
2015-07-29T10:42:30.000000Z,3.06005,3.05832
2015-07-29T10:42:40.000000Z,3.06005,3.05844
2015-07-29T10:42:50.000000Z,3.06017,3.05844
2015-07-29T10:43:00.000000Z,3.05974,3.05809
2015-07-29T10:43:10.000000Z,3.05974,3.05822
2015-07-29T10:43:20.000000Z,3.05943,3.058
2015-07-29T10:43:30.000000Z,3.05944,3.058
2015-07-29T10:43:40.000000Z,3.05953,3.05804
2015-07-29T10:43:50.000000Z,3.05915,3.05769
2015-07-29T10:44:00.000000Z,3.05909,3.05766
2015-07-29T10:44:10.000000Z,3.05894,3.05746
2015-07-29T10:44:20.000000Z,3.05907,3.05758
2015-07-29T10:44:30.000000Z,3.05947,3.05805
2015-07-29T10:44:40.000000Z,3.05943,3.0581
2015-07-29T10:44:50.000000Z,3.05974,3.05785
2015-07-29T10:45:00.000000Z,3.05974,3.05815
2015-07-29T10:45:10.000000Z,3.05996,3.0585
2015-07-29T10:45:20.000000Z,3.05996,3.0585
2015-07-29T10:45:30.000000Z,3.06006,3.05858
2015-07-29T10:45:40.000000Z,3.06006,3.0586
2015-07-29T10:46:00.000000Z,3.06013,3.05871
2015-07-29T10:46:10.000000Z,3.06013,3.05868
2015-07-29T10:46:20.000000Z,3.0601,3.0587
2015-07-29T10:46:30.000000Z,3.05983,3.0584
2015-07-29T10:46:40.000000Z,3.05977,3.05829
2015-07-29T10:46:50.000000Z,3.05984,3.05864
2015-07-29T10:47:00.000000Z,3.05977,3.05868
2015-07-29T10:47:10.000000Z,3.05971,3.05846
2015-07-29T10:47:20.000000Z,3.05956,3.05834
2015-07-29T10:47:30.000000Z,3.05962,3.05834
2015-07-29T10:47:40.000000Z,3.05961,3.05836
2015-07-29T10:47:50.000000Z,3.05958,3.05832
2015-07-29T10:48:00.000000Z,3.06012,3.05866
2015-07-29T10:48:10.000000Z,3.06027,3.05867
2015-07-29T10:48:20.000000Z,3.06048,3.0589
2015-07-29T10:48:30.000000Z,3.06018,3.05868
