time,closeAsk,closeBid
2015-07-22T07:05:20.000000Z,46.015,45.988
2015-07-22T07:05:25.000000Z,46.016,45.99
2015-07-22T07:05:30.000000Z,46.017,45.992
2015-07-22T07:05:35.000000Z,46.014,45.986
2015-07-22T07:05:40.000000Z,46.015,45.986
2015-07-22T07:05:45.000000Z,46.015,45.986
2015-07-22T07:05:50.000000Z,46.016,45.985
2015-07-22T07:05:55.000000Z,46.016,45.986
2015-07-22T07:06:00.000000Z,46.014,45.985
2015-07-22T07:06:05.000000Z,46.015,45.988
2015-07-22T07:06:10.000000Z,46.022,45.994
2015-07-22T07:06:15.000000Z,46.022,45.993
2015-07-22T07:06:20.000000Z,46.018,45.99
2015-07-22T07:06:25.000000Z,46.019,45.994
2015-07-22T07:06:35.000000Z,46.023,45.997
2015-07-22T07:06:40.000000Z,46.021,45.994
2015-07-22T07:06:45.000000Z,46.024,45.997
2015-07-22T07:06:50.000000Z,46.022,45.991
2015-07-22T07:06:55.000000Z,46.014,45.985
2015-07-22T07:07:00.000000Z,46.015,45.986
2015-07-22T07:07:05.000000Z,46.012,45.982
2015-07-22T07:07:10.000000Z,46.014,45.983
2015-07-22T07:07:15.000000Z,46.007,45.979
2015-07-22T07:07:20.000000Z,46.006,45.981
2015-07-22T07:07:25.000000Z,46.006,45.981
2015-07-22T07:07:30.000000Z,46.003,45.981
2015-07-22T07:07:35.000000Z,46.002,45.975
2015-07-22T07:07:40.000000Z,45.998,45.976
2015-07-22T07:07:45.000000Z,46.011,45.984
2015-07-22T07:07:50.000000Z,45.999,45.955
2015-07-22T07:07:55.000000Z,45.993,45.965
2015-07-22T07:08:00.000000Z,45.987,45.958
2015-07-22T07:08:05.000000Z,45.999,45.971
2015-07-22T07:08:10.000000Z,46.004,45.959
2015-07-22T07:08:15.000000Z,45.992,45.962
2015-07-22T07:08:20.000000Z,45.996,45.962
2015-07-22T07:08:25.000000Z,45.983,45.948
2015-07-22T07:08:30.000000Z,45.983,45.945
2015-07-22T07:08:35.000000Z,45.986,45.948
2015-07-22T07:08:40.000000Z,45.983,45.95
2015-07-22T07:08:45.000000Z,45.986,45.952
2015-07-22T07:08:50.000000Z,45.986,45.952
2015-07-22T07:08:55.000000Z,45.985,45.952
2015-07-22T07:09:00.000000Z,45.986,45.953
2015-07-22T07:09:05.000000Z,45.985,45.954
2015-07-22T07:09:10.000000Z,45.984,45.951
2015-07-22T07:09:15.000000Z,45.982,45.95
2015-07-22T07:09:20.000000Z,45.984,45.944
2015-07-22T07:09:25.000000Z,45.984,45.956
2015-07-22T07:09:30.000000Z,45.993,45.956
2015-07-22T07:09:35.000000Z,45.994,45.967
2015-07-22T07:09:40.000000Z,45.991,45.962
2015-07-22T07:09:45.000000Z,45.988,45.961
2015-07-22T07:09:50.000000Z,45.984,45.954
2015-07-22T07:09:55.000000Z,45.995,45.967
2015-07-22T07:10:05.000000Z,45.996,45.957
2015-07-22T07:10:10.000000Z,45.991,45.962
2015-07-22T07:10:20.000000Z,45.99,45.959
2015-07-22T07:10:25.000000Z,45.99,45.961
2015-07-22T07:10:30.000000Z,45.992,45.961
2015-07-22T07:10:35.000000Z,45.994,45.96
2015-07-22T07:10:40.000000Z,45.994,45.959
2015-07-22T07:10:45.000000Z,45.998,45.964
2015-07-22T07:10:50.000000Z,45.996,45.963
2015-07-22T07:11:05.000000Z,45.996,45.972
2015-07-22T07:11:10.000000Z,45.995,45.962
2015-07-22T07:11:20.000000Z,45.993,45.961
2015-07-22T07:11:30.000000Z,45.989,45.96
2015-07-22T07:11:35.000000Z,45.991,45.966
2015-07-22T07:11:40.000000Z,45.99,45.966
2015-07-22T07:11:45.000000Z,45.995,45.97
2015-07-22T07:11:50.000000Z,45.995,45.97
2015-07-22T07:11:55.000000Z,45.996,45.969
2015-07-22T07:12:00.000000Z,45.996,45.969
2015-07-22T07:12:05.000000Z,45.994,45.97
2015-07-22T07:12:10.000000Z,45.999,45.971
2015-07-22T07:12:20.000000Z,46.001,45.972
2015-07-22T07:12:25.000000Z,46.0,45.974
2015-07-22T07:12:30.000000Z,46.002,45.975
2015-07-22T07:12:35.000000Z,46.005,45.981
2015-07-22T07:12:40.000000Z,46.003,45.98
2015-07-22T07:12:45.000000Z,46.004,45.982
2015-07-22T07:12:50.000000Z,46.003,45.981
2015-07-22T07:12:55.000000Z,46.002,45.98
2015-07-22T07:13:00.000000Z,46.005,45.976
2015-07-22T07:13:05.000000Z,46.01,45.981
2015-07-22T07:13:15.000000Z,46.014,45.986
2015-07-22T07:13:20.000000Z,46.014,45.985
2015-07-22T07:13:25.000000Z,46.019,45.991
2015-07-22T07:13:30.000000Z,46.02,45.99
2015-07-22T07:13:35.000000Z,46.018,45.988
2015-07-22T07:13:40.000000Z,46.018,45.987
2015-07-22T07:13:45.000000Z,46.015,45.986
2015-07-22T07:13:50.000000Z,46.015,45.988
2015-07-22T07:13:55.000000Z,46.014,45.99
2015-07-22T07:14:00.000000Z,46.017,45.987
2015-07-22T07:14:05.000000Z,46.02,45.991
2015-07-22T07:14:15.000000Z,46.021,45.999
2015-07-22T07:14:20.000000Z,46.021,45.999
2015-07-22T07:14:30.000000Z,46.02,45.998
2015-07-22T07:14:40.000000Z,46.022,46.0
2015-07-22T07:14:45.000000Z,46.022,45.999
2015-07-22T07:14:50.000000Z,46.023,46.002
2015-07-22T07:14:55.000000Z,46.026,45.994
2015-07-22T07:15:00.000000Z,46.022,45.999
2015-07-22T07:15:10.000000Z,46.017,45.993
2015-07-22T07:15:20.000000Z,46.017,45.991
2015-07-22T07:15:30.000000Z,46.022,45.994
2015-07-22T07:15:35.000000Z,46.019,45.998
2015-07-22T07:15:40.000000Z,46.019,45.998
2015-07-22T07:15:45.000000Z,46.021,45.998
2015-07-22T07:15:50.000000Z,46.02,45.994
2015-07-22T07:15:55.000000Z,46.02,45.997
2015-07-22T07:16:00.000000Z,46.017,45.996
2015-07-22T07:16:05.000000Z,46.02,45.997
2015-07-22T07:16:10.000000Z,46.02,45.998
2015-07-22T07:16:15.000000Z,46.021,45.992
2015-07-22T07:16:20.000000Z,46.018,45.988
2015-07-22T07:16:25.000000Z,46.022,45.991
2015-07-22T07:16:30.000000Z,46.022,45.993
2015-07-22T07:16:35.000000Z,46.016,45.992
2015-07-22T07:16:40.000000Z,46.015,45.989
2015-07-22T07:16:45.000000Z,46.017,45.989
2015-07-22T07:16:50.000000Z,46.019,45.993
2015-07-22T07:16:55.000000Z,46.021,45.992
2015-07-22T07:17:00.000000Z,46.028,45.997
2015-07-22T07:17:05.000000Z,46.028,45.995
2015-07-22T07:17:10.000000Z,46.025,45.999
2015-07-22T07:17:15.000000Z,46.026,46.0
2015-07-22T07:17:20.000000Z,46.028,46.001
2015-07-22T07:17:25.000000Z,46.024,45.999
2015-07-22T07:17:30.000000Z,46.03,45.999
2015-07-22T07:17:35.000000Z,46.028,45.997
2015-07-22T07:17:40.000000Z,46.036,46.006
2015-07-22T07:17:45.000000Z,46.033,46.002
2015-07-22T07:17:50.000000Z,46.035,46.006
2015-07-22T07:17:55.000000Z,46.032,46.003
2015-07-22T07:18:05.000000Z,46.03,46.003
2015-07-22T07:18:10.000000Z,46.032,46.002
2015-07-22T07:18:15.000000Z,46.031,46.0
2015-07-22T07:18:20.000000Z,46.033,46.003
2015-07-22T07:18:25.000000Z,46.034,46.002
2015-07-22T07:18:30.000000Z,46.032,46.0
2015-07-22T07:18:35.000000Z,46.033,46.002
2015-07-22T07:18:40.000000Z,46.031,46.001
2015-07-22T07:18:45.000000Z,46.035,46.001
2015-07-22T07:18:50.000000Z,46.035,46.007
2015-07-22T07:18:55.000000Z,46.034,46.004
2015-07-22T07:19:00.000000Z,46.035,46.006
2015-07-22T07:19:05.000000Z,46.032,46.003
2015-07-22T07:19:10.000000Z,46.03,46.0
2015-07-22T07:19:15.000000Z,46.027,45.996
2015-07-22T07:19:20.000000Z,46.028,45.999
2015-07-22T07:19:25.000000Z,46.023,45.992
2015-07-22T07:19:30.000000Z,46.022,45.994
2015-07-22T07:19:35.000000Z,46.017,45.986
2015-07-22T07:19:40.000000Z,46.015,45.985
2015-07-22T07:19:45.000000Z,46.014,45.981
2015-07-22T07:19:50.000000Z,46.021,45.992
2015-07-22T07:19:55.000000Z,46.02,45.998
2015-07-22T07:20:00.000000Z,46.021,45.996
2015-07-22T07:20:05.000000Z,46.007,45.98
2015-07-22T07:20:10.000000Z,46.009,45.975
2015-07-22T07:20:15.000000Z,46.009,45.978
2015-07-22T07:20:20.000000Z,46.011,45.98
2015-07-22T07:20:25.000000Z,46.013,45.979
2015-07-22T07:20:30.000000Z,46.014,45.982
2015-07-22T07:20:35.000000Z,46.013,45.985
2015-07-22T07:20:40.000000Z,46.014,45.986
2015-07-22T07:20:45.000000Z,46.014,45.983
2015-07-22T07:20:50.000000Z,46.014,45.984
2015-07-22T07:20:55.000000Z,46.019,45.989
2015-07-22T07:21:00.000000Z,46.019,45.991
2015-07-22T07:21:05.000000Z,46.013,45.982
2015-07-22T07:21:10.000000Z,46.018,45.991
2015-07-22T07:21:15.000000Z,46.015,45.99
2015-07-22T07:21:20.000000Z,46.02,45.991
2015-07-22T07:21:25.000000Z,46.02,45.992
2015-07-22T07:21:30.000000Z,46.014,45.983
2015-07-22T07:21:35.000000Z,46.008,45.983
2015-07-22T07:21:40.000000Z,46.008,45.983
2015-07-22T07:21:45.000000Z,46.007,45.981
2015-07-22T07:21:50.000000Z,46.008,45.982
2015-07-22T07:21:55.000000Z,46.008,45.982
2015-07-22T07:22:00.000000Z,46.012,45.978
2015-07-22T07:22:05.000000Z,46.012,45.978
2015-07-22T07:22:10.000000Z,46.014,45.983
2015-07-22T07:22:15.000000Z,46.018,45.989
2015-07-22T07:22:20.000000Z,46.018,45.99
2015-07-22T07:22:25.000000Z,46.017,45.987
2015-07-22T07:22:30.000000Z,46.016,45.986
2015-07-22T07:22:35.000000Z,46.015,45.984
2015-07-22T07:22:40.000000Z,46.017,45.988
2015-07-22T07:22:45.000000Z,46.016,45.986
2015-07-22T07:22:50.000000Z,46.016,45.984
2015-07-22T07:22:55.000000Z,46.022,45.992
2015-07-22T07:23:00.000000Z,46.022,45.991
2015-07-22T07:23:05.000000Z,46.019,45.99
2015-07-22T07:23:10.000000Z,46.02,45.99
2015-07-22T07:23:15.000000Z,46.02,45.992
2015-07-22T07:23:20.000000Z,46.02,45.993
2015-07-22T07:23:25.000000Z,46.027,45.999
2015-07-22T07:23:35.000000Z,46.028,45.999
2015-07-22T07:23:40.000000Z,46.027,46.0
2015-07-22T07:23:45.000000Z,46.028,45.999
2015-07-22T07:23:50.000000Z,46.025,45.998
2015-07-22T07:23:55.000000Z,46.025,45.998
2015-07-22T07:24:00.000000Z,46.029,46.0
2015-07-22T07:24:05.000000Z,46.03,46.001
2015-07-22T07:24:10.000000Z,46.03,46.002
2015-07-22T07:24:20.000000Z,46.03,45.998
2015-07-22T07:24:25.000000Z,46.029,45.997
2015-07-22T07:24:30.000000Z,46.04,46.01
2015-07-22T07:24:35.000000Z,46.034,46.003
2015-07-22T07:24:40.000000Z,46.035,46.006
2015-07-22T07:24:45.000000Z,46.036,46.009
2015-07-22T07:24:50.000000Z,46.037,46.008
2015-07-22T07:24:55.000000Z,46.035,46.006
2015-07-22T07:25:00.000000Z,46.043,46.015
2015-07-22T07:25:05.000000Z,46.041,46.013
2015-07-22T07:25:10.000000Z,46.041,46.012
2015-07-22T07:25:15.000000Z,46.041,46.011
2015-07-22T07:25:20.000000Z,46.041,46.01
2015-07-22T07:25:25.000000Z,46.039,46.01
2015-07-22T07:25:30.000000Z,46.038,46.009
2015-07-22T07:25:35.000000Z,46.037,46.009
2015-07-22T07:25:40.000000Z,46.038,46.01
2015-07-22T07:25:45.000000Z,46.036,46.007
2015-07-22T07:25:55.000000Z,46.036,46.008
2015-07-22T07:26:00.000000Z,46.036,46.008
2015-07-22T07:26:05.000000Z,46.035,46.008
2015-07-22T07:26:10.000000Z,46.037,46.008
2015-07-22T07:26:15.000000Z,46.041,46.014
2015-07-22T07:26:20.000000Z,46.041,46.013
2015-07-22T07:26:25.000000Z,46.046,46.013
2015-07-22T07:26:30.000000Z,46.045,46.017
2015-07-22T07:26:35.000000Z,46.047,46.019
2015-07-22T07:26:40.000000Z,46.046,46.021
2015-07-22T07:26:45.000000Z,46.045,46.015
2015-07-22T07:26:50.000000Z,46.041,46.012
2015-07-22T07:26:55.000000Z,46.044,46.013
2015-07-22T07:27:00.000000Z,46.041,46.018
2015-07-22T07:27:05.000000Z,46.045,46.018
2015-07-22T07:27:10.000000Z,46.044,46.011
2015-07-22T07:27:15.000000Z,46.043,46.014
2015-07-22T07:27:25.000000Z,46.038,46.012
2015-07-22T07:27:35.000000Z,46.038,46.01
2015-07-22T07:27:40.000000Z,46.038,46.009
2015-07-22T07:27:55.000000Z,46.04,46.01
2015-07-22T07:28:00.000000Z,46.035,46.009
2015-07-22T07:28:05.000000Z,46.033,46.006
2015-07-22T07:28:10.000000Z,46.036,46.008
2015-07-22T07:28:15.000000Z,46.036,46.008
2015-07-22T07:28:20.000000Z,46.036,46.007
2015-07-22T07:28:25.000000Z,46.034,46.008
2015-07-22T07:28:30.000000Z,46.033,46.007
2015-07-22T07:28:35.000000Z,46.038,46.008
2015-07-22T07:28:40.000000Z,46.034,46.009
2015-07-22T07:28:45.000000Z,46.034,46.01
2015-07-22T07:28:50.000000Z,46.036,46.008
2015-07-22T07:28:55.000000Z,46.044,46.015
2015-07-22T07:29:00.000000Z,46.042,46.014
2015-07-22T07:29:05.000000Z,46.043,46.014
2015-07-22T07:29:10.000000Z,46.05,46.016
2015-07-22T07:29:15.000000Z,46.052,46.02
2015-07-22T07:29:20.000000Z,46.052,46.024
2015-07-22T07:29:25.000000Z,46.087,46.031
2015-07-22T07:29:30.000000Z,46.082,46.028
2015-07-22T07:29:35.000000Z,46.065,46.035
2015-07-22T07:29:40.000000Z,46.067,46.034
2015-07-22T07:29:45.000000Z,46.067,46.036
2015-07-22T07:29:50.000000Z,46.066,46.035
2015-07-22T07:30:00.000000Z,46.067,46.034
2015-07-22T07:30:05.000000Z,46.067,46.035
2015-07-22T07:30:10.000000Z,46.065,46.033
2015-07-22T07:30:15.000000Z,46.062,46.03
2015-07-22T07:30:20.000000Z,46.055,46.024
2015-07-22T07:30:25.000000Z,46.056,46.027
2015-07-22T07:30:30.000000Z,46.061,46.03
2015-07-22T07:30:35.000000Z,46.065,46.032
2015-07-22T07:30:40.000000Z,46.066,46.033
2015-07-22T07:30:45.000000Z,46.067,46.034
2015-07-22T07:30:50.000000Z,46.066,46.034
2015-07-22T07:31:00.000000Z,46.065,46.034
2015-07-22T07:31:05.000000Z,46.064,46.032
2015-07-22T07:31:10.000000Z,46.063,46.03
2015-07-22T07:31:15.000000Z,46.063,46.032
2015-07-22T07:31:20.000000Z,46.066,46.033
2015-07-22T07:31:25.000000Z,46.059,46.029
2015-07-22T07:31:30.000000Z,46.057,46.027
2015-07-22T07:31:35.000000Z,46.058,46.027
2015-07-22T07:31:40.000000Z,46.055,46.024
2015-07-22T07:31:45.000000Z,46.053,46.025
2015-07-22T07:31:50.000000Z,46.056,46.025
2015-07-22T07:31:55.000000Z,46.054,46.025
2015-07-22T07:32:00.000000Z,46.054,46.022
2015-07-22T07:32:05.000000Z,46.05,46.02
2015-07-22T07:32:15.000000Z,46.049,46.015
2015-07-22T07:32:20.000000Z,46.05,46.017
2015-07-22T07:32:25.000000Z,46.049,46.017
2015-07-22T07:32:30.000000Z,46.05,46.018
2015-07-22T07:32:35.000000Z,46.052,46.019
2015-07-22T07:32:40.000000Z,46.051,46.018
2015-07-22T07:32:45.000000Z,46.05,46.02
2015-07-22T07:32:50.000000Z,46.05,46.019
2015-07-22T07:32:55.000000Z,46.051,46.021
2015-07-22T07:33:00.000000Z,46.051,46.021
2015-07-22T07:33:05.000000Z,46.05,46.021
2015-07-22T07:33:10.000000Z,46.055,46.021
2015-07-22T07:33:15.000000Z,46.055,46.019
2015-07-22T07:33:20.000000Z,46.053,46.02
2015-07-22T07:33:25.000000Z,46.053,46.02
2015-07-22T07:33:30.000000Z,46.053,46.019
2015-07-22T07:33:35.000000Z,46.056,46.021
2015-07-22T07:33:40.000000Z,46.06,46.017
2015-07-22T07:33:45.000000Z,46.058,46.017
2015-07-22T07:33:50.000000Z,46.056,46.019
2015-07-22T07:33:55.000000Z,46.056,46.021
2015-07-22T07:34:00.000000Z,46.056,46.019
2015-07-22T07:34:05.000000Z,46.058,46.022
2015-07-22T07:34:10.000000Z,46.057,46.018
2015-07-22T07:34:15.000000Z,46.059,46.024
2015-07-22T07:34:20.000000Z,46.057,46.02
2015-07-22T07:34:25.000000Z,46.05,46.022
2015-07-22T07:34:35.000000Z,46.048,46.02
2015-07-22T07:34:40.000000Z,46.047,46.021
2015-07-22T07:34:45.000000Z,46.051,46.017
2015-07-22T07:34:50.000000Z,46.05,46.02
2015-07-22T07:35:00.000000Z,46.049,46.02
2015-07-22T07:35:15.000000Z,46.048,46.02
2015-07-22T07:35:20.000000Z,46.05,46.02
2015-07-22T07:35:25.000000Z,46.051,46.022
2015-07-22T07:35:30.000000Z,46.05,46.022
2015-07-22T07:35:35.000000Z,46.052,46.019
2015-07-22T07:35:40.000000Z,46.054,46.025
2015-07-22T07:35:45.000000Z,46.055,46.027
2015-07-22T07:35:50.000000Z,46.057,46.025
2015-07-22T07:35:55.000000Z,46.061,46.028
2015-07-22T07:36:00.000000Z,46.059,46.027
2015-07-22T07:36:05.000000Z,46.053,46.021
2015-07-22T07:36:10.000000Z,46.06,46.024
2015-07-22T07:36:15.000000Z,46.061,46.033
2015-07-22T07:36:20.000000Z,46.06,46.027
2015-07-22T07:36:30.000000Z,46.06,46.03
2015-07-22T07:36:35.000000Z,46.058,46.029
2015-07-22T07:36:40.000000Z,46.061,46.028
2015-07-22T07:36:45.000000Z,46.059,46.026
2015-07-22T07:36:55.000000Z,46.059,46.028
2015-07-22T07:37:00.000000Z,46.058,46.027
2015-07-22T07:37:05.000000Z,46.054,46.028
2015-07-22T07:37:15.000000Z,46.051,46.026
2015-07-22T07:37:20.000000Z,46.051,46.024
2015-07-22T07:37:25.000000Z,46.05,46.024
2015-07-22T07:37:30.000000Z,46.053,46.027
2015-07-22T07:37:35.000000Z,46.052,46.025
2015-07-22T07:37:40.000000Z,46.05,46.026
2015-07-22T07:37:45.000000Z,46.049,46.024
2015-07-22T07:37:50.000000Z,46.046,46.022
2015-07-22T07:37:55.000000Z,46.045,46.02
2015-07-22T07:38:00.000000Z,46.045,46.021
2015-07-22T07:38:05.000000Z,46.048,46.022
2015-07-22T07:38:10.000000Z,46.051,46.022
2015-07-22T07:38:15.000000Z,46.052,46.021
2015-07-22T07:38:20.000000Z,46.054,46.025
2015-07-22T07:38:25.000000Z,46.053,46.023
2015-07-22T07:38:30.000000Z,46.052,46.023
2015-07-22T07:38:40.000000Z,46.052,46.025
2015-07-22T07:38:45.000000Z,46.05,46.023
2015-07-22T07:38:50.000000Z,46.05,46.022
2015-07-22T07:38:55.000000Z,46.052,46.023
2015-07-22T07:39:00.000000Z,46.052,46.023
2015-07-22T07:39:05.000000Z,46.05,46.023
2015-07-22T07:39:15.000000Z,46.05,46.02
2015-07-22T07:39:20.000000Z,46.046,46.019
2015-07-22T07:39:25.000000Z,46.046,46.017
2015-07-22T07:39:30.000000Z,46.045,46.017
2015-07-22T07:39:40.000000Z,46.047,46.017
2015-07-22T07:39:45.000000Z,46.046,46.015
2015-07-22T07:40:00.000000Z,46.043,46.013
2015-07-22T07:40:05.000000Z,46.042,46.014
2015-07-22T07:40:10.000000Z,46.044,46.017
2015-07-22T07:40:15.000000Z,46.048,46.02
2015-07-22T07:40:20.000000Z,46.047,46.02
2015-07-22T07:40:25.000000Z,46.046,46.018
2015-07-22T07:40:30.000000Z,46.045,46.016
2015-07-22T07:40:35.000000Z,46.042,46.017
2015-07-22T07:40:45.000000Z,46.043,46.015
2015-07-22T07:40:50.000000Z,46.041,46.017
2015-07-22T07:40:55.000000Z,46.042,46.016
2015-07-22T07:41:00.000000Z,46.038,46.012
2015-07-22T07:41:05.000000Z,46.039,46.013
2015-07-22T07:41:10.000000Z,46.039,46.013
2015-07-22T07:41:15.000000Z,46.039,46.014
2015-07-22T07:41:20.000000Z,46.041,46.014
2015-07-22T07:41:25.000000Z,46.049,46.02
2015-07-22T07:41:30.000000Z,46.05,46.021
2015-07-22T07:41:35.000000Z,46.052,46.02
2015-07-22T07:41:40.000000Z,46.053,46.021
2015-07-22T07:41:45.000000Z,46.055,46.027
2015-07-22T07:41:50.000000Z,46.057,46.026
2015-07-22T07:41:55.000000Z,46.059,46.027
2015-07-22T07:42:00.000000Z,46.059,46.028
2015-07-22T07:42:05.000000Z,46.061,46.032
2015-07-22T07:42:10.000000Z,46.059,46.028
2015-07-22T07:42:15.000000Z,46.056,46.026
2015-07-22T07:42:20.000000Z,46.056,46.027
2015-07-22T07:42:25.000000Z,46.055,46.025
2015-07-22T07:42:30.000000Z,46.057,46.025
2015-07-22T07:42:40.000000Z,46.056,46.025
2015-07-22T07:42:50.000000Z,46.053,46.023
2015-07-22T07:42:55.000000Z,46.052,46.022
2015-07-22T07:43:00.000000Z,46.052,46.022
2015-07-22T07:43:05.000000Z,46.054,46.025
2015-07-22T07:43:15.000000Z,46.054,46.025
2015-07-22T07:43:20.000000Z,46.055,46.025
2015-07-22T07:43:25.000000Z,46.053,46.023
2015-07-22T07:43:30.000000Z,46.051,46.022
2015-07-22T07:43:35.000000Z,46.054,46.023
2015-07-22T07:43:45.000000Z,46.052,46.021
2015-07-22T07:43:50.000000Z,46.054,46.021
2015-07-22T07:43:55.000000Z,46.057,46.022
2015-07-22T07:44:00.000000Z,46.056,46.022
2015-07-22T07:44:05.000000Z,46.056,46.023
2015-07-22T07:44:10.000000Z,46.056,46.022
2015-07-22T07:44:20.000000Z,46.057,46.025
2015-07-22T07:44:25.000000Z,46.057,46.026
2015-07-22T07:44:30.000000Z,46.056,46.027
2015-07-22T07:44:35.000000Z,46.055,46.026
2015-07-22T07:44:40.000000Z,46.059,46.027
2015-07-22T07:44:45.000000Z,46.056,46.026
2015-07-22T07:44:50.000000Z,46.055,46.024
2015-07-22T07:44:55.000000Z,46.056,46.025
2015-07-22T07:45:00.000000Z,46.056,46.026
2015-07-22T07:45:05.000000Z,46.056,46.027
2015-07-22T07:45:10.000000Z,46.057,46.025
2015-07-22T07:45:20.000000Z,46.056,46.026
2015-07-22T07:45:25.000000Z,46.054,46.025
2015-07-22T07:45:30.000000Z,46.054,46.025
2015-07-22T07:45:35.000000Z,46.054,46.024
2015-07-22T07:45:45.000000Z,46.053,46.022
2015-07-22T07:45:50.000000Z,46.055,46.023
2015-07-22T07:46:00.000000Z,46.054,46.024
2015-07-22T07:46:05.000000Z,46.051,46.022
2015-07-22T07:46:10.000000Z,46.054,46.024
2015-07-22T07:46:15.000000Z,46.054,46.023
2015-07-22T07:46:20.000000Z,46.054,46.022
2015-07-22T07:46:25.000000Z,46.033,46.0
2015-07-22T07:46:30.000000Z,46.03,45.997
2015-07-22T07:46:35.000000Z,46.029,46.0
2015-07-22T07:46:40.000000Z,46.034,46.002
2015-07-22T07:46:45.000000Z,46.037,46.002
2015-07-22T07:46:50.000000Z,46.036,46.005
2015-07-22T07:47:00.000000Z,46.038,46.004
2015-07-22T07:47:05.000000Z,46.039,46.005
2015-07-22T07:47:10.000000Z,46.048,45.99
2015-07-22T07:47:15.000000Z,46.037,46.001
2015-07-22T07:47:20.000000Z,46.039,45.997
2015-07-22T07:47:25.000000Z,46.034,45.994
2015-07-22T07:47:30.000000Z,46.032,45.993
2015-07-22T07:47:35.000000Z,46.026,45.997
2015-07-22T07:47:40.000000Z,46.042,46.013
2015-07-22T07:47:45.000000Z,46.046,46.011
2015-07-22T07:47:50.000000Z,46.047,46.013
2015-07-22T07:47:55.000000Z,46.044,46.008
2015-07-22T07:48:00.000000Z,46.047,46.011
2015-07-22T07:48:05.000000Z,46.047,46.011
2015-07-22T07:48:10.000000Z,46.048,46.011
2015-07-22T07:48:15.000000Z,46.051,46.018
2015-07-22T07:48:20.000000Z,46.048,46.016
2015-07-22T07:48:25.000000Z,46.046,46.017
2015-07-22T07:48:30.000000Z,46.05,46.021
2015-07-22T07:48:35.000000Z,46.048,46.019
2015-07-22T07:48:40.000000Z,46.05,46.02
2015-07-22T07:48:45.000000Z,46.05,46.018
2015-07-22T07:48:50.000000Z,46.042,46.011
2015-07-22T07:48:55.000000Z,46.032,46.001
2015-07-22T07:49:00.000000Z,46.028,45.996
2015-07-22T07:49:05.000000Z,46.027,45.994
2015-07-22T07:49:10.000000Z,46.025,45.995
2015-07-22T07:49:15.000000Z,46.024,45.996
2015-07-22T07:49:20.000000Z,46.024,45.995
2015-07-22T07:49:25.000000Z,46.025,45.995
2015-07-22T07:49:30.000000Z,46.023,45.993
2015-07-22T07:49:35.000000Z,46.024,45.992
2015-07-22T07:49:40.000000Z,46.023,45.992
2015-07-22T07:49:45.000000Z,46.025,45.994
2015-07-22T07:49:50.000000Z,46.024,45.994
2015-07-22T07:49:55.000000Z,46.025,45.995
2015-07-22T07:50:00.000000Z,46.025,45.995
2015-07-22T07:50:05.000000Z,46.02,45.988
2015-07-22T07:50:10.000000Z,46.016,45.982
2015-07-22T07:50:15.000000Z,46.016,45.984
2015-07-22T07:50:20.000000Z,46.016,45.986
2015-07-22T07:50:25.000000Z,46.015,45.987
2015-07-22T07:50:30.000000Z,46.015,45.988
2015-07-22T07:50:35.000000Z,46.014,45.989
2015-07-22T07:50:40.000000Z,46.018,45.988
2015-07-22T07:50:45.000000Z,46.017,45.99
2015-07-22T07:50:50.000000Z,46.019,45.991
2015-07-22T07:50:55.000000Z,46.018,45.992
2015-07-22T07:51:00.000000Z,46.018,45.992
2015-07-22T07:51:05.000000Z,46.017,45.992
2015-07-22T07:51:10.000000Z,46.016,45.989
2015-07-22T07:51:15.000000Z,46.018,45.99
2015-07-22T07:51:20.000000Z,46.017,45.988
2015-07-22T07:51:25.000000Z,46.018,45.989
2015-07-22T07:51:30.000000Z,46.012,45.985
2015-07-22T07:51:35.000000Z,46.015,45.987
2015-07-22T07:51:40.000000Z,46.016,45.988
2015-07-22T07:51:45.000000Z,46.014,45.984
2015-07-22T07:51:50.000000Z,46.01,45.983
2015-07-22T07:51:55.000000Z,46.009,45.982
2015-07-22T07:52:00.000000Z,46.013,45.985
2015-07-22T07:52:05.000000Z,46.024,45.99
2015-07-22T07:52:10.000000Z,46.021,45.993
2015-07-22T07:52:15.000000Z,46.023,45.993
2015-07-22T07:52:20.000000Z,46.026,45.995
2015-07-22T07:52:25.000000Z,46.018,45.991
2015-07-22T07:52:30.000000Z,46.015,45.992
2015-07-22T07:52:35.000000Z,46.017,45.992
2015-07-22T07:52:40.000000Z,46.016,45.993
2015-07-22T07:52:45.000000Z,46.02,45.992
2015-07-22T07:52:50.000000Z,46.017,45.988
2015-07-22T07:52:55.000000Z,46.013,45.99
2015-07-22T07:53:00.000000Z,46.014,45.985
2015-07-22T07:53:05.000000Z,46.011,45.986
2015-07-22T07:53:10.000000Z,46.011,45.986
2015-07-22T07:53:15.000000Z,46.011,45.987
2015-07-22T07:53:20.000000Z,46.012,45.985
2015-07-22T07:53:25.000000Z,46.011,45.984
2015-07-22T07:53:30.000000Z,46.012,45.986
2015-07-22T07:53:35.000000Z,46.015,45.988
2015-07-22T07:53:40.000000Z,46.013,45.987
2015-07-22T07:53:45.000000Z,46.014,45.99
2015-07-22T07:53:50.000000Z,46.031,46.002
2015-07-22T07:53:55.000000Z,46.028,46.0
2015-07-22T07:54:00.000000Z,46.027,46.001
2015-07-22T07:54:05.000000Z,46.026,46.001
2015-07-22T07:54:10.000000Z,46.027,46.0
2015-07-22T07:54:15.000000Z,46.028,46.004
2015-07-22T07:54:20.000000Z,46.027,46.002
2015-07-22T07:54:25.000000Z,46.026,46.002
2015-07-22T07:54:30.000000Z,46.025,46.002
2015-07-22T07:54:35.000000Z,46.024,46.002
2015-07-22T07:54:40.000000Z,46.023,46.0
2015-07-22T07:54:45.000000Z,46.025,45.996
2015-07-22T07:54:50.000000Z,46.02,45.991
2015-07-22T07:54:55.000000Z,46.018,45.994
2015-07-22T07:55:00.000000Z,46.021,45.992
2015-07-22T07:55:05.000000Z,46.022,45.994
2015-07-22T07:55:10.000000Z,46.023,45.996
2015-07-22T07:55:15.000000Z,46.021,45.998
2015-07-22T07:55:20.000000Z,46.021,45.997
2015-07-22T07:55:25.000000Z,46.023,45.998
2015-07-22T07:55:30.000000Z,46.022,45.998
2015-07-22T07:55:35.000000Z,46.011,45.984
2015-07-22T07:55:40.000000Z,45.998,45.962
2015-07-22T07:55:45.000000Z,45.993,45.969
2015-07-22T07:55:50.000000Z,46.003,45.97
2015-07-22T07:55:55.000000Z,46.0,45.969
2015-07-22T07:56:00.000000Z,45.998,45.966
2015-07-22T07:56:05.000000Z,45.999,45.972
2015-07-22T07:56:15.000000Z,45.996,45.966
2015-07-22T07:56:20.000000Z,45.996,45.968
2015-07-22T07:56:25.000000Z,45.991,45.961
2015-07-22T07:56:30.000000Z,45.994,45.965
2015-07-22T07:56:45.000000Z,45.996,45.968
2015-07-22T07:56:50.000000Z,45.995,45.972
2015-07-22T07:57:00.000000Z,46.002,45.973
2015-07-22T07:57:05.000000Z,46.009,45.975
2015-07-22T07:57:10.000000Z,46.006,45.974
2015-07-22T07:57:15.000000Z,46.011,45.98
2015-07-22T07:57:20.000000Z,46.009,45.979
2015-07-22T07:57:25.000000Z,46.0,45.976
2015-07-22T07:57:30.000000Z,45.999,45.973
2015-07-22T07:57:35.000000Z,46.001,45.973
2015-07-22T07:57:40.000000Z,45.998,45.97
2015-07-22T07:57:45.000000Z,46.0,45.973
2015-07-22T07:57:55.000000Z,45.995,45.968
2015-07-22T07:58:00.000000Z,45.995,45.97
2015-07-22T07:58:05.000000Z,45.99,45.967
2015-07-22T07:58:10.000000Z,46.001,45.973
2015-07-22T07:58:25.000000Z,46.003,45.976
2015-07-22T07:58:35.000000Z,46.0,45.974
2015-07-22T07:58:40.000000Z,46.0,45.975
2015-07-22T07:58:45.000000Z,45.996,45.965
2015-07-22T07:58:50.000000Z,45.991,45.967
2015-07-22T07:59:00.000000Z,45.989,45.957
2015-07-22T07:59:05.000000Z,45.983,45.957
2015-07-22T07:59:10.000000Z,45.982,45.959
2015-07-22T07:59:15.000000Z,45.991,45.962
2015-07-22T07:59:20.000000Z,45.99,45.96
2015-07-22T07:59:25.000000Z,45.99,45.963
2015-07-22T07:59:30.000000Z,45.987,45.962
2015-07-22T07:59:35.000000Z,45.984,45.96
2015-07-22T07:59:40.000000Z,45.985,45.957
2015-07-22T07:59:45.000000Z,45.977,45.95
2015-07-22T07:59:50.000000Z,45.979,45.951
2015-07-22T07:59:55.000000Z,45.989,45.947
2015-07-22T08:00:00.000000Z,45.98,45.941
2015-07-22T08:00:05.000000Z,45.975,45.944
2015-07-22T08:00:10.000000Z,45.978,45.946
2015-07-22T08:00:15.000000Z,45.975,45.945
2015-07-22T08:00:20.000000Z,45.975,45.946
2015-07-22T08:00:25.000000Z,45.973,45.945
2015-07-22T08:00:30.000000Z,45.972,45.946
2015-07-22T08:00:35.000000Z,45.975,45.944
2015-07-22T08:00:40.000000Z,45.964,45.937
2015-07-22T08:00:45.000000Z,45.963,45.94
2015-07-22T08:00:50.000000Z,45.962,45.937
2015-07-22T08:00:55.000000Z,45.957,45.926
2015-07-22T08:01:00.000000Z,45.953,45.919
2015-07-22T08:01:05.000000Z,45.95,45.915
2015-07-22T08:01:10.000000Z,45.953,45.92
2015-07-22T08:01:15.000000Z,45.953,45.921
2015-07-22T08:01:20.000000Z,45.945,45.915
2015-07-22T08:01:25.000000Z,45.965,45.931
2015-07-22T08:01:30.000000Z,45.957,45.93
2015-07-22T08:01:35.000000Z,45.965,45.932
2015-07-22T08:01:45.000000Z,45.963,45.934
2015-07-22T08:01:50.000000Z,45.961,45.933
2015-07-22T08:01:55.000000Z,45.974,45.935
2015-07-22T08:02:00.000000Z,45.977,45.939
2015-07-22T08:02:05.000000Z,45.98,45.941
2015-07-22T08:02:10.000000Z,45.979,45.94
2015-07-22T08:02:15.000000Z,45.98,45.942
2015-07-22T08:02:25.000000Z,45.982,45.943
2015-07-22T08:02:35.000000Z,45.98,45.943
2015-07-22T08:02:40.000000Z,45.982,45.942
2015-07-22T08:02:45.000000Z,45.981,45.943
2015-07-22T08:02:50.000000Z,45.983,45.942
2015-07-22T08:02:55.000000Z,45.981,45.942
2015-07-22T08:03:00.000000Z,45.981,45.942
2015-07-22T08:03:05.000000Z,45.975,45.938
2015-07-22T08:03:10.000000Z,45.976,45.939
2015-07-22T08:03:15.000000Z,45.98,45.943
2015-07-22T08:03:20.000000Z,45.98,45.944
2015-07-22T08:03:25.000000Z,45.977,45.943
2015-07-22T08:03:35.000000Z,45.97,45.944
2015-07-22T08:03:40.000000Z,45.967,45.929
2015-07-22T08:03:45.000000Z,45.971,45.942
2015-07-22T08:03:50.000000Z,45.967,45.946
2015-07-22T08:03:55.000000Z,45.966,45.944
2015-07-22T08:04:00.000000Z,45.97,45.944
2015-07-22T08:04:10.000000Z,45.968,45.936
2015-07-22T08:04:15.000000Z,45.969,45.944
2015-07-22T08:04:20.000000Z,45.971,45.947
2015-07-22T08:04:25.000000Z,45.973,45.939
2015-07-22T08:04:30.000000Z,45.974,45.942
2015-07-22T08:04:35.000000Z,45.972,45.948
2015-07-22T08:04:40.000000Z,45.974,45.949
2015-07-22T08:04:45.000000Z,45.974,45.95
2015-07-22T08:04:50.000000Z,45.973,45.94
2015-07-22T08:04:55.000000Z,45.97,45.942
2015-07-22T08:05:00.000000Z,45.965,45.942
2015-07-22T08:05:05.000000Z,45.965,45.936
2015-07-22T08:05:10.000000Z,45.958,45.936
2015-07-22T08:05:15.000000Z,45.962,45.938
2015-07-22T08:05:25.000000Z,45.957,45.936
2015-07-22T08:05:30.000000Z,45.958,45.936
2015-07-22T08:05:35.000000Z,45.958,45.937
2015-07-22T08:05:45.000000Z,45.955,45.933
2015-07-22T08:05:50.000000Z,45.956,45.933
2015-07-22T08:05:55.000000Z,45.957,45.935
2015-07-22T08:06:00.000000Z,45.959,45.937
2015-07-22T08:06:10.000000Z,45.957,45.933
2015-07-22T08:06:15.000000Z,45.958,45.935
2015-07-22T08:06:20.000000Z,45.96,45.933
2015-07-22T08:06:25.000000Z,45.957,45.932
2015-07-22T08:06:30.000000Z,45.944,45.915
2015-07-22T08:06:35.000000Z,45.943,45.914
2015-07-22T08:06:40.000000Z,45.942,45.914
2015-07-22T08:06:45.000000Z,45.941,45.915
2015-07-22T08:06:50.000000Z,45.941,45.912
2015-07-22T08:06:55.000000Z,45.928,45.873
2015-07-22T08:07:00.000000Z,45.913,45.881
2015-07-22T08:07:05.000000Z,45.921,45.891
2015-07-22T08:07:10.000000Z,45.918,45.889
2015-07-22T08:07:15.000000Z,45.921,45.891
2015-07-22T08:07:20.000000Z,45.922,45.893
2015-07-22T08:07:25.000000Z,45.921,45.893
2015-07-22T08:07:30.000000Z,45.918,45.887
2015-07-22T08:07:35.000000Z,45.912,45.883
2015-07-22T08:07:40.000000Z,45.912,45.876
2015-07-22T08:07:45.000000Z,45.911,45.879
2015-07-22T08:07:50.000000Z,45.916,45.885
2015-07-22T08:07:55.000000Z,45.919,45.892
2015-07-22T08:08:00.000000Z,45.918,45.893
2015-07-22T08:08:05.000000Z,45.92,45.891
2015-07-22T08:08:10.000000Z,45.919,45.883
2015-07-22T08:08:15.000000Z,45.911,45.886
2015-07-22T08:08:20.000000Z,45.907,45.876
2015-07-22T08:08:25.000000Z,45.906,45.876
2015-07-22T08:08:30.000000Z,45.9,45.867
2015-07-22T08:08:35.000000Z,45.901,45.872
2015-07-22T08:08:45.000000Z,45.904,45.872
2015-07-22T08:08:50.000000Z,45.903,45.875
2015-07-22T08:08:55.000000Z,45.9,45.873
2015-07-22T08:09:00.000000Z,45.901,45.867
2015-07-22T08:09:05.000000Z,45.899,45.868
2015-07-22T08:09:10.000000Z,45.898,45.874
2015-07-22T08:09:15.000000Z,45.892,45.866
2015-07-22T08:09:20.000000Z,45.894,45.867
2015-07-22T08:09:25.000000Z,45.892,45.867
2015-07-22T08:09:30.000000Z,45.889,45.864
2015-07-22T08:09:35.000000Z,45.894,45.864
2015-07-22T08:09:40.000000Z,45.892,45.867
2015-07-22T08:09:45.000000Z,45.89,45.866
2015-07-22T08:09:50.000000Z,45.889,45.866
2015-07-22T08:09:55.000000Z,45.893,45.866
2015-07-22T08:10:15.000000Z,45.894,45.866
2015-07-22T08:10:20.000000Z,45.896,45.87
2015-07-22T08:10:25.000000Z,45.903,45.875
2015-07-22T08:10:30.000000Z,45.897,45.872
2015-07-22T08:10:35.000000Z,45.903,45.871
2015-07-22T08:10:40.000000Z,45.901,45.871
2015-07-22T08:10:45.000000Z,45.9,45.873
2015-07-22T08:10:50.000000Z,45.904,45.88
2015-07-22T08:10:55.000000Z,45.911,45.881
2015-07-22T08:11:00.000000Z,45.905,45.882
2015-07-22T08:11:10.000000Z,45.9,45.871
2015-07-22T08:11:15.000000Z,45.898,45.865
2015-07-22T08:11:20.000000Z,45.896,45.869
2015-07-22T08:11:25.000000Z,45.896,45.867
2015-07-22T08:11:30.000000Z,45.897,45.867
2015-07-22T08:11:35.000000Z,45.889,45.864
2015-07-22T08:11:40.000000Z,45.895,45.866
2015-07-22T08:11:45.000000Z,45.894,45.866
2015-07-22T08:11:50.000000Z,45.887,45.862
2015-07-22T08:11:55.000000Z,45.894,45.865
2015-07-22T08:12:00.000000Z,45.892,45.863
2015-07-22T08:12:05.000000Z,45.893,45.864
2015-07-22T08:12:10.000000Z,45.891,45.865
2015-07-22T08:12:15.000000Z,45.89,45.865
2015-07-22T08:12:20.000000Z,45.891,45.865
2015-07-22T08:12:25.000000Z,45.89,45.864
2015-07-22T08:12:30.000000Z,45.89,45.864
2015-07-22T08:12:35.000000Z,45.884,45.854
2015-07-22T08:12:40.000000Z,45.887,45.857
2015-07-22T08:12:45.000000Z,45.886,45.858
2015-07-22T08:12:50.000000Z,45.885,45.858
2015-07-22T08:12:55.000000Z,45.886,45.862
2015-07-22T08:13:00.000000Z,45.887,45.856
2015-07-22T08:13:05.000000Z,45.901,45.873
2015-07-22T08:13:10.000000Z,45.894,45.865
2015-07-22T08:13:15.000000Z,45.892,45.868
2015-07-22T08:13:25.000000Z,45.894,45.867
2015-07-22T08:14:05.000000Z,45.894,45.865
2015-07-22T08:14:10.000000Z,45.898,45.869
2015-07-22T08:14:15.000000Z,45.894,45.864
2015-07-22T08:14:20.000000Z,45.893,45.864
2015-07-22T08:14:25.000000Z,45.894,45.866
2015-07-22T08:14:30.000000Z,45.896,45.868
2015-07-22T08:14:40.000000Z,45.9,45.872
2015-07-22T08:14:45.000000Z,45.904,45.873
2015-07-22T08:14:50.000000Z,45.903,45.873
2015-07-22T08:14:55.000000Z,45.901,45.873
2015-07-22T08:15:00.000000Z,45.903,45.872
2015-07-22T08:15:05.000000Z,45.898,45.873
2015-07-22T08:15:10.000000Z,45.895,45.868
2015-07-22T08:15:15.000000Z,45.892,45.867
2015-07-22T08:15:20.000000Z,45.893,45.867
2015-07-22T08:15:25.000000Z,45.892,45.866
2015-07-22T08:15:30.000000Z,45.891,45.867
2015-07-22T08:15:35.000000Z,45.894,45.867
2015-07-22T08:15:40.000000Z,45.895,45.87
2015-07-22T08:15:45.000000Z,45.893,45.865
2015-07-22T08:15:55.000000Z,45.894,45.864
2015-07-22T08:16:00.000000Z,45.894,45.865
2015-07-22T08:16:05.000000Z,45.895,45.866
2015-07-22T08:16:10.000000Z,45.897,45.866
2015-07-22T08:16:15.000000Z,45.897,45.866
2015-07-22T08:16:20.000000Z,45.895,45.866
2015-07-22T08:16:25.000000Z,45.894,45.865
2015-07-22T08:16:30.000000Z,45.894,45.864
2015-07-22T08:16:35.000000Z,45.896,45.869
2015-07-22T08:16:40.000000Z,45.894,45.865
2015-07-22T08:16:45.000000Z,45.902,45.872
2015-07-22T08:16:50.000000Z,45.896,45.867
2015-07-22T08:16:55.000000Z,45.901,45.87
2015-07-22T08:17:00.000000Z,45.897,45.868
2015-07-22T08:17:05.000000Z,45.893,45.868
2015-07-22T08:17:10.000000Z,45.894,45.869
2015-07-22T08:17:15.000000Z,45.895,45.87
2015-07-22T08:17:25.000000Z,45.896,45.868
2015-07-22T08:17:30.000000Z,45.896,45.866
2015-07-22T08:17:35.000000Z,45.897,45.866
2015-07-22T08:17:40.000000Z,45.894,45.866
2015-07-22T08:17:45.000000Z,45.895,45.866
2015-07-22T08:17:55.000000Z,45.894,45.866
2015-07-22T08:18:00.000000Z,45.897,45.867
2015-07-22T08:18:05.000000Z,45.896,45.864
2015-07-22T08:18:10.000000Z,45.882,45.854
2015-07-22T08:18:15.000000Z,45.88,45.855
2015-07-22T08:18:20.000000Z,45.881,45.857
2015-07-22T08:18:25.000000Z,45.876,45.848
2015-07-22T08:18:30.000000Z,45.878,45.848
2015-07-22T08:18:35.000000Z,45.876,45.847
2015-07-22T08:18:40.000000Z,45.88,45.852
2015-07-22T08:18:45.000000Z,45.874,45.85
2015-07-22T08:18:50.000000Z,45.879,45.848
2015-07-22T08:18:55.000000Z,45.878,45.847
2015-07-22T08:19:00.000000Z,45.878,45.849
2015-07-22T08:19:05.000000Z,45.877,45.849
2015-07-22T08:19:10.000000Z,45.877,45.846
2015-07-22T08:19:15.000000Z,45.876,45.843
2015-07-22T08:19:20.000000Z,45.879,45.849
2015-07-22T08:19:25.000000Z,45.882,45.849
2015-07-22T08:19:35.000000Z,45.874,45.845
2015-07-22T08:19:40.000000Z,45.881,45.849
2015-07-22T08:19:45.000000Z,45.884,45.853
2015-07-22T08:19:50.000000Z,45.883,45.857
2015-07-22T08:19:55.000000Z,45.884,45.852
2015-07-22T08:20:00.000000Z,45.884,45.856
2015-07-22T08:20:05.000000Z,45.883,45.854
2015-07-22T08:20:10.000000Z,45.883,45.853
2015-07-22T08:20:15.000000Z,45.884,45.855
2015-07-22T08:20:20.000000Z,45.885,45.853
2015-07-22T08:20:25.000000Z,45.879,45.845
2015-07-22T08:20:35.000000Z,45.874,45.848
2015-07-22T08:20:40.000000Z,45.881,45.853
2015-07-22T08:20:45.000000Z,45.883,45.853
2015-07-22T08:20:50.000000Z,45.876,45.849
2015-07-22T08:20:55.000000Z,45.874,45.851
2015-07-22T08:21:00.000000Z,45.874,45.851
2015-07-22T08:21:15.000000Z,45.876,45.853
2015-07-22T08:21:20.000000Z,45.904,45.849
2015-07-22T08:21:25.000000Z,45.897,45.86
2015-07-22T08:21:30.000000Z,45.898,45.857
2015-07-22T08:21:35.000000Z,45.899,45.86
2015-07-22T08:21:40.000000Z,45.9,45.869
2015-07-22T08:21:45.000000Z,45.901,45.87
2015-07-22T08:21:50.000000Z,45.904,45.869
2015-07-22T08:21:55.000000Z,45.903,45.87
2015-07-22T08:22:00.000000Z,45.907,45.875
2015-07-22T08:22:05.000000Z,45.908,45.878
2015-07-22T08:22:10.000000Z,45.912,45.885
2015-07-22T08:22:15.000000Z,45.914,45.883
2015-07-22T08:22:20.000000Z,45.914,45.889
2015-07-22T08:22:25.000000Z,45.915,45.892
2015-07-22T08:22:30.000000Z,45.915,45.892
2015-07-22T08:22:40.000000Z,45.898,45.865
2015-07-22T08:22:45.000000Z,45.905,45.874
2015-07-22T08:22:50.000000Z,45.907,45.873
2015-07-22T08:22:55.000000Z,45.905,45.874
2015-07-22T08:23:00.000000Z,45.908,45.879
2015-07-22T08:23:05.000000Z,45.909,45.874
2015-07-22T08:23:10.000000Z,45.904,45.87
2015-07-22T08:23:15.000000Z,45.905,45.879
2015-07-22T08:23:20.000000Z,45.904,45.88
2015-07-22T08:23:30.000000Z,45.898,45.868
2015-07-22T08:23:35.000000Z,45.89,45.854
2015-07-22T08:23:40.000000Z,45.899,45.867
2015-07-22T08:23:45.000000Z,45.896,45.868
2015-07-22T08:23:50.000000Z,45.888,45.862
2015-07-22T08:23:55.000000Z,45.891,45.857
2015-07-22T08:24:00.000000Z,45.893,45.862
2015-07-22T08:24:05.000000Z,45.888,45.858
2015-07-22T08:24:10.000000Z,45.89,45.857
2015-07-22T08:24:15.000000Z,45.891,45.861
2015-07-22T08:24:20.000000Z,45.891,45.856
2015-07-22T08:24:30.000000Z,45.891,45.856
2015-07-22T08:24:35.000000Z,45.888,45.855
2015-07-22T08:24:40.000000Z,45.889,45.855
2015-07-22T08:24:55.000000Z,45.885,45.854
2015-07-22T08:25:00.000000Z,45.889,45.861
2015-07-22T08:25:05.000000Z,45.887,45.86
2015-07-22T08:25:10.000000Z,45.885,45.858
2015-07-22T08:25:15.000000Z,45.882,45.857
2015-07-22T08:25:25.000000Z,45.886,45.855
2015-07-22T08:25:30.000000Z,45.884,45.856
2015-07-22T08:25:35.000000Z,45.882,45.853
2015-07-22T08:25:40.000000Z,45.88,45.85
2015-07-22T08:25:45.000000Z,45.879,45.841
2015-07-22T08:25:50.000000Z,45.88,45.848
2015-07-22T08:25:55.000000Z,45.881,45.847
2015-07-22T08:26:00.000000Z,45.882,45.851
2015-07-22T08:26:05.000000Z,45.882,45.854
2015-07-22T08:26:10.000000Z,45.884,45.845
2015-07-22T08:26:15.000000Z,45.882,45.851
2015-07-22T08:26:20.000000Z,45.885,45.856
2015-07-22T08:26:25.000000Z,45.882,45.854
2015-07-22T08:26:30.000000Z,45.882,45.856
2015-07-22T08:26:35.000000Z,45.879,45.853
2015-07-22T08:26:40.000000Z,45.879,45.853
2015-07-22T08:26:45.000000Z,45.882,45.855
2015-07-22T08:26:50.000000Z,45.881,45.854
2015-07-22T08:26:55.000000Z,45.878,45.853
2015-07-22T08:27:00.000000Z,45.879,45.844
2015-07-22T08:27:05.000000Z,45.878,45.843
2015-07-22T08:27:10.000000Z,45.878,45.841
2015-07-22T08:27:15.000000Z,45.875,45.842
2015-07-22T08:27:20.000000Z,45.874,45.841
2015-07-22T08:27:25.000000Z,45.874,45.841
2015-07-22T08:27:30.000000Z,45.874,45.843
2015-07-22T08:27:35.000000Z,45.874,45.841
2015-07-22T08:27:40.000000Z,45.874,45.843
2015-07-22T08:27:45.000000Z,45.87,45.837
2015-07-22T08:27:50.000000Z,45.871,45.837
2015-07-22T08:27:55.000000Z,45.872,45.837
2015-07-22T08:28:00.000000Z,45.874,45.838
2015-07-22T08:28:05.000000Z,45.872,45.837
2015-07-22T08:28:10.000000Z,45.873,45.84
2015-07-22T08:28:15.000000Z,45.868,45.839
2015-07-22T08:28:20.000000Z,45.867,45.838
2015-07-22T08:28:25.000000Z,45.867,45.839
2015-07-22T08:28:30.000000Z,45.864,45.835
2015-07-22T08:28:40.000000Z,45.866,45.838
2015-07-22T08:28:45.000000Z,45.866,45.838
2015-07-22T08:28:50.000000Z,45.864,45.84
2015-07-22T08:28:55.000000Z,45.864,45.837
2015-07-22T08:29:00.000000Z,45.864,45.838
2015-07-22T08:29:05.000000Z,45.867,45.84
2015-07-22T08:29:10.000000Z,45.868,45.84
2015-07-22T08:29:20.000000Z,45.865,45.839
2015-07-22T08:29:25.000000Z,45.866,45.835
2015-07-22T08:29:30.000000Z,45.865,45.836
2015-07-22T08:29:35.000000Z,45.864,45.837
2015-07-22T08:29:40.000000Z,45.855,45.825
2015-07-22T08:29:45.000000Z,45.857,45.827
2015-07-22T08:29:50.000000Z,45.858,45.827
2015-07-22T08:29:55.000000Z,45.858,45.826
2015-07-22T08:30:00.000000Z,45.853,45.824
2015-07-22T08:30:05.000000Z,45.852,45.819
2015-07-22T08:30:10.000000Z,45.858,45.823
2015-07-22T08:30:15.000000Z,45.857,45.822
2015-07-22T08:30:20.000000Z,45.856,45.821
2015-07-22T08:30:25.000000Z,45.853,45.823
2015-07-22T08:30:30.000000Z,45.851,45.821
2015-07-22T08:30:35.000000Z,45.844,45.814
2015-07-22T08:30:40.000000Z,45.843,45.812
2015-07-22T08:30:45.000000Z,45.84,45.81
2015-07-22T08:30:50.000000Z,45.841,45.811
2015-07-22T08:30:55.000000Z,45.841,45.81
2015-07-22T08:31:00.000000Z,45.833,45.807
2015-07-22T08:31:05.000000Z,45.827,45.794
2015-07-22T08:31:10.000000Z,45.827,45.796
2015-07-22T08:31:15.000000Z,45.825,45.798
2015-07-22T08:31:20.000000Z,45.824,45.788
2015-07-22T08:31:25.000000Z,45.821,45.792
2015-07-22T08:31:30.000000Z,45.822,45.776
2015-07-22T08:31:35.000000Z,45.813,45.779
2015-07-22T08:31:40.000000Z,45.81,45.775
2015-07-22T08:31:45.000000Z,45.801,45.768
2015-07-22T08:31:50.000000Z,45.8,45.768
2015-07-22T08:31:55.000000Z,45.803,45.77
2015-07-22T08:32:00.000000Z,45.806,45.778
2015-07-22T08:32:05.000000Z,45.805,45.774
2015-07-22T08:32:10.000000Z,45.804,45.772
2015-07-22T08:32:15.000000Z,45.798,45.766
2015-07-22T08:32:20.000000Z,45.799,45.769
2015-07-22T08:32:25.000000Z,45.801,45.771
2015-07-22T08:32:30.000000Z,45.796,45.76
2015-07-22T08:32:35.000000Z,45.793,45.767
2015-07-22T08:32:40.000000Z,45.793,45.762
2015-07-22T08:32:45.000000Z,45.787,45.759
2015-07-22T08:32:50.000000Z,45.782,45.749
2015-07-22T08:32:55.000000Z,45.782,45.75
2015-07-22T08:33:00.000000Z,45.779,45.748
2015-07-22T08:33:05.000000Z,45.778,45.749
2015-07-22T08:33:10.000000Z,45.778,45.75
2015-07-22T08:33:15.000000Z,45.78,45.751
2015-07-22T08:33:20.000000Z,45.781,45.749
2015-07-22T08:33:25.000000Z,45.781,45.752
2015-07-22T08:33:30.000000Z,45.782,45.751
2015-07-22T08:33:35.000000Z,45.782,45.754
2015-07-22T08:33:40.000000Z,45.78,45.753
2015-07-22T08:33:45.000000Z,45.777,45.75
2015-07-22T08:33:50.000000Z,45.777,45.754
2015-07-22T08:33:55.000000Z,45.78,45.753
2015-07-22T08:34:00.000000Z,45.78,45.754
2015-07-22T08:34:05.000000Z,45.784,45.755
2015-07-22T08:34:10.000000Z,45.779,45.754
2015-07-22T08:34:15.000000Z,45.78,45.754
2015-07-22T08:34:20.000000Z,45.782,45.75
2015-07-22T08:34:25.000000Z,45.772,45.732
2015-07-22T08:34:30.000000Z,45.773,45.741
2015-07-22T08:34:35.000000Z,45.771,45.738
2015-07-22T08:34:40.000000Z,45.768,45.733
2015-07-22T08:34:45.000000Z,45.761,45.708
2015-07-22T08:34:50.000000Z,45.744,45.71
2015-07-22T08:34:55.000000Z,45.741,45.708
2015-07-22T08:35:00.000000Z,45.747,45.714
2015-07-22T08:35:05.000000Z,45.748,45.714
2015-07-22T08:35:10.000000Z,45.746,45.718
2015-07-22T08:35:15.000000Z,45.745,45.721
2015-07-22T08:35:20.000000Z,45.748,45.722
2015-07-22T08:35:25.000000Z,45.747,45.721
2015-07-22T08:35:30.000000Z,45.754,45.722
2015-07-22T08:35:35.000000Z,45.756,45.724
2015-07-22T08:35:40.000000Z,45.757,45.727
2015-07-22T08:35:45.000000Z,45.757,45.717
2015-07-22T08:35:50.000000Z,45.751,45.719
2015-07-22T08:35:55.000000Z,45.75,45.719
2015-07-22T08:36:00.000000Z,45.75,45.724
2015-07-22T08:36:05.000000Z,45.742,45.712
2015-07-22T08:36:10.000000Z,45.75,45.723
2015-07-22T08:36:15.000000Z,45.747,45.718
2015-07-22T08:36:20.000000Z,45.742,45.715
2015-07-22T08:36:25.000000Z,45.742,45.717
2015-07-22T08:36:30.000000Z,45.742,45.717
2015-07-22T08:36:35.000000Z,45.736,45.711
2015-07-22T08:36:40.000000Z,45.736,45.707
2015-07-22T08:36:45.000000Z,45.737,45.704
2015-07-22T08:36:50.000000Z,45.737,45.706
2015-07-22T08:36:55.000000Z,45.737,45.711
2015-07-22T08:37:00.000000Z,45.736,45.708
2015-07-22T08:37:05.000000Z,45.735,45.71
2015-07-22T08:37:10.000000Z,45.735,45.711
2015-07-22T08:37:15.000000Z,45.73,45.704
2015-07-22T08:37:20.000000Z,45.721,45.697
2015-07-22T08:37:25.000000Z,45.71,45.675
2015-07-22T08:37:30.000000Z,45.702,45.673
2015-07-22T08:37:35.000000Z,45.707,45.676
2015-07-22T08:37:40.000000Z,45.705,45.678
2015-07-22T08:37:45.000000Z,45.705,45.676
2015-07-22T08:37:50.000000Z,45.705,45.676
2015-07-22T08:37:55.000000Z,45.708,45.678
2015-07-22T08:38:00.000000Z,45.707,45.681
2015-07-22T08:38:05.000000Z,45.706,45.682
2015-07-22T08:38:10.000000Z,45.704,45.679
2015-07-22T08:38:15.000000Z,45.707,45.68
2015-07-22T08:38:20.000000Z,45.706,45.673
2015-07-22T08:38:25.000000Z,45.704,45.673
2015-07-22T08:38:30.000000Z,45.707,45.675
2015-07-22T08:38:35.000000Z,45.708,45.677
2015-07-22T08:38:40.000000Z,45.706,45.677
2015-07-22T08:38:45.000000Z,45.708,45.677
2015-07-22T08:38:50.000000Z,45.707,45.675
2015-07-22T08:38:55.000000Z,45.698,45.663
2015-07-22T08:39:00.000000Z,45.694,45.659
2015-07-22T08:39:05.000000Z,45.684,45.659
2015-07-22T08:39:15.000000Z,45.678,45.652
2015-07-22T08:39:20.000000Z,45.677,45.642
2015-07-22T08:39:25.000000Z,45.677,45.627
2015-07-22T08:39:30.000000Z,45.657,45.628
2015-07-22T08:39:35.000000Z,45.662,45.558
2015-07-22T08:39:40.000000Z,45.649,45.601
2015-07-22T08:39:45.000000Z,45.651,45.618
2015-07-22T08:39:50.000000Z,45.662,45.626
2015-07-22T08:39:55.000000Z,45.646,45.614
2015-07-22T08:40:00.000000Z,45.645,45.613
2015-07-22T08:40:05.000000Z,45.647,45.615
2015-07-22T08:40:10.000000Z,45.639,45.606
2015-07-22T08:40:15.000000Z,45.634,45.603
2015-07-22T08:40:25.000000Z,45.632,45.602
2015-07-22T08:40:30.000000Z,45.63,45.599
2015-07-22T08:40:35.000000Z,45.634,45.596
2015-07-22T08:40:40.000000Z,45.635,45.604
2015-07-22T08:40:45.000000Z,45.634,45.6
2015-07-22T08:40:55.000000Z,45.637,45.605
2015-07-22T08:41:00.000000Z,45.636,45.606
2015-07-22T08:41:05.000000Z,45.635,45.605
2015-07-22T08:41:10.000000Z,45.636,45.606
2015-07-22T08:41:15.000000Z,45.638,45.607
2015-07-22T08:41:20.000000Z,45.635,45.603
2015-07-22T08:41:25.000000Z,45.636,45.611
2015-07-22T08:41:30.000000Z,45.643,45.615
2015-07-22T08:41:35.000000Z,45.642,45.62
2015-07-22T08:41:40.000000Z,45.648,45.624
2015-07-22T08:41:45.000000Z,45.652,45.622
2015-07-22T08:41:50.000000Z,45.652,45.622
2015-07-22T08:41:55.000000Z,45.653,45.621
2015-07-22T08:42:00.000000Z,45.651,45.624
2015-07-22T08:42:05.000000Z,45.66,45.625
2015-07-22T08:42:10.000000Z,45.664,45.626
2015-07-22T08:42:15.000000Z,45.662,45.635
2015-07-22T08:42:20.000000Z,45.666,45.636
2015-07-22T08:42:25.000000Z,45.668,45.636
2015-07-22T08:42:30.000000Z,45.668,45.636
2015-07-22T08:42:35.000000Z,45.668,45.641
2015-07-22T08:42:40.000000Z,45.666,45.637
2015-07-22T08:42:45.000000Z,45.666,45.637
2015-07-22T08:42:50.000000Z,45.665,45.635
2015-07-22T08:42:55.000000Z,45.669,45.637
2015-07-22T08:43:00.000000Z,45.668,45.641
2015-07-22T08:43:05.000000Z,45.669,45.641
2015-07-22T08:43:10.000000Z,45.667,45.64
2015-07-22T08:43:15.000000Z,45.666,45.64
2015-07-22T08:43:25.000000Z,45.669,45.644
2015-07-22T08:43:30.000000Z,45.669,45.643
2015-07-22T08:43:35.000000Z,45.668,45.645
2015-07-22T08:43:40.000000Z,45.67,45.644
2015-07-22T08:43:45.000000Z,45.671,45.641
2015-07-22T08:43:50.000000Z,45.671,45.639
2015-07-22T08:43:55.000000Z,45.671,45.64
2015-07-22T08:44:00.000000Z,45.669,45.651
2015-07-22T08:44:05.000000Z,45.671,45.641
2015-07-22T08:44:10.000000Z,45.675,45.64
2015-07-22T08:44:15.000000Z,45.67,45.644
2015-07-22T08:44:20.000000Z,45.672,45.641
2015-07-22T08:44:25.000000Z,45.67,45.643
2015-07-22T08:44:30.000000Z,45.669,45.643
2015-07-22T08:44:35.000000Z,45.67,45.643
2015-07-22T08:44:40.000000Z,45.672,45.642
2015-07-22T08:44:45.000000Z,45.669,45.646
2015-07-22T08:44:50.000000Z,45.67,45.645
2015-07-22T08:44:55.000000Z,45.669,45.643
2015-07-22T08:45:00.000000Z,45.676,45.643
2015-07-22T08:45:05.000000Z,45.677,45.642
2015-07-22T08:45:10.000000Z,45.67,45.641
2015-07-22T08:45:15.000000Z,45.67,45.643
2015-07-22T08:45:20.000000Z,45.675,45.654
2015-07-22T08:45:25.000000Z,45.672,45.646
2015-07-22T08:45:35.000000Z,45.674,45.649
2015-07-22T08:45:40.000000Z,45.679,45.65
2015-07-22T08:45:45.000000Z,45.686,45.653
2015-07-22T08:45:50.000000Z,45.682,45.656
2015-07-22T08:45:55.000000Z,45.681,45.654
2015-07-22T08:46:00.000000Z,45.681,45.654
2015-07-22T08:46:05.000000Z,45.683,45.664
2015-07-22T08:46:10.000000Z,45.68,45.651
2015-07-22T08:46:15.000000Z,45.682,45.653
2015-07-22T08:46:20.000000Z,45.681,45.655
2015-07-22T08:46:25.000000Z,45.68,45.657
2015-07-22T08:46:30.000000Z,45.679,45.655
2015-07-22T08:46:35.000000Z,45.687,45.655
2015-07-22T08:46:40.000000Z,45.685,45.655
2015-07-22T08:46:45.000000Z,45.685,45.663
2015-07-22T08:46:50.000000Z,45.687,45.662
2015-07-22T08:46:55.000000Z,45.683,45.659
2015-07-22T08:47:00.000000Z,45.68,45.657
2015-07-22T08:47:05.000000Z,45.688,45.664
2015-07-22T08:47:10.000000Z,45.69,45.662
2015-07-22T08:47:15.000000Z,45.689,45.661
2015-07-22T08:47:20.000000Z,45.69,45.662
2015-07-22T08:47:25.000000Z,45.69,45.664
2015-07-22T08:47:30.000000Z,45.696,45.666
2015-07-22T08:47:35.000000Z,45.696,45.666
2015-07-22T08:47:40.000000Z,45.69,45.663
2015-07-22T08:47:45.000000Z,45.695,45.67
2015-07-22T08:47:50.000000Z,45.697,45.675
2015-07-22T08:47:55.000000Z,45.698,45.672
2015-07-22T08:48:00.000000Z,45.7,45.673
2015-07-22T08:48:05.000000Z,45.699,45.674
2015-07-22T08:48:10.000000Z,45.724,45.686
2015-07-22T08:48:15.000000Z,45.722,45.689
2015-07-22T08:48:20.000000Z,45.714,45.682
2015-07-22T08:48:25.000000Z,45.708,45.679
2015-07-22T08:48:30.000000Z,45.708,45.675
2015-07-22T08:48:35.000000Z,45.708,45.681
2015-07-22T08:48:40.000000Z,45.712,45.685
2015-07-22T08:48:45.000000Z,45.708,45.677
2015-07-22T08:48:50.000000Z,45.707,45.682
2015-07-22T08:48:55.000000Z,45.709,45.676
2015-07-22T08:49:00.000000Z,45.709,45.677
2015-07-22T08:49:05.000000Z,45.708,45.679
2015-07-22T08:49:10.000000Z,45.707,45.678
2015-07-22T08:49:15.000000Z,45.707,45.678
2015-07-22T08:49:20.000000Z,45.714,45.68
2015-07-22T08:49:25.000000Z,45.712,45.681
2015-07-22T08:49:30.000000Z,45.713,45.682
2015-07-22T08:49:35.000000Z,45.71,45.683
2015-07-22T08:49:40.000000Z,45.715,45.683
2015-07-22T08:49:45.000000Z,45.715,45.686
2015-07-22T08:49:50.000000Z,45.713,45.684
2015-07-22T08:49:55.000000Z,45.714,45.683
2015-07-22T08:50:00.000000Z,45.714,45.681
2015-07-22T08:50:05.000000Z,45.712,45.681
2015-07-22T08:50:10.000000Z,45.716,45.684
2015-07-22T08:50:15.000000Z,45.705,45.674
2015-07-22T08:50:20.000000Z,45.706,45.676
2015-07-22T08:50:25.000000Z,45.715,45.68
2015-07-22T08:50:30.000000Z,45.706,45.673
2015-07-22T08:50:35.000000Z,45.707,45.673
2015-07-22T08:50:40.000000Z,45.706,45.672
2015-07-22T08:50:45.000000Z,45.703,45.672
2015-07-22T08:50:50.000000Z,45.705,45.673
2015-07-22T08:50:55.000000Z,45.706,45.674
2015-07-22T08:51:00.000000Z,45.705,45.674
2015-07-22T08:51:05.000000Z,45.707,45.674
2015-07-22T08:51:10.000000Z,45.704,45.663
2015-07-22T08:51:15.000000Z,45.699,45.666
2015-07-22T08:51:20.000000Z,45.703,45.667
2015-07-22T08:51:25.000000Z,45.7,45.667
2015-07-22T08:51:30.000000Z,45.695,45.662
2015-07-22T08:51:35.000000Z,45.698,45.662
2015-07-22T08:51:40.000000Z,45.697,45.662
2015-07-22T08:51:50.000000Z,45.696,45.661
2015-07-22T08:51:55.000000Z,45.697,45.663
2015-07-22T08:52:00.000000Z,45.695,45.662
2015-07-22T08:52:05.000000Z,45.694,45.663
2015-07-22T08:52:10.000000Z,45.695,45.662
2015-07-22T08:52:15.000000Z,45.687,45.661
2015-07-22T08:52:20.000000Z,45.692,45.662
2015-07-22T08:52:25.000000Z,45.694,45.66
2015-07-22T08:52:30.000000Z,45.696,45.663
2015-07-22T08:52:35.000000Z,45.697,45.663
2015-07-22T08:52:40.000000Z,45.695,45.658
2015-07-22T08:52:45.000000Z,45.695,45.661
2015-07-22T08:52:50.000000Z,45.695,45.661
2015-07-22T08:52:55.000000Z,45.696,45.664
2015-07-22T08:53:00.000000Z,45.694,45.665
2015-07-22T08:53:05.000000Z,45.693,45.665
2015-07-22T08:53:10.000000Z,45.689,45.66
2015-07-22T08:53:15.000000Z,45.693,45.662
2015-07-22T08:53:20.000000Z,45.691,45.66
2015-07-22T08:53:25.000000Z,45.692,45.657
2015-07-22T08:53:30.000000Z,45.693,45.658
2015-07-22T08:53:35.000000Z,45.692,45.656
2015-07-22T08:53:40.000000Z,45.683,45.656
2015-07-22T08:53:45.000000Z,45.676,45.652
2015-07-22T08:53:50.000000Z,45.681,45.655
2015-07-22T08:54:00.000000Z,45.678,45.651
2015-07-22T08:54:05.000000Z,45.679,45.651
2015-07-22T08:54:10.000000Z,45.676,45.645
2015-07-22T08:54:15.000000Z,45.672,45.638
2015-07-22T08:54:20.000000Z,45.668,45.636
2015-07-22T08:54:25.000000Z,45.655,45.628
2015-07-22T08:54:30.000000Z,45.658,45.628
2015-07-22T08:54:35.000000Z,45.648,45.629
2015-07-22T08:54:40.000000Z,45.649,45.628
2015-07-22T08:54:45.000000Z,45.648,45.622
2015-07-22T08:54:50.000000Z,45.641,45.607
2015-07-22T08:54:55.000000Z,45.632,45.6
2015-07-22T08:55:00.000000Z,45.623,45.6
2015-07-22T08:55:05.000000Z,45.626,45.6
2015-07-22T08:55:10.000000Z,45.623,45.601
2015-07-22T08:55:15.000000Z,45.634,45.599
2015-07-22T08:55:20.000000Z,45.637,45.6
2015-07-22T08:55:25.000000Z,45.64,45.602
2015-07-22T08:55:30.000000Z,45.638,45.601
2015-07-22T08:55:35.000000Z,45.64,45.603
2015-07-22T08:55:40.000000Z,45.635,45.599
2015-07-22T08:55:45.000000Z,45.634,45.6
2015-07-22T08:55:50.000000Z,45.632,45.595
2015-07-22T08:55:55.000000Z,45.631,45.596
2015-07-22T08:56:05.000000Z,45.634,45.595
2015-07-22T08:56:10.000000Z,45.631,45.597
2015-07-22T08:56:15.000000Z,45.632,45.596
2015-07-22T08:56:20.000000Z,45.632,45.597
2015-07-22T08:56:25.000000Z,45.632,45.597
2015-07-22T08:56:30.000000Z,45.626,45.598
2015-07-22T08:56:35.000000Z,45.628,45.598
2015-07-22T08:56:40.000000Z,45.627,45.6
2015-07-22T08:56:45.000000Z,45.629,45.597
2015-07-22T08:56:50.000000Z,45.621,45.591
2015-07-22T08:56:55.000000Z,45.625,45.589
2015-07-22T08:57:00.000000Z,45.612,45.59
2015-07-22T08:57:05.000000Z,45.608,45.576
2015-07-22T08:57:10.000000Z,45.602,45.573
2015-07-22T08:57:15.000000Z,45.599,45.572
2015-07-22T08:57:20.000000Z,45.603,45.571
2015-07-22T08:57:25.000000Z,45.6,45.572
2015-07-22T08:57:30.000000Z,45.597,45.573
2015-07-22T08:57:35.000000Z,45.596,45.572
2015-07-22T08:57:40.000000Z,45.598,45.576
2015-07-22T08:57:45.000000Z,45.601,45.571
2015-07-22T08:57:50.000000Z,45.619,45.577
2015-07-22T08:57:55.000000Z,45.606,45.578
2015-07-22T08:58:00.000000Z,45.602,45.579
2015-07-22T08:58:10.000000Z,45.611,45.581
2015-07-22T08:58:15.000000Z,45.613,45.581
2015-07-22T08:58:20.000000Z,45.624,45.594
2015-07-22T08:58:25.000000Z,45.622,45.593
2015-07-22T08:58:30.000000Z,45.634,45.599
2015-07-22T08:58:35.000000Z,45.634,45.6
2015-07-22T08:58:40.000000Z,45.638,45.61
2015-07-22T08:58:45.000000Z,45.658,45.612
2015-07-22T08:58:50.000000Z,45.659,45.612
2015-07-22T08:58:55.000000Z,45.649,45.611
2015-07-22T08:59:00.000000Z,45.648,45.611
2015-07-22T08:59:05.000000Z,45.65,45.618
2015-07-22T08:59:10.000000Z,45.652,45.625
2015-07-22T08:59:15.000000Z,45.666,45.628
2015-07-22T08:59:20.000000Z,45.668,45.628
2015-07-22T08:59:25.000000Z,45.672,45.634
2015-07-22T08:59:30.000000Z,45.661,45.625
2015-07-22T08:59:35.000000Z,45.658,45.624
2015-07-22T08:59:40.000000Z,45.659,45.626
2015-07-22T08:59:45.000000Z,45.653,45.628
2015-07-22T08:59:50.000000Z,45.653,45.626
2015-07-22T08:59:55.000000Z,45.656,45.625
2015-07-22T09:00:00.000000Z,45.649,45.623
2015-07-22T09:00:05.000000Z,45.655,45.62
2015-07-22T09:00:10.000000Z,45.647,45.619
2015-07-22T09:00:15.000000Z,45.654,45.621
2015-07-22T09:00:20.000000Z,45.652,45.62
2015-07-22T09:00:25.000000Z,45.651,45.619
2015-07-22T09:00:30.000000Z,45.65,45.62
2015-07-22T09:00:35.000000Z,45.655,45.618
2015-07-22T09:00:40.000000Z,45.653,45.628
2015-07-22T09:00:45.000000Z,45.659,45.626
2015-07-22T09:00:50.000000Z,45.66,45.627
2015-07-22T09:01:00.000000Z,45.66,45.629
2015-07-22T09:01:05.000000Z,45.659,45.627
2015-07-22T09:01:10.000000Z,45.659,45.627
2015-07-22T09:01:15.000000Z,45.663,45.628
2015-07-22T09:01:20.000000Z,45.66,45.629
2015-07-22T09:01:25.000000Z,45.66,45.627
2015-07-22T09:01:35.000000Z,45.661,45.628
2015-07-22T09:01:40.000000Z,45.664,45.635
2015-07-22T09:01:45.000000Z,45.66,45.636
2015-07-22T09:01:50.000000Z,45.679,45.647
2015-07-22T09:01:55.000000Z,45.674,45.644
2015-07-22T09:02:00.000000Z,45.671,45.646
2015-07-22T09:02:05.000000Z,45.673,45.652
2015-07-22T09:02:10.000000Z,45.676,45.65
2015-07-22T09:02:15.000000Z,45.676,45.653
2015-07-22T09:02:20.000000Z,45.676,45.654
2015-07-22T09:02:25.000000Z,45.679,45.646
2015-07-22T09:02:30.000000Z,45.681,45.652
2015-07-22T09:02:35.000000Z,45.684,45.653
2015-07-22T09:02:40.000000Z,45.681,45.653
2015-07-22T09:02:45.000000Z,45.68,45.652
2015-07-22T09:02:50.000000Z,45.689,45.653
2015-07-22T09:02:55.000000Z,45.693,45.654
2015-07-22T09:03:00.000000Z,45.7,45.66
2015-07-22T09:03:05.000000Z,45.708,45.657
2015-07-22T09:03:10.000000Z,45.701,45.666
2015-07-22T09:03:15.000000Z,45.707,45.666
2015-07-22T09:03:20.000000Z,45.705,45.671
2015-07-22T09:03:25.000000Z,45.698,45.66
2015-07-22T09:03:30.000000Z,45.694,45.656
2015-07-22T09:03:35.000000Z,45.694,45.651
2015-07-22T09:03:40.000000Z,45.683,45.655
2015-07-22T09:03:45.000000Z,45.685,45.656
2015-07-22T09:03:50.000000Z,45.69,45.65
2015-07-22T09:03:55.000000Z,45.69,45.65
2015-07-22T09:04:00.000000Z,45.679,45.655
2015-07-22T09:04:05.000000Z,45.683,45.655
2015-07-22T09:04:10.000000Z,45.681,45.655
2015-07-22T09:04:15.000000Z,45.683,45.654
2015-07-22T09:04:20.000000Z,45.677,45.655
2015-07-22T09:04:25.000000Z,45.68,45.655
2015-07-22T09:04:30.000000Z,45.679,45.657
2015-07-22T09:04:35.000000Z,45.681,45.655
2015-07-22T09:04:40.000000Z,45.681,45.656
2015-07-22T09:04:55.000000Z,45.681,45.648
2015-07-22T09:05:05.000000Z,45.681,45.65
2015-07-22T09:05:10.000000Z,45.681,45.65
2015-07-22T09:05:35.000000Z,45.68,45.647
2015-07-22T09:05:55.000000Z,45.678,45.647
2015-07-22T09:06:00.000000Z,45.678,45.645
2015-07-22T09:06:05.000000Z,45.675,45.643
2015-07-22T09:06:10.000000Z,45.675,45.643
2015-07-22T09:06:15.000000Z,45.674,45.644
2015-07-22T09:06:20.000000Z,45.675,45.642
2015-07-22T09:06:25.000000Z,45.676,45.643
2015-07-22T09:06:30.000000Z,45.674,45.645
2015-07-22T09:06:35.000000Z,45.674,45.646
2015-07-22T09:06:40.000000Z,45.675,45.646
2015-07-22T09:06:45.000000Z,45.678,45.651
2015-07-22T09:06:50.000000Z,45.677,45.648
2015-07-22T09:06:55.000000Z,45.678,45.647
2015-07-22T09:07:00.000000Z,45.675,45.647
2015-07-22T09:07:05.000000Z,45.677,45.647
2015-07-22T09:07:15.000000Z,45.676,45.652
2015-07-22T09:07:20.000000Z,45.677,45.651
2015-07-22T09:07:25.000000Z,45.674,45.651
2015-07-22T09:07:30.000000Z,45.676,45.652
2015-07-22T09:07:35.000000Z,45.678,45.655
2015-07-22T09:07:40.000000Z,45.678,45.655
2015-07-22T09:07:45.000000Z,45.678,45.657
2015-07-22T09:07:50.000000Z,45.683,45.658
2015-07-22T09:07:55.000000Z,45.696,45.659
2015-07-22T09:08:00.000000Z,45.704,45.664
2015-07-22T09:08:05.000000Z,45.704,45.667
2015-07-22T09:08:10.000000Z,45.706,45.669
2015-07-22T09:08:15.000000Z,45.703,45.666
2015-07-22T09:08:25.000000Z,45.705,45.666
2015-07-22T09:08:30.000000Z,45.703,45.664
2015-07-22T09:08:40.000000Z,45.703,45.666
2015-07-22T09:08:45.000000Z,45.701,45.665
2015-07-22T09:08:50.000000Z,45.708,45.674
2015-07-22T09:08:55.000000Z,45.703,45.668
2015-07-22T09:09:00.000000Z,45.706,45.668
2015-07-22T09:09:10.000000Z,45.707,45.67
2015-07-22T09:09:15.000000Z,45.704,45.67
2015-07-22T09:09:20.000000Z,45.707,45.669
2015-07-22T09:09:25.000000Z,45.713,45.687
2015-07-22T09:09:30.000000Z,45.717,45.687
2015-07-22T09:09:35.000000Z,45.716,45.686
2015-07-22T09:09:40.000000Z,45.717,45.688
2015-07-22T09:09:45.000000Z,45.715,45.687
2015-07-22T09:09:55.000000Z,45.716,45.688
2015-07-22T09:10:00.000000Z,45.716,45.686
2015-07-22T09:10:05.000000Z,45.715,45.688
2015-07-22T09:10:10.000000Z,45.729,45.697
2015-07-22T09:10:15.000000Z,45.735,45.695
2015-07-22T09:10:20.000000Z,45.733,45.7
2015-07-22T09:10:25.000000Z,45.736,45.7
2015-07-22T09:10:30.000000Z,45.734,45.706
2015-07-22T09:10:35.000000Z,45.733,45.704
2015-07-22T09:10:40.000000Z,45.723,45.693
2015-07-22T09:10:45.000000Z,45.721,45.687
2015-07-22T09:10:50.000000Z,45.725,45.695
2015-07-22T09:10:55.000000Z,45.725,45.695
2015-07-22T09:11:00.000000Z,45.724,45.696
2015-07-22T09:11:05.000000Z,45.724,45.696
2015-07-22T09:11:10.000000Z,45.718,45.695
2015-07-22T09:11:15.000000Z,45.719,45.697
2015-07-22T09:11:20.000000Z,45.72,45.697
2015-07-22T09:11:25.000000Z,45.73,45.697
2015-07-22T09:11:30.000000Z,45.726,45.696
2015-07-22T09:11:35.000000Z,45.727,45.697
2015-07-22T09:11:40.000000Z,45.725,45.696
2015-07-22T09:11:45.000000Z,45.726,45.696
2015-07-22T09:11:50.000000Z,45.728,45.699
2015-07-22T09:12:00.000000Z,45.726,45.699
2015-07-22T09:12:05.000000Z,45.729,45.699
2015-07-22T09:12:10.000000Z,45.73,45.703
2015-07-22T09:12:15.000000Z,45.726,45.699
2015-07-22T09:12:20.000000Z,45.727,45.698
2015-07-22T09:12:25.000000Z,45.722,45.691
2015-07-22T09:12:30.000000Z,45.726,45.695
2015-07-22T09:12:40.000000Z,45.717,45.688
2015-07-22T09:12:50.000000Z,45.71,45.685
2015-07-22T09:12:55.000000Z,45.715,45.687
2015-07-22T09:13:00.000000Z,45.715,45.685
2015-07-22T09:13:05.000000Z,45.714,45.685
2015-07-22T09:13:10.000000Z,45.715,45.686
2015-07-22T09:13:15.000000Z,45.714,45.686
2015-07-22T09:13:20.000000Z,45.717,45.691
2015-07-22T09:13:25.000000Z,45.717,45.689
2015-07-22T09:13:30.000000Z,45.716,45.688
2015-07-22T09:13:35.000000Z,45.716,45.687
2015-07-22T09:13:40.000000Z,45.716,45.686
2015-07-22T09:13:45.000000Z,45.713,45.686
2015-07-22T09:13:55.000000Z,45.715,45.685
2015-07-22T09:14:00.000000Z,45.714,45.687
2015-07-22T09:14:05.000000Z,45.713,45.688
2015-07-22T09:14:10.000000Z,45.702,45.677
2015-07-22T09:14:15.000000Z,45.698,45.675
2015-07-22T09:14:20.000000Z,45.701,45.676
2015-07-22T09:14:25.000000Z,45.708,45.677
2015-07-22T09:14:30.000000Z,45.708,45.678
2015-07-22T09:14:40.000000Z,45.7,45.676
2015-07-22T09:14:45.000000Z,45.699,45.674
2015-07-22T09:14:50.000000Z,45.702,45.678
2015-07-22T09:14:55.000000Z,45.714,45.676
2015-07-22T09:15:00.000000Z,45.704,45.676
2015-07-22T09:15:05.000000Z,45.703,45.674
2015-07-22T09:15:10.000000Z,45.712,45.681
2015-07-22T09:15:15.000000Z,45.714,45.683
2015-07-22T09:15:20.000000Z,45.714,45.686
2015-07-22T09:15:25.000000Z,45.716,45.694
2015-07-22T09:15:30.000000Z,45.713,45.694
2015-07-22T09:15:35.000000Z,45.714,45.693
2015-07-22T09:15:40.000000Z,45.713,45.692
2015-07-22T09:15:45.000000Z,45.714,45.694
2015-07-22T09:15:50.000000Z,45.722,45.696
2015-07-22T09:15:55.000000Z,45.723,45.7
2015-07-22T09:16:00.000000Z,45.736,45.697
2015-07-22T09:16:05.000000Z,45.738,45.693
2015-07-22T09:16:10.000000Z,45.726,45.7
2015-07-22T09:16:15.000000Z,45.73,45.701
2015-07-22T09:16:25.000000Z,45.73,45.701
2015-07-22T09:16:30.000000Z,45.73,45.699
2015-07-22T09:16:35.000000Z,45.731,45.702
2015-07-22T09:16:40.000000Z,45.729,45.701
2015-07-22T09:16:45.000000Z,45.73,45.698
2015-07-22T09:16:50.000000Z,45.727,45.698
2015-07-22T09:16:55.000000Z,45.728,45.699
2015-07-22T09:17:00.000000Z,45.727,45.701
2015-07-22T09:17:05.000000Z,45.726,45.699
2015-07-22T09:17:10.000000Z,45.727,45.7
2015-07-22T09:17:15.000000Z,45.729,45.699
2015-07-22T09:17:20.000000Z,45.729,45.698
2015-07-22T09:17:25.000000Z,45.727,45.701
2015-07-22T09:17:35.000000Z,45.724,45.7
2015-07-22T09:17:45.000000Z,45.724,45.704
2015-07-22T09:17:50.000000Z,45.725,45.703
2015-07-22T09:17:55.000000Z,45.723,45.693
2015-07-22T09:18:00.000000Z,45.721,45.693
2015-07-22T09:18:05.000000Z,45.721,45.699
2015-07-22T09:18:10.000000Z,45.721,45.699
2015-07-22T09:18:15.000000Z,45.723,45.698
2015-07-22T09:18:20.000000Z,45.727,45.703
2015-07-22T09:18:25.000000Z,45.729,45.706
2015-07-22T09:18:30.000000Z,45.73,45.71
2015-07-22T09:18:35.000000Z,45.731,45.709
2015-07-22T09:18:40.000000Z,45.731,45.709
2015-07-22T09:18:45.000000Z,45.742,45.715
2015-07-22T09:18:50.000000Z,45.74,45.717
2015-07-22T09:18:55.000000Z,45.741,45.716
2015-07-22T09:19:00.000000Z,45.74,45.713
2015-07-22T09:19:05.000000Z,45.738,45.712
2015-07-22T09:19:10.000000Z,45.726,45.689
2015-07-22T09:19:15.000000Z,45.723,45.691
2015-07-22T09:19:20.000000Z,45.723,45.687
2015-07-22T09:19:25.000000Z,45.72,45.691
2015-07-22T09:19:30.000000Z,45.72,45.691
2015-07-22T09:19:35.000000Z,45.718,45.692
2015-07-22T09:19:40.000000Z,45.716,45.692
2015-07-22T09:19:45.000000Z,45.716,45.692
2015-07-22T09:19:50.000000Z,45.72,45.693
2015-07-22T09:19:55.000000Z,45.727,45.699
2015-07-22T09:20:00.000000Z,45.726,45.702
2015-07-22T09:20:05.000000Z,45.729,45.706
2015-07-22T09:20:10.000000Z,45.728,45.707
2015-07-22T09:20:15.000000Z,45.737,45.705
2015-07-22T09:20:20.000000Z,45.736,45.706
2015-07-22T09:20:25.000000Z,45.736,45.706
2015-07-22T09:20:30.000000Z,45.737,45.708
2015-07-22T09:20:35.000000Z,45.738,45.709
2015-07-22T09:20:40.000000Z,45.742,45.718
2015-07-22T09:20:45.000000Z,45.741,45.719
2015-07-22T09:20:50.000000Z,45.737,45.709
2015-07-22T09:20:55.000000Z,45.737,45.707
2015-07-22T09:21:00.000000Z,45.736,45.707
2015-07-22T09:21:05.000000Z,45.738,45.71
2015-07-22T09:21:10.000000Z,45.739,45.713
2015-07-22T09:21:15.000000Z,45.736,45.708
2015-07-22T09:21:20.000000Z,45.736,45.708
2015-07-22T09:21:25.000000Z,45.734,45.712
2015-07-22T09:21:30.000000Z,45.734,45.711
2015-07-22T09:21:35.000000Z,45.735,45.711
2015-07-22T09:21:40.000000Z,45.735,45.712
2015-07-22T09:21:45.000000Z,45.732,45.706
2015-07-22T09:21:50.000000Z,45.731,45.708
2015-07-22T09:22:00.000000Z,45.731,45.709
2015-07-22T09:22:05.000000Z,45.73,45.708
2015-07-22T09:22:15.000000Z,45.729,45.7
2015-07-22T09:22:20.000000Z,45.73,45.701
2015-07-22T09:22:25.000000Z,45.736,45.711
2015-07-22T09:22:30.000000Z,45.734,45.706
2015-07-22T09:22:35.000000Z,45.735,45.711
2015-07-22T09:22:40.000000Z,45.734,45.712
2015-07-22T09:22:45.000000Z,45.736,45.711
2015-07-22T09:22:50.000000Z,45.734,45.711
2015-07-22T09:22:55.000000Z,45.734,45.709
2015-07-22T09:23:00.000000Z,45.733,45.703
2015-07-22T09:23:05.000000Z,45.726,45.698
2015-07-22T09:23:10.000000Z,45.731,45.707
2015-07-22T09:23:15.000000Z,45.732,45.703
2015-07-22T09:23:20.000000Z,45.731,45.713
2015-07-22T09:23:25.000000Z,45.73,45.7
2015-07-22T09:23:30.000000Z,45.727,45.701
2015-07-22T09:23:35.000000Z,45.73,45.702
2015-07-22T09:23:40.000000Z,45.728,45.704
2015-07-22T09:23:45.000000Z,45.73,45.706
2015-07-22T09:23:50.000000Z,45.741,45.708
2015-07-22T09:24:00.000000Z,45.744,45.719
2015-07-22T09:24:05.000000Z,45.742,45.721
2015-07-22T09:24:10.000000Z,45.744,45.718
2015-07-22T09:24:15.000000Z,45.743,45.716
2015-07-22T09:24:20.000000Z,45.736,45.708
2015-07-22T09:24:25.000000Z,45.736,45.708
2015-07-22T09:24:30.000000Z,45.732,45.705
2015-07-22T09:24:35.000000Z,45.732,45.706
2015-07-22T09:24:45.000000Z,45.731,45.706
2015-07-22T09:24:50.000000Z,45.732,45.704
2015-07-22T09:24:55.000000Z,45.729,45.703
2015-07-22T09:25:00.000000Z,45.73,45.702
2015-07-22T09:25:05.000000Z,45.731,45.704
2015-07-22T09:25:10.000000Z,45.73,45.704
2015-07-22T09:25:20.000000Z,45.729,45.7
2015-07-22T09:25:25.000000Z,45.727,45.699
2015-07-22T09:25:35.000000Z,45.727,45.699
2015-07-22T09:25:40.000000Z,45.729,45.699
2015-07-22T09:25:45.000000Z,45.728,45.698
2015-07-22T09:25:50.000000Z,45.726,45.697
2015-07-22T09:25:55.000000Z,45.726,45.7
2015-07-22T09:26:00.000000Z,45.725,45.699
2015-07-22T09:26:20.000000Z,45.726,45.7
2015-07-22T09:26:25.000000Z,45.725,45.697
2015-07-22T09:26:30.000000Z,45.726,45.7
2015-07-22T09:26:35.000000Z,45.724,45.697
2015-07-22T09:26:40.000000Z,45.722,45.697
2015-07-22T09:26:45.000000Z,45.722,45.697
2015-07-22T09:26:50.000000Z,45.724,45.697
2015-07-22T09:26:55.000000Z,45.726,45.699
2015-07-22T09:27:05.000000Z,45.726,45.7
2015-07-22T09:27:10.000000Z,45.726,45.7
2015-07-22T09:27:20.000000Z,45.728,45.701
2015-07-22T09:27:35.000000Z,45.728,45.703
2015-07-22T09:27:45.000000Z,45.729,45.702
2015-07-22T09:27:50.000000Z,45.729,45.702
2015-07-22T09:27:55.000000Z,45.733,45.705
2015-07-22T09:28:00.000000Z,45.73,45.701
2015-07-22T09:28:05.000000Z,45.736,45.705
2015-07-22T09:28:10.000000Z,45.734,45.705
2015-07-22T09:28:25.000000Z,45.74,45.711
2015-07-22T09:28:30.000000Z,45.739,45.711
2015-07-22T09:28:35.000000Z,45.74,45.711
2015-07-22T09:28:40.000000Z,45.74,45.71
2015-07-22T09:28:45.000000Z,45.744,45.71
2015-07-22T09:28:50.000000Z,45.744,45.713
2015-07-22T09:28:55.000000Z,45.745,45.711
2015-07-22T09:29:05.000000Z,45.737,45.706
2015-07-22T09:29:10.000000Z,45.734,45.706
2015-07-22T09:29:15.000000Z,45.735,45.706
2015-07-22T09:29:20.000000Z,45.741,45.715
2015-07-22T09:29:25.000000Z,45.738,45.718
2015-07-22T09:29:35.000000Z,45.741,45.71
2015-07-22T09:29:45.000000Z,45.742,45.71
2015-07-22T09:29:50.000000Z,45.743,45.713
2015-07-22T09:30:10.000000Z,45.743,45.712
2015-07-22T09:30:15.000000Z,45.739,45.712
2015-07-22T09:30:20.000000Z,45.743,45.711
2015-07-22T09:30:25.000000Z,45.743,45.712
2015-07-22T09:30:30.000000Z,45.741,45.711
2015-07-22T09:30:35.000000Z,45.742,45.711
2015-07-22T09:30:45.000000Z,45.74,45.711
2015-07-22T09:30:55.000000Z,45.742,45.711
2015-07-22T09:31:00.000000Z,45.741,45.71
2015-07-22T09:31:05.000000Z,45.741,45.71
2015-07-22T09:31:10.000000Z,45.747,45.715
2015-07-22T09:31:15.000000Z,45.747,45.72
2015-07-22T09:31:25.000000Z,45.739,45.711
2015-07-22T09:31:30.000000Z,45.743,45.712
2015-07-22T09:31:35.000000Z,45.746,45.715
2015-07-22T09:31:40.000000Z,45.746,45.715
2015-07-22T09:31:45.000000Z,45.738,45.712
2015-07-22T09:31:50.000000Z,45.74,45.712
2015-07-22T09:31:55.000000Z,45.738,45.71
2015-07-22T09:32:00.000000Z,45.74,45.712
2015-07-22T09:32:05.000000Z,45.739,45.713
2015-07-22T09:32:10.000000Z,45.738,45.714
2015-07-22T09:32:15.000000Z,45.737,45.711
2015-07-22T09:32:20.000000Z,45.745,45.714
2015-07-22T09:32:25.000000Z,45.737,45.712
2015-07-22T09:32:30.000000Z,45.737,45.711
2015-07-22T09:32:40.000000Z,45.742,45.71
2015-07-22T09:32:45.000000Z,45.744,45.714
2015-07-22T09:32:55.000000Z,45.743,45.714
2015-07-22T09:33:00.000000Z,45.745,45.714
2015-07-22T09:33:05.000000Z,45.745,45.715
2015-07-22T09:33:10.000000Z,45.746,45.714
2015-07-22T09:33:25.000000Z,45.744,45.711
2015-07-22T09:33:30.000000Z,45.742,45.713
2015-07-22T09:33:35.000000Z,45.741,45.711
2015-07-22T09:33:40.000000Z,45.741,45.71
2015-07-22T09:33:45.000000Z,45.744,45.713
2015-07-22T09:33:50.000000Z,45.738,45.711
2015-07-22T09:34:00.000000Z,45.742,45.711
2015-07-22T09:34:05.000000Z,45.742,45.715
2015-07-22T09:34:10.000000Z,45.741,45.715
2015-07-22T09:34:15.000000Z,45.741,45.716
2015-07-22T09:34:20.000000Z,45.74,45.714
2015-07-22T09:34:35.000000Z,45.746,45.715
2015-07-22T09:34:40.000000Z,45.745,45.715
2015-07-22T09:34:45.000000Z,45.745,45.715
2015-07-22T09:34:55.000000Z,45.745,45.715
2015-07-22T09:35:05.000000Z,45.742,45.711
2015-07-22T09:35:15.000000Z,45.742,45.715
2015-07-22T09:35:25.000000Z,45.747,45.719
2015-07-22T09:35:30.000000Z,45.748,45.718
2015-07-22T09:35:35.000000Z,45.751,45.717
2015-07-22T09:35:40.000000Z,45.749,45.715
2015-07-22T09:35:45.000000Z,45.746,45.718
2015-07-22T09:35:55.000000Z,45.746,45.717
2015-07-22T09:36:05.000000Z,45.746,45.717
2015-07-22T09:36:10.000000Z,45.745,45.714
2015-07-22T09:36:15.000000Z,45.747,45.715
2015-07-22T09:36:35.000000Z,45.746,45.714
2015-07-22T09:36:40.000000Z,45.735,45.71
2015-07-22T09:36:45.000000Z,45.744,45.713
2015-07-22T09:36:50.000000Z,45.747,45.719
2015-07-22T09:36:55.000000Z,45.745,45.717
2015-07-22T09:37:15.000000Z,45.744,45.715
2015-07-22T09:37:20.000000Z,45.746,45.717
2015-07-22T09:37:25.000000Z,45.746,45.716
2015-07-22T09:37:30.000000Z,45.743,45.716
2015-07-22T09:37:35.000000Z,45.747,45.716
2015-07-22T09:37:40.000000Z,45.747,45.719
2015-07-22T09:37:45.000000Z,45.747,45.719
2015-07-22T09:38:05.000000Z,45.749,45.718
2015-07-22T09:38:10.000000Z,45.748,45.718
2015-07-22T09:38:35.000000Z,45.747,45.717
2015-07-22T09:38:40.000000Z,45.744,45.717
2015-07-22T09:38:45.000000Z,45.747,45.717
2015-07-22T09:38:50.000000Z,45.745,45.714
2015-07-22T09:38:55.000000Z,45.744,45.714
2015-07-22T09:39:00.000000Z,45.746,45.717
2015-07-22T09:39:05.000000Z,45.746,45.717
2015-07-22T09:39:25.000000Z,45.746,45.718
2015-07-22T09:39:30.000000Z,45.745,45.718
2015-07-22T09:40:00.000000Z,45.739,45.709
2015-07-22T09:40:05.000000Z,45.742,45.71
2015-07-22T09:40:10.000000Z,45.74,45.71
2015-07-22T09:40:15.000000Z,45.742,45.709
2015-07-22T09:40:20.000000Z,45.741,45.709
2015-07-22T09:40:25.000000Z,45.73,45.703
2015-07-22T09:40:30.000000Z,45.729,45.704
2015-07-22T09:40:35.000000Z,45.736,45.7
2015-07-22T09:40:40.000000Z,45.737,45.699
2015-07-22T09:40:45.000000Z,45.729,45.703
2015-07-22T09:40:50.000000Z,45.733,45.707
2015-07-22T09:40:55.000000Z,45.731,45.704
2015-07-22T09:41:00.000000Z,45.73,45.705
2015-07-22T09:41:05.000000Z,45.733,45.707
2015-07-22T09:41:10.000000Z,45.731,45.707
2015-07-22T09:41:15.000000Z,45.732,45.706
2015-07-22T09:41:20.000000Z,45.733,45.709
2015-07-22T09:41:25.000000Z,45.733,45.708
2015-07-22T09:41:30.000000Z,45.733,45.708
2015-07-22T09:41:35.000000Z,45.733,45.709
2015-07-22T09:41:50.000000Z,45.73,45.706
2015-07-22T09:42:05.000000Z,45.723,45.701
2015-07-22T09:42:10.000000Z,45.722,45.702
2015-07-22T09:42:15.000000Z,45.719,45.699
2015-07-22T09:42:20.000000Z,45.722,45.695
2015-07-22T09:42:25.000000Z,45.726,45.697
2015-07-22T09:42:35.000000Z,45.721,45.694
2015-07-22T09:42:40.000000Z,45.715,45.691
2015-07-22T09:42:45.000000Z,45.716,45.69
2015-07-22T09:42:50.000000Z,45.714,45.69
2015-07-22T09:42:55.000000Z,45.705,45.675
2015-07-22T09:43:00.000000Z,45.702,45.675
2015-07-22T09:43:05.000000Z,45.702,45.672
2015-07-22T09:43:10.000000Z,45.702,45.673
2015-07-22T09:43:15.000000Z,45.698,45.662
2015-07-22T09:43:20.000000Z,45.702,45.671
2015-07-22T09:43:30.000000Z,45.7,45.672
2015-07-22T09:43:35.000000Z,45.703,45.672
2015-07-22T09:43:40.000000Z,45.703,45.672
2015-07-22T09:43:45.000000Z,45.706,45.672
2015-07-22T09:43:50.000000Z,45.706,45.673
2015-07-22T09:43:55.000000Z,45.705,45.673
2015-07-22T09:44:00.000000Z,45.704,45.671
2015-07-22T09:44:05.000000Z,45.702,45.671
2015-07-22T09:44:10.000000Z,45.704,45.672
2015-07-22T09:44:15.000000Z,45.703,45.673
2015-07-22T09:44:20.000000Z,45.705,45.673
2015-07-22T09:44:30.000000Z,45.706,45.675
2015-07-22T09:44:35.000000Z,45.708,45.676
2015-07-22T09:44:40.000000Z,45.704,45.675
2015-07-22T09:44:45.000000Z,45.704,45.676
2015-07-22T09:44:50.000000Z,45.704,45.674
2015-07-22T09:44:55.000000Z,45.703,45.674
2015-07-22T09:45:00.000000Z,45.704,45.673
2015-07-22T09:45:10.000000Z,45.7,45.675
2015-07-22T09:45:20.000000Z,45.7,45.669
2015-07-22T09:45:25.000000Z,45.694,45.669
2015-07-22T09:45:30.000000Z,45.69,45.661
2015-07-22T09:45:35.000000Z,45.685,45.661
2015-07-22T09:45:40.000000Z,45.689,45.662
2015-07-22T09:45:45.000000Z,45.689,45.663
2015-07-22T09:45:50.000000Z,45.688,45.664
2015-07-22T09:46:00.000000Z,45.69,45.663
2015-07-22T09:46:10.000000Z,45.688,45.654
2015-07-22T09:46:20.000000Z,45.685,45.653
2015-07-22T09:46:35.000000Z,45.687,45.653
2015-07-22T09:46:40.000000Z,45.687,45.655
2015-07-22T09:46:45.000000Z,45.686,45.655
2015-07-22T09:46:50.000000Z,45.688,45.656
2015-07-22T09:46:55.000000Z,45.686,45.655
2015-07-22T09:47:00.000000Z,45.678,45.653
2015-07-22T09:47:05.000000Z,45.679,45.655
2015-07-22T09:47:10.000000Z,45.683,45.653
2015-07-22T09:47:15.000000Z,45.685,45.658
2015-07-22T09:47:20.000000Z,45.683,45.656
2015-07-22T09:47:25.000000Z,45.684,45.657
2015-07-22T09:47:30.000000Z,45.684,45.657
2015-07-22T09:47:35.000000Z,45.684,45.657
2015-07-22T09:47:40.000000Z,45.681,45.655
2015-07-22T09:47:45.000000Z,45.686,45.662
2015-07-22T09:47:50.000000Z,45.685,45.659
2015-07-22T09:47:55.000000Z,45.684,45.659
2015-07-22T09:48:05.000000Z,45.684,45.657
2015-07-22T09:48:10.000000Z,45.685,45.662
2015-07-22T09:48:15.000000Z,45.686,45.663
2015-07-22T09:48:20.000000Z,45.689,45.667
2015-07-22T09:48:25.000000Z,45.696,45.67
2015-07-22T09:48:30.000000Z,45.71,45.682
2015-07-22T09:48:35.000000Z,45.739,45.701
2015-07-22T09:48:40.000000Z,45.733,45.699
2015-07-22T09:48:45.000000Z,45.724,45.691
2015-07-22T09:48:50.000000Z,45.736,45.687
2015-07-22T09:48:55.000000Z,45.728,45.662
2015-07-22T09:49:00.000000Z,45.721,45.663
2015-07-22T09:49:05.000000Z,45.72,45.674
2015-07-22T09:49:10.000000Z,45.714,45.685
2015-07-22T09:49:15.000000Z,45.709,45.676
2015-07-22T09:49:20.000000Z,45.709,45.678
2015-07-22T09:49:25.000000Z,45.71,45.675
2015-07-22T09:49:30.000000Z,45.717,45.679
2015-07-22T09:49:35.000000Z,45.715,45.682
2015-07-22T09:49:40.000000Z,45.71,45.681
2015-07-22T09:49:45.000000Z,45.709,45.678
2015-07-22T09:49:55.000000Z,45.708,45.678
2015-07-22T09:50:00.000000Z,45.711,45.678
2015-07-22T09:50:05.000000Z,45.712,45.678
2015-07-22T09:50:10.000000Z,45.711,45.679
2015-07-22T09:50:15.000000Z,45.711,45.678
2015-07-22T09:50:20.000000Z,45.709,45.679
2015-07-22T09:50:25.000000Z,45.713,45.68
2015-07-22T09:50:30.000000Z,45.712,45.678
2015-07-22T09:50:35.000000Z,45.711,45.68
2015-07-22T09:50:45.000000Z,45.712,45.68
2015-07-22T09:50:50.000000Z,45.711,45.68
2015-07-22T09:50:55.000000Z,45.701,45.67
2015-07-22T09:51:00.000000Z,45.707,45.671
2015-07-22T09:51:05.000000Z,45.709,45.671
2015-07-22T09:51:10.000000Z,45.707,45.672
2015-07-22T09:51:15.000000Z,45.698,45.665
2015-07-22T09:51:30.000000Z,45.7,45.666
2015-07-22T09:51:35.000000Z,45.701,45.665
2015-07-22T09:51:40.000000Z,45.7,45.666
2015-07-22T09:51:45.000000Z,45.7,45.666
2015-07-22T09:51:50.000000Z,45.69,45.662
2015-07-22T09:51:55.000000Z,45.691,45.659
2015-07-22T09:52:00.000000Z,45.694,45.661
2015-07-22T09:52:05.000000Z,45.692,45.667
2015-07-22T09:52:10.000000Z,45.694,45.668
2015-07-22T09:52:15.000000Z,45.694,45.662
2015-07-22T09:52:20.000000Z,45.694,45.662
2015-07-22T09:52:25.000000Z,45.692,45.66
2015-07-22T09:52:30.000000Z,45.693,45.662
2015-07-22T09:52:35.000000Z,45.692,45.661
2015-07-22T09:52:40.000000Z,45.695,45.663
2015-07-22T09:52:50.000000Z,45.695,45.665
2015-07-22T09:53:00.000000Z,45.695,45.664
2015-07-22T09:53:05.000000Z,45.696,45.663
2015-07-22T09:53:10.000000Z,45.694,45.663
2015-07-22T09:53:15.000000Z,45.695,45.662
2015-07-22T09:53:20.000000Z,45.695,45.664
2015-07-22T09:53:25.000000Z,45.699,45.666
2015-07-22T09:53:30.000000Z,45.699,45.668
2015-07-22T09:53:35.000000Z,45.698,45.674
2015-07-22T09:53:40.000000Z,45.699,45.673
2015-07-22T09:53:45.000000Z,45.696,45.662
2015-07-22T09:53:50.000000Z,45.698,45.671
2015-07-22T09:53:55.000000Z,45.696,45.663
2015-07-22T09:54:05.000000Z,45.69,45.657
2015-07-22T09:54:20.000000Z,45.687,45.658
2015-07-22T09:54:25.000000Z,45.687,45.658
2015-07-22T09:54:30.000000Z,45.685,45.657
2015-07-22T09:54:35.000000Z,45.682,45.655
2015-07-22T09:54:40.000000Z,45.669,45.638
2015-07-22T09:54:45.000000Z,45.672,45.64
2015-07-22T09:54:50.000000Z,45.676,45.644
2015-07-22T09:54:55.000000Z,45.678,45.647
2015-07-22T09:55:00.000000Z,45.677,45.647
2015-07-22T09:55:20.000000Z,45.674,45.645
2015-07-22T09:55:25.000000Z,45.676,45.645
2015-07-22T09:55:35.000000Z,45.676,45.645
2015-07-22T09:55:40.000000Z,45.674,45.642
2015-07-22T09:55:45.000000Z,45.676,45.647
2015-07-22T09:55:50.000000Z,45.671,45.642
2015-07-22T09:55:55.000000Z,45.67,45.642
2015-07-22T09:56:00.000000Z,45.673,45.647
2015-07-22T09:56:05.000000Z,45.671,45.643
2015-07-22T09:56:10.000000Z,45.671,45.64
2015-07-22T09:56:15.000000Z,45.669,45.64
2015-07-22T09:56:20.000000Z,45.671,45.648
2015-07-22T09:56:25.000000Z,45.672,45.648
2015-07-22T09:56:30.000000Z,45.672,45.646
2015-07-22T09:56:35.000000Z,45.671,45.648
2015-07-22T09:56:45.000000Z,45.666,45.641
2015-07-22T09:56:50.000000Z,45.668,45.642
2015-07-22T09:56:55.000000Z,45.669,45.643
2015-07-22T09:57:00.000000Z,45.668,45.643
2015-07-22T09:57:05.000000Z,45.667,45.642
2015-07-22T09:57:10.000000Z,45.671,45.644
2015-07-22T09:57:15.000000Z,45.672,45.646
2015-07-22T09:57:20.000000Z,45.67,45.644
2015-07-22T09:57:25.000000Z,45.671,45.642
2015-07-22T09:57:30.000000Z,45.67,45.642
2015-07-22T09:57:35.000000Z,45.664,45.639
2015-07-22T09:57:40.000000Z,45.665,45.642
2015-07-22T09:57:45.000000Z,45.668,45.642
2015-07-22T09:57:50.000000Z,45.667,45.643
2015-07-22T09:58:00.000000Z,45.665,45.634
2015-07-22T09:58:05.000000Z,45.664,45.635
2015-07-22T09:58:10.000000Z,45.659,45.634
2015-07-22T09:58:15.000000Z,45.661,45.635
2015-07-22T09:58:20.000000Z,45.661,45.633
2015-07-22T09:58:25.000000Z,45.659,45.634
2015-07-22T09:58:30.000000Z,45.658,45.631
2015-07-22T09:58:45.000000Z,45.657,45.632
2015-07-22T09:58:50.000000Z,45.654,45.627
2015-07-22T09:58:55.000000Z,45.652,45.628
2015-07-22T09:59:00.000000Z,45.655,45.629
2015-07-22T09:59:05.000000Z,45.655,45.63
2015-07-22T09:59:10.000000Z,45.653,45.628
2015-07-22T09:59:15.000000Z,45.652,45.632
2015-07-22T09:59:20.000000Z,45.656,45.635
2015-07-22T09:59:25.000000Z,45.657,45.635
2015-07-22T09:59:30.000000Z,45.655,45.631
2015-07-22T09:59:35.000000Z,45.653,45.632
2015-07-22T09:59:40.000000Z,45.653,45.629
2015-07-22T09:59:45.000000Z,45.651,45.63
2015-07-22T09:59:50.000000Z,45.647,45.623
2015-07-22T09:59:55.000000Z,45.645,45.62
2015-07-22T10:00:00.000000Z,45.646,45.621
2015-07-22T10:00:05.000000Z,45.646,45.624
2015-07-22T10:00:10.000000Z,45.646,45.622
2015-07-22T10:00:15.000000Z,45.643,45.621
2015-07-22T10:00:20.000000Z,45.643,45.616
2015-07-22T10:00:25.000000Z,45.643,45.617
2015-07-22T10:00:30.000000Z,45.638,45.619
2015-07-22T10:00:35.000000Z,45.637,45.606
2015-07-22T10:00:40.000000Z,45.641,45.613
2015-07-22T10:00:45.000000Z,45.648,45.619
2015-07-22T10:00:50.000000Z,45.654,45.627
2015-07-22T10:00:55.000000Z,45.654,45.626
2015-07-22T10:01:05.000000Z,45.655,45.627
2015-07-22T10:01:10.000000Z,45.653,45.628
2015-07-22T10:01:15.000000Z,45.653,45.626
2015-07-22T10:01:20.000000Z,45.652,45.626
2015-07-22T10:01:30.000000Z,45.663,45.631
2015-07-22T10:01:35.000000Z,45.668,45.636
2015-07-22T10:01:40.000000Z,45.67,45.64
2015-07-22T10:01:45.000000Z,45.669,45.639
2015-07-22T10:01:50.000000Z,45.67,45.638
2015-07-22T10:01:55.000000Z,45.669,45.637
2015-07-22T10:02:00.000000Z,45.67,45.637
2015-07-22T10:02:15.000000Z,45.671,45.639
2015-07-22T10:02:25.000000Z,45.669,45.64
2015-07-22T10:02:30.000000Z,45.667,45.639
2015-07-22T10:02:40.000000Z,45.669,45.638
2015-07-22T10:02:45.000000Z,45.66,45.631
2015-07-22T10:02:50.000000Z,45.659,45.63
2015-07-22T10:02:55.000000Z,45.66,45.631
2015-07-22T10:03:00.000000Z,45.657,45.632
2015-07-22T10:03:10.000000Z,45.654,45.631
2015-07-22T10:03:25.000000Z,45.654,45.623
2015-07-22T10:03:30.000000Z,45.652,45.624
2015-07-22T10:03:45.000000Z,45.653,45.625
2015-07-22T10:03:55.000000Z,45.655,45.626
2015-07-22T10:04:05.000000Z,45.653,45.627
2015-07-22T10:04:15.000000Z,45.653,45.627
2015-07-22T10:04:20.000000Z,45.656,45.627
2015-07-22T10:04:35.000000Z,45.653,45.625
2015-07-22T10:05:10.000000Z,45.654,45.626
2015-07-22T10:05:15.000000Z,45.654,45.627
2015-07-22T10:05:20.000000Z,45.641,45.606
2015-07-22T10:05:25.000000Z,45.648,45.616
2015-07-22T10:05:30.000000Z,45.647,45.617
2015-07-22T10:05:35.000000Z,45.641,45.611
2015-07-22T10:05:40.000000Z,45.637,45.607
2015-07-22T10:05:45.000000Z,45.636,45.608
2015-07-22T10:05:50.000000Z,45.641,45.611
2015-07-22T10:05:55.000000Z,45.639,45.609
2015-07-22T10:06:00.000000Z,45.637,45.609
2015-07-22T10:06:05.000000Z,45.636,45.607
2015-07-22T10:06:10.000000Z,45.637,45.61
2015-07-22T10:06:15.000000Z,45.641,45.611
2015-07-22T10:06:20.000000Z,45.641,45.612
2015-07-22T10:06:25.000000Z,45.644,45.615
2015-07-22T10:06:30.000000Z,45.643,45.613
2015-07-22T10:06:35.000000Z,45.646,45.618
2015-07-22T10:06:40.000000Z,45.645,45.619
2015-07-22T10:06:45.000000Z,45.645,45.618
2015-07-22T10:06:50.000000Z,45.646,45.617
2015-07-22T10:06:55.000000Z,45.647,45.62
2015-07-22T10:07:00.000000Z,45.646,45.617
2015-07-22T10:07:05.000000Z,45.642,45.616
2015-07-22T10:07:10.000000Z,45.643,45.616
2015-07-22T10:07:15.000000Z,45.641,45.613
2015-07-22T10:07:20.000000Z,45.643,45.614
2015-07-22T10:07:25.000000Z,45.642,45.613
2015-07-22T10:07:30.000000Z,45.642,45.613
2015-07-22T10:07:35.000000Z,45.643,45.614
2015-07-22T10:07:40.000000Z,45.644,45.614
2015-07-22T10:07:45.000000Z,45.643,45.616
2015-07-22T10:07:50.000000Z,45.643,45.614
2015-07-22T10:08:00.000000Z,45.642,45.615
2015-07-22T10:08:10.000000Z,45.643,45.618
2015-07-22T10:08:15.000000Z,45.644,45.62
2015-07-22T10:08:20.000000Z,45.671,45.616
2015-07-22T10:08:25.000000Z,45.658,45.614
2015-07-22T10:08:30.000000Z,45.649,45.627
2015-07-22T10:08:35.000000Z,45.656,45.631
2015-07-22T10:08:40.000000Z,45.652,45.626
2015-07-22T10:08:45.000000Z,45.652,45.626
2015-07-22T10:08:50.000000Z,45.652,45.627
2015-07-22T10:08:55.000000Z,45.652,45.626
2015-07-22T10:09:00.000000Z,45.655,45.627
2015-07-22T10:09:05.000000Z,45.657,45.629
2015-07-22T10:09:10.000000Z,45.654,45.628
2015-07-22T10:09:15.000000Z,45.653,45.628
2015-07-22T10:09:20.000000Z,45.652,45.63
2015-07-22T10:09:25.000000Z,45.652,45.629
2015-07-22T10:09:30.000000Z,45.653,45.629
2015-07-22T10:09:35.000000Z,45.645,45.616
2015-07-22T10:09:40.000000Z,45.652,45.623
2015-07-22T10:09:45.000000Z,45.65,45.62
2015-07-22T10:09:50.000000Z,45.637,45.611
2015-07-22T10:09:55.000000Z,45.638,45.615
2015-07-22T10:10:00.000000Z,45.636,45.616
2015-07-22T10:10:05.000000Z,45.646,45.618
2015-07-22T10:10:10.000000Z,45.646,45.618
2015-07-22T10:10:15.000000Z,45.647,45.616
2015-07-22T10:10:20.000000Z,45.649,45.619
2015-07-22T10:10:25.000000Z,45.649,45.624
2015-07-22T10:10:35.000000Z,45.65,45.626
2015-07-22T10:10:40.000000Z,45.651,45.628
2015-07-22T10:10:45.000000Z,45.671,45.636
2015-07-22T10:10:50.000000Z,45.66,45.63
2015-07-22T10:10:55.000000Z,45.658,45.629
2015-07-22T10:11:05.000000Z,45.66,45.628
2015-07-22T10:11:10.000000Z,45.662,45.632
2015-07-22T10:11:15.000000Z,45.662,45.632
2015-07-22T10:11:20.000000Z,45.66,45.632
2015-07-22T10:11:25.000000Z,45.662,45.632
2015-07-22T10:11:30.000000Z,45.662,45.631
2015-07-22T10:11:45.000000Z,45.662,45.632
2015-07-22T10:11:50.000000Z,45.661,45.63
2015-07-22T10:12:00.000000Z,45.66,45.63
2015-07-22T10:12:20.000000Z,45.663,45.634
2015-07-22T10:12:25.000000Z,45.663,45.633
2015-07-22T10:12:30.000000Z,45.661,45.635
2015-07-22T10:12:40.000000Z,45.662,45.631
2015-07-22T10:12:45.000000Z,45.66,45.631
2015-07-22T10:12:50.000000Z,45.661,45.629
2015-07-22T10:12:55.000000Z,45.661,45.629
2015-07-22T10:13:05.000000Z,45.663,45.632
2015-07-22T10:13:10.000000Z,45.662,45.632
2015-07-22T10:13:25.000000Z,45.658,45.633
2015-07-22T10:13:35.000000Z,45.647,45.614
2015-07-22T10:13:40.000000Z,45.644,45.612
2015-07-22T10:13:45.000000Z,45.636,45.605
2015-07-22T10:13:50.000000Z,45.636,45.607
2015-07-22T10:13:55.000000Z,45.631,45.593
2015-07-22T10:14:00.000000Z,45.622,45.593
2015-07-22T10:14:10.000000Z,45.621,45.593
2015-07-22T10:14:15.000000Z,45.622,45.591
2015-07-22T10:14:20.000000Z,45.615,45.583
2015-07-22T10:14:25.000000Z,45.614,45.583
2015-07-22T10:14:30.000000Z,45.615,45.584
2015-07-22T10:14:35.000000Z,45.622,45.59
2015-07-22T10:14:40.000000Z,45.621,45.589
2015-07-22T10:14:45.000000Z,45.62,45.588
2015-07-22T10:14:50.000000Z,45.621,45.588
2015-07-22T10:14:55.000000Z,45.622,45.59
2015-07-22T10:15:00.000000Z,45.623,45.59
2015-07-22T10:15:05.000000Z,45.623,45.589
2015-07-22T10:15:10.000000Z,45.622,45.588
2015-07-22T10:15:25.000000Z,45.623,45.59
2015-07-22T10:15:30.000000Z,45.623,45.589
2015-07-22T10:15:45.000000Z,45.628,45.596
2015-07-22T10:16:00.000000Z,45.626,45.597
2015-07-22T10:16:05.000000Z,45.626,45.596
2015-07-22T10:16:20.000000Z,45.635,45.603
2015-07-22T10:16:25.000000Z,45.629,45.6
2015-07-22T10:16:30.000000Z,45.627,45.599
2015-07-22T10:16:35.000000Z,45.629,45.602
2015-07-22T10:16:40.000000Z,45.628,45.606
2015-07-22T10:16:50.000000Z,45.633,45.609
2015-07-22T10:16:55.000000Z,45.632,45.609
2015-07-22T10:17:00.000000Z,45.632,45.608
2015-07-22T10:17:05.000000Z,45.63,45.605
2015-07-22T10:17:25.000000Z,45.627,45.605
2015-07-22T10:17:35.000000Z,45.633,45.604
2015-07-22T10:17:40.000000Z,45.634,45.603
2015-07-22T10:17:45.000000Z,45.635,45.607
2015-07-22T10:17:50.000000Z,45.628,45.602
2015-07-22T10:17:55.000000Z,45.635,45.605
2015-07-22T10:18:00.000000Z,45.639,45.608
2015-07-22T10:18:05.000000Z,45.642,45.609
2015-07-22T10:18:10.000000Z,45.638,45.608
2015-07-22T10:18:15.000000Z,45.639,45.608
2015-07-22T10:18:20.000000Z,45.639,45.607
2015-07-22T10:18:35.000000Z,45.637,45.606
2015-07-22T10:18:45.000000Z,45.638,45.607
2015-07-22T10:18:50.000000Z,45.64,45.609
2015-07-22T10:18:55.000000Z,45.64,45.608
2015-07-22T10:19:00.000000Z,45.641,45.61
2015-07-22T10:19:20.000000Z,45.639,45.609
2015-07-22T10:19:25.000000Z,45.64,45.611
2015-07-22T10:19:35.000000Z,45.641,45.611
2015-07-22T10:19:40.000000Z,45.64,45.609
2015-07-22T10:19:45.000000Z,45.645,45.614
2015-07-22T10:19:50.000000Z,45.641,45.612
2015-07-22T10:19:55.000000Z,45.639,45.61
2015-07-22T10:20:00.000000Z,45.637,45.608
2015-07-22T10:20:05.000000Z,45.636,45.606
2015-07-22T10:20:15.000000Z,45.634,45.604
2015-07-22T10:20:20.000000Z,45.636,45.608
2015-07-22T10:20:30.000000Z,45.641,45.608
2015-07-22T10:20:35.000000Z,45.641,45.607
2015-07-22T10:20:40.000000Z,45.64,45.608
2015-07-22T10:20:45.000000Z,45.638,45.609
2015-07-22T10:21:10.000000Z,45.638,45.609
2015-07-22T10:21:15.000000Z,45.638,45.61
2015-07-22T10:21:25.000000Z,45.638,45.61
2015-07-22T10:21:30.000000Z,45.639,45.61
2015-07-22T10:21:35.000000Z,45.64,45.611
2015-07-22T10:21:40.000000Z,45.641,45.612
2015-07-22T10:21:45.000000Z,45.64,45.613
2015-07-22T10:21:55.000000Z,45.642,45.612
2015-07-22T10:22:00.000000Z,45.642,45.614
2015-07-22T10:22:05.000000Z,45.641,45.613
2015-07-22T10:22:10.000000Z,45.641,45.612
2015-07-22T10:22:20.000000Z,45.642,45.615
2015-07-22T10:22:35.000000Z,45.642,45.613
2015-07-22T10:22:40.000000Z,45.64,45.612
2015-07-22T10:22:45.000000Z,45.644,45.612
2015-07-22T10:22:50.000000Z,45.644,45.613
2015-07-22T10:22:55.000000Z,45.644,45.615
2015-07-22T10:23:00.000000Z,45.644,45.614
2015-07-22T10:23:05.000000Z,45.641,45.612
2015-07-22T10:23:15.000000Z,45.641,45.612
2015-07-22T10:23:20.000000Z,45.642,45.612
2015-07-22T10:23:30.000000Z,45.64,45.61
2015-07-22T10:23:35.000000Z,45.638,45.61
2015-07-22T10:23:40.000000Z,45.638,45.612
2015-07-22T10:23:55.000000Z,45.641,45.611
2015-07-22T10:24:00.000000Z,45.638,45.609
2015-07-22T10:24:05.000000Z,45.641,45.613
2015-07-22T10:24:10.000000Z,45.642,45.611
2015-07-22T10:24:15.000000Z,45.643,45.612
2015-07-22T10:24:30.000000Z,45.647,45.616
2015-07-22T10:24:35.000000Z,45.648,45.619
2015-07-22T10:25:05.000000Z,45.65,45.62
2015-07-22T10:25:10.000000Z,45.647,45.618
2015-07-22T10:25:15.000000Z,45.651,45.621
2015-07-22T10:25:20.000000Z,45.651,45.621
2015-07-22T10:25:25.000000Z,45.635,45.604
2015-07-22T10:25:30.000000Z,45.635,45.608
2015-07-22T10:25:35.000000Z,45.638,45.607
2015-07-22T10:25:40.000000Z,45.638,45.61
2015-07-22T10:25:45.000000Z,45.635,45.616
2015-07-22T10:25:50.000000Z,45.648,45.616
2015-07-22T10:25:55.000000Z,45.65,45.62
2015-07-22T10:26:00.000000Z,45.647,45.61
2015-07-22T10:26:05.000000Z,45.651,45.616
2015-07-22T10:26:10.000000Z,45.656,45.619
2015-07-22T10:26:15.000000Z,45.644,45.612
2015-07-22T10:26:20.000000Z,45.642,45.607
2015-07-22T10:26:25.000000Z,45.639,45.614
2015-07-22T10:26:30.000000Z,45.63,45.6
2015-07-22T10:26:35.000000Z,45.629,45.596
2015-07-22T10:26:40.000000Z,45.635,45.601
2015-07-22T10:26:45.000000Z,45.634,45.602
2015-07-22T10:26:50.000000Z,45.627,45.605
2015-07-22T10:26:55.000000Z,45.626,45.602
2015-07-22T10:27:00.000000Z,45.628,45.602
2015-07-22T10:27:05.000000Z,45.631,45.607
2015-07-22T10:27:10.000000Z,45.63,45.603
2015-07-22T10:27:15.000000Z,45.631,45.605
2015-07-22T10:27:20.000000Z,45.633,45.606
2015-07-22T10:27:25.000000Z,45.632,45.609
2015-07-22T10:27:30.000000Z,45.633,45.608
2015-07-22T10:27:35.000000Z,45.63,45.605
2015-07-22T10:27:40.000000Z,45.632,45.608
2015-07-22T10:27:45.000000Z,45.636,45.61
2015-07-22T10:27:50.000000Z,45.637,45.611
2015-07-22T10:27:55.000000Z,45.639,45.613
2015-07-22T10:28:00.000000Z,45.642,45.615
2015-07-22T10:28:05.000000Z,45.643,45.615
2015-07-22T10:28:10.000000Z,45.637,45.613
2015-07-22T10:28:15.000000Z,45.647,45.62
2015-07-22T10:28:20.000000Z,45.644,45.62
2015-07-22T10:28:25.000000Z,45.636,45.61
2015-07-22T10:28:30.000000Z,45.645,45.619
2015-07-22T10:28:35.000000Z,45.643,45.617
2015-07-22T10:28:40.000000Z,45.638,45.615
2015-07-22T10:28:45.000000Z,45.639,45.615
2015-07-22T10:28:50.000000Z,45.638,45.614
2015-07-22T10:28:55.000000Z,45.636,45.615
2015-07-22T10:29:00.000000Z,45.637,45.609
2015-07-22T10:29:05.000000Z,45.641,45.61
2015-07-22T10:29:10.000000Z,45.636,45.613
2015-07-22T10:29:15.000000Z,45.636,45.613
2015-07-22T10:29:25.000000Z,45.631,45.6
2015-07-22T10:29:30.000000Z,45.627,45.604
2015-07-22T10:29:35.000000Z,45.63,45.601
2015-07-22T10:29:40.000000Z,45.629,45.6
2015-07-22T10:29:45.000000Z,45.627,45.597
2015-07-22T10:29:50.000000Z,45.629,45.597
2015-07-22T10:29:55.000000Z,45.627,45.602
2015-07-22T10:30:00.000000Z,45.62,45.596
2015-07-22T10:30:05.000000Z,45.627,45.595
2015-07-22T10:30:10.000000Z,45.621,45.593
2015-07-22T10:30:15.000000Z,45.628,45.601
2015-07-22T10:30:20.000000Z,45.627,45.596
2015-07-22T10:30:25.000000Z,45.618,45.595
2015-07-22T10:30:30.000000Z,45.621,45.594
2015-07-22T10:30:35.000000Z,45.637,45.605
2015-07-22T10:30:40.000000Z,45.634,45.605
2015-07-22T10:30:45.000000Z,45.626,45.601
2015-07-22T10:30:50.000000Z,45.639,45.604
2015-07-22T10:30:55.000000Z,45.636,45.608
2015-07-22T10:31:00.000000Z,45.635,45.605
2015-07-22T10:31:05.000000Z,45.635,45.605
2015-07-22T10:31:10.000000Z,45.636,45.605
2015-07-22T10:31:15.000000Z,45.634,45.6
2015-07-22T10:31:20.000000Z,45.631,45.6
2015-07-22T10:31:25.000000Z,45.631,45.599
2015-07-22T10:31:30.000000Z,45.631,45.6
2015-07-22T10:31:35.000000Z,45.624,45.593
2015-07-22T10:31:40.000000Z,45.618,45.594
2015-07-22T10:31:45.000000Z,45.615,45.593
2015-07-22T10:31:50.000000Z,45.617,45.591
2015-07-22T10:32:00.000000Z,45.616,45.592
2015-07-22T10:32:05.000000Z,45.616,45.588
2015-07-22T10:32:10.000000Z,45.613,45.589
2015-07-22T10:32:15.000000Z,45.612,45.589
2015-07-22T10:32:20.000000Z,45.609,45.587
2015-07-22T10:32:25.000000Z,45.611,45.587
2015-07-22T10:32:30.000000Z,45.608,45.588
2015-07-22T10:32:35.000000Z,45.614,45.589
2015-07-22T10:32:40.000000Z,45.613,45.589
2015-07-22T10:32:45.000000Z,45.614,45.586
2015-07-22T10:32:50.000000Z,45.608,45.582
2015-07-22T10:32:55.000000Z,45.602,45.574
2015-07-22T10:33:00.000000Z,45.592,45.572
2015-07-22T10:33:05.000000Z,45.594,45.572
2015-07-22T10:33:10.000000Z,45.584,45.553
2015-07-22T10:33:15.000000Z,45.584,45.56
2015-07-22T10:33:20.000000Z,45.575,45.542
2015-07-22T10:33:25.000000Z,45.571,45.542
2015-07-22T10:33:30.000000Z,45.568,45.543
2015-07-22T10:33:35.000000Z,45.563,45.537
2015-07-22T10:33:40.000000Z,45.568,45.536
2015-07-22T10:33:45.000000Z,45.568,45.536
2015-07-22T10:33:50.000000Z,45.565,45.535
2015-07-22T10:33:55.000000Z,45.559,45.534
2015-07-22T10:34:00.000000Z,45.566,45.531
2015-07-22T10:34:05.000000Z,45.561,45.53
2015-07-22T10:34:10.000000Z,45.559,45.528
2015-07-22T10:34:15.000000Z,45.561,45.531
2015-07-22T10:34:20.000000Z,45.558,45.533
2015-07-22T10:34:25.000000Z,45.557,45.531
2015-07-22T10:34:30.000000Z,45.56,45.532
2015-07-22T10:34:35.000000Z,45.558,45.53
2015-07-22T10:34:40.000000Z,45.557,45.529
2015-07-22T10:34:45.000000Z,45.559,45.531
2015-07-22T10:34:50.000000Z,45.561,45.53
2015-07-22T10:34:55.000000Z,45.56,45.531
2015-07-22T10:35:00.000000Z,45.561,45.532
2015-07-22T10:35:05.000000Z,45.56,45.531
2015-07-22T10:35:10.000000Z,45.562,45.533
2015-07-22T10:35:15.000000Z,45.561,45.533
2015-07-22T10:35:20.000000Z,45.564,45.535
2015-07-22T10:35:25.000000Z,45.562,45.534
2015-07-22T10:35:30.000000Z,45.562,45.535
2015-07-22T10:35:35.000000Z,45.566,45.537
2015-07-22T10:35:40.000000Z,45.563,45.537
2015-07-22T10:35:45.000000Z,45.56,45.533
2015-07-22T10:35:50.000000Z,45.563,45.534
2015-07-22T10:35:55.000000Z,45.562,45.537
2015-07-22T10:36:00.000000Z,45.558,45.534
2015-07-22T10:36:05.000000Z,45.562,45.534
2015-07-22T10:36:10.000000Z,45.561,45.531
2015-07-22T10:36:15.000000Z,45.557,45.53
2015-07-22T10:36:20.000000Z,45.555,45.524
2015-07-22T10:36:25.000000Z,45.563,45.531
2015-07-22T10:36:30.000000Z,45.56,45.531
2015-07-22T10:36:35.000000Z,45.562,45.533
2015-07-22T10:36:40.000000Z,45.564,45.533
2015-07-22T10:36:45.000000Z,45.565,45.533
2015-07-22T10:36:50.000000Z,45.566,45.536
2015-07-22T10:37:10.000000Z,45.565,45.535
2015-07-22T10:37:15.000000Z,45.566,45.536
2015-07-22T10:37:20.000000Z,45.562,45.533
2015-07-22T10:37:25.000000Z,45.562,45.535
2015-07-22T10:37:30.000000Z,45.574,45.544
2015-07-22T10:37:35.000000Z,45.576,45.541
2015-07-22T10:37:40.000000Z,45.575,45.548
2015-07-22T10:37:45.000000Z,45.586,45.551
2015-07-22T10:37:50.000000Z,45.582,45.552
2015-07-22T10:37:55.000000Z,45.581,45.551
2015-07-22T10:38:00.000000Z,45.573,45.543
2015-07-22T10:38:05.000000Z,45.57,45.538
2015-07-22T10:38:10.000000Z,45.569,45.538
2015-07-22T10:38:15.000000Z,45.568,45.541
2015-07-22T10:38:20.000000Z,45.569,45.539
2015-07-22T10:38:25.000000Z,45.571,45.542
2015-07-22T10:38:30.000000Z,45.558,45.53
2015-07-22T10:38:35.000000Z,45.557,45.533
2015-07-22T10:38:40.000000Z,45.576,45.537
2015-07-22T10:38:45.000000Z,45.563,45.532
2015-07-22T10:38:50.000000Z,45.56,45.532
2015-07-22T10:38:55.000000Z,45.568,45.537
2015-07-22T10:39:00.000000Z,45.567,45.537
2015-07-22T10:39:05.000000Z,45.563,45.533
2015-07-22T10:39:10.000000Z,45.567,45.537
2015-07-22T10:39:15.000000Z,45.57,45.537
2015-07-22T10:39:20.000000Z,45.571,45.536
2015-07-22T10:39:30.000000Z,45.563,45.533
2015-07-22T10:39:35.000000Z,45.564,45.536
2015-07-22T10:39:40.000000Z,45.563,45.537
2015-07-22T10:39:45.000000Z,45.57,45.538
2015-07-22T10:39:50.000000Z,45.569,45.54
2015-07-22T10:39:55.000000Z,45.571,45.544
2015-07-22T10:40:00.000000Z,45.571,45.538
2015-07-22T10:40:05.000000Z,45.571,45.54
2015-07-22T10:40:10.000000Z,45.574,45.541
2015-07-22T10:40:15.000000Z,45.58,45.536
2015-07-22T10:40:20.000000Z,45.558,45.533
2015-07-22T10:40:25.000000Z,45.559,45.536
2015-07-22T10:40:30.000000Z,45.558,45.535
2015-07-22T10:40:35.000000Z,45.565,45.539
2015-07-22T10:40:40.000000Z,45.568,45.537
2015-07-22T10:40:45.000000Z,45.568,45.535
2015-07-22T10:40:50.000000Z,45.571,45.53
2015-07-22T10:40:55.000000Z,45.569,45.535
2015-07-22T10:41:00.000000Z,45.564,45.534
2015-07-22T10:41:05.000000Z,45.563,45.534
2015-07-22T10:41:10.000000Z,45.564,45.534
2015-07-22T10:41:15.000000Z,45.566,45.535
2015-07-22T10:41:20.000000Z,45.563,45.535
2015-07-22T10:41:25.000000Z,45.566,45.536
2015-07-22T10:41:30.000000Z,45.563,45.539
2015-07-22T10:41:35.000000Z,45.565,45.54
2015-07-22T10:41:40.000000Z,45.565,45.544
2015-07-22T10:41:45.000000Z,45.564,45.54
2015-07-22T10:41:50.000000Z,45.566,45.541
2015-07-22T10:41:55.000000Z,45.565,45.541
2015-07-22T10:42:00.000000Z,45.568,45.542
2015-07-22T10:42:05.000000Z,45.566,45.542
2015-07-22T10:42:10.000000Z,45.571,45.541
2015-07-22T10:42:15.000000Z,45.564,45.54
2015-07-22T10:42:20.000000Z,45.563,45.54
2015-07-22T10:42:30.000000Z,45.563,45.531
2015-07-22T10:42:35.000000Z,45.564,45.531
2015-07-22T10:42:40.000000Z,45.569,45.538
2015-07-22T10:42:45.000000Z,45.564,45.536
2015-07-22T10:42:50.000000Z,45.562,45.537
2015-07-22T10:42:55.000000Z,45.562,45.54
2015-07-22T10:43:00.000000Z,45.561,45.538
2015-07-22T10:43:05.000000Z,45.564,45.531
2015-07-22T10:43:10.000000Z,45.563,45.532
2015-07-22T10:43:15.000000Z,45.563,45.534
2015-07-22T10:43:20.000000Z,45.564,45.536
2015-07-22T10:43:25.000000Z,45.563,45.538
2015-07-22T10:43:30.000000Z,45.565,45.537
2015-07-22T10:43:35.000000Z,45.563,45.536
2015-07-22T10:43:40.000000Z,45.561,45.537
2015-07-22T10:43:45.000000Z,45.561,45.536
2015-07-22T10:43:50.000000Z,45.572,45.544
2015-07-22T10:43:55.000000Z,45.57,45.546
2015-07-22T10:44:10.000000Z,45.571,45.546
2015-07-22T10:44:15.000000Z,45.571,45.545
2015-07-22T10:44:20.000000Z,45.572,45.551
2015-07-22T10:44:25.000000Z,45.572,45.546
2015-07-22T10:44:30.000000Z,45.578,45.548
2015-07-22T10:44:35.000000Z,45.581,45.554
2015-07-22T10:44:40.000000Z,45.583,45.557
2015-07-22T10:44:45.000000Z,45.579,45.556
2015-07-22T10:44:50.000000Z,45.577,45.554
2015-07-22T10:44:55.000000Z,45.577,45.552
2015-07-22T10:45:00.000000Z,45.578,45.553
2015-07-22T10:45:15.000000Z,45.578,45.554
2015-07-22T10:45:25.000000Z,45.576,45.551
2015-07-22T10:45:30.000000Z,45.582,45.555
2015-07-22T10:45:35.000000Z,45.582,45.555
2015-07-22T10:45:40.000000Z,45.59,45.561
2015-07-22T10:45:45.000000Z,45.59,45.563
2015-07-22T10:45:50.000000Z,45.592,45.566
2015-07-22T10:46:00.000000Z,45.593,45.566
2015-07-22T10:46:05.000000Z,45.592,45.565
2015-07-22T10:46:10.000000Z,45.593,45.566
2015-07-22T10:46:25.000000Z,45.595,45.569
2015-07-22T10:46:30.000000Z,45.593,45.565
2015-07-22T10:46:35.000000Z,45.6,45.573
2015-07-22T10:46:40.000000Z,45.602,45.573
2015-07-22T10:46:45.000000Z,45.6,45.573
2015-07-22T10:46:50.000000Z,45.601,45.575
2015-07-22T10:46:55.000000Z,45.602,45.576
2015-07-22T10:47:00.000000Z,45.6,45.573
2015-07-22T10:47:05.000000Z,45.6,45.574
2015-07-22T10:47:10.000000Z,45.595,45.568
2015-07-22T10:47:15.000000Z,45.593,45.569
2015-07-22T10:47:20.000000Z,45.593,45.566
2015-07-22T10:47:25.000000Z,45.592,45.566
2015-07-22T10:47:30.000000Z,45.596,45.569
2015-07-22T10:47:35.000000Z,45.59,45.564
2015-07-22T10:47:40.000000Z,45.591,45.566
2015-07-22T10:47:50.000000Z,45.589,45.565
2015-07-22T10:48:00.000000Z,45.59,45.563
2015-07-22T10:48:05.000000Z,45.583,45.556
2015-07-22T10:48:10.000000Z,45.586,45.555
2015-07-22T10:48:15.000000Z,45.586,45.559
2015-07-22T10:48:20.000000Z,45.585,45.557
2015-07-22T10:48:25.000000Z,45.585,45.56
2015-07-22T10:48:30.000000Z,45.585,45.558
2015-07-22T10:48:35.000000Z,45.583,45.558
2015-07-22T10:48:40.000000Z,45.581,45.558
2015-07-22T10:48:55.000000Z,45.585,45.559
2015-07-22T10:49:00.000000Z,45.587,45.559
2015-07-22T10:49:05.000000Z,45.586,45.56
2015-07-22T10:49:10.000000Z,45.581,45.551
2015-07-22T10:49:15.000000Z,45.585,45.557
2015-07-22T10:49:20.000000Z,45.584,45.557
2015-07-22T10:49:30.000000Z,45.589,45.561
2015-07-22T10:49:40.000000Z,45.591,45.564
2015-07-22T10:49:45.000000Z,45.589,45.561
2015-07-22T10:49:50.000000Z,45.591,45.564
2015-07-22T10:49:55.000000Z,45.59,45.565
2015-07-22T10:50:00.000000Z,45.589,45.562
2015-07-22T10:50:05.000000Z,45.595,45.567
2015-07-22T10:50:10.000000Z,45.594,45.564
2015-07-22T10:50:20.000000Z,45.593,45.564
2015-07-22T10:50:25.000000Z,45.592,45.564
2015-07-22T10:50:30.000000Z,45.591,45.564
2015-07-22T10:50:35.000000Z,45.593,45.565
2015-07-22T10:50:50.000000Z,45.589,45.562
2015-07-22T10:50:55.000000Z,45.589,45.563
2015-07-22T10:51:00.000000Z,45.593,45.566
2015-07-22T10:51:05.000000Z,45.595,45.567
2015-07-22T10:51:20.000000Z,45.596,45.567
2015-07-22T10:51:25.000000Z,45.594,45.567
2015-07-22T10:51:30.000000Z,45.597,45.572
2015-07-22T10:51:35.000000Z,45.596,45.567
2015-07-22T10:51:45.000000Z,45.595,45.565
2015-07-22T10:51:50.000000Z,45.598,45.572
