time,closeAsk,closeBid
2015-07-28T18:47:40.000000Z,0.70806,0.70793
2015-07-28T18:47:50.000000Z,0.70808,0.70795
2015-07-28T18:48:10.000000Z,0.7082,0.70805
2015-07-28T18:48:40.000000Z,0.70817,0.70804
2015-07-28T18:49:40.000000Z,0.70816,0.70799
2015-07-28T18:49:50.000000Z,0.70819,0.70804
2015-07-28T18:50:20.000000Z,0.70823,0.70805
2015-07-28T18:51:40.000000Z,0.70823,0.70809
2015-07-28T18:52:00.000000Z,0.70828,0.70813
2015-07-28T18:52:10.000000Z,0.70825,0.70811
2015-07-28T18:52:40.000000Z,0.70823,0.70808
2015-07-28T18:53:10.000000Z,0.70828,0.70814
2015-07-28T18:54:20.000000Z,0.70832,0.70815
2015-07-28T18:54:40.000000Z,0.70829,0.70813
2015-07-28T18:55:10.000000Z,0.70832,0.70818
2015-07-28T18:55:20.000000Z,0.70832,0.70817
2015-07-28T18:55:30.000000Z,0.70829,0.70815
2015-07-28T18:55:40.000000Z,0.70827,0.70813
2015-07-28T18:56:00.000000Z,0.70824,0.7081
2015-07-28T18:56:10.000000Z,0.7082,0.70805
2015-07-28T18:56:30.000000Z,0.70818,0.70803
2015-07-28T18:56:50.000000Z,0.70815,0.70802
2015-07-28T18:57:20.000000Z,0.70814,0.70799
2015-07-28T18:57:40.000000Z,0.70811,0.70797
2015-07-28T18:58:00.000000Z,0.70813,0.708
2015-07-28T18:58:10.000000Z,0.70815,0.70803
2015-07-28T18:58:30.000000Z,0.70814,0.708
2015-07-28T18:58:50.000000Z,0.70816,0.70802
2015-07-28T18:59:00.000000Z,0.70814,0.70799
2015-07-28T18:59:10.000000Z,0.70811,0.70797
2015-07-28T18:59:20.000000Z,0.70809,0.70794
2015-07-28T18:59:30.000000Z,0.70806,0.70792
2015-07-28T18:59:40.000000Z,0.70808,0.70794
2015-07-28T18:59:50.000000Z,0.7081,0.70797
2015-07-28T19:00:00.000000Z,0.70811,0.70796
2015-07-28T19:00:20.000000Z,0.70808,0.70794
2015-07-28T19:00:40.000000Z,0.70806,0.70792
2015-07-28T19:00:50.000000Z,0.70808,0.70794
2015-07-28T19:01:00.000000Z,0.70803,0.70789
2015-07-28T19:01:30.000000Z,0.70803,0.70789
2015-07-28T19:01:50.000000Z,0.70805,0.70791
2015-07-28T19:02:10.000000Z,0.70803,0.70789
2015-07-28T19:02:20.000000Z,0.70806,0.7079
2015-07-28T19:02:40.000000Z,0.70808,0.70793
2015-07-28T19:03:10.000000Z,0.70806,0.7079
2015-07-28T19:03:20.000000Z,0.70808,0.70793
2015-07-28T19:03:30.000000Z,0.70807,0.7079
2015-07-28T19:03:40.000000Z,0.70808,0.70793
2015-07-28T19:04:00.000000Z,0.70813,0.70798
2015-07-28T19:04:10.000000Z,0.70812,0.70796
2015-07-28T19:04:20.000000Z,0.70809,0.70795
2015-07-28T19:05:20.000000Z,0.70812,0.70796
2015-07-28T19:05:30.000000Z,0.70815,0.70801
2015-07-28T19:05:50.000000Z,0.70818,0.70803
2015-07-28T19:06:00.000000Z,0.70815,0.70802
2015-07-28T19:06:30.000000Z,0.70817,0.708
2015-07-28T19:06:40.000000Z,0.70814,0.70799
2015-07-28T19:06:50.000000Z,0.70822,0.70805
2015-07-28T19:07:00.000000Z,0.70824,0.70807
2015-07-28T19:07:10.000000Z,0.70834,0.70816
2015-07-28T19:07:20.000000Z,0.70837,0.70818
2015-07-28T19:07:30.000000Z,0.70838,0.70821
2015-07-28T19:07:50.000000Z,0.70832,0.70816
2015-07-28T19:08:10.000000Z,0.70827,0.70812
2015-07-28T19:08:30.000000Z,0.70831,0.70816
2015-07-28T19:09:30.000000Z,0.70834,0.70817
2015-07-28T19:09:40.000000Z,0.70831,0.70816
2015-07-28T19:09:50.000000Z,0.70829,0.70813
2015-07-28T19:10:00.000000Z,0.70827,0.70811
2015-07-28T19:10:10.000000Z,0.70829,0.70813
2015-07-28T19:10:20.000000Z,0.70826,0.70812
2015-07-28T19:10:40.000000Z,0.70828,0.70814
2015-07-28T19:11:00.000000Z,0.70831,0.70816
2015-07-28T19:11:30.000000Z,0.70835,0.70821
2015-07-28T19:11:40.000000Z,0.7084,0.70825
2015-07-28T19:11:50.000000Z,0.70835,0.70821
2015-07-28T19:12:00.000000Z,0.70837,0.70823
2015-07-28T19:13:00.000000Z,0.70839,0.70825
2015-07-28T19:15:40.000000Z,0.70839,0.70825
2015-07-28T19:15:50.000000Z,0.70835,0.7082
2015-07-28T19:16:00.000000Z,0.70835,0.7082
2015-07-28T19:16:10.000000Z,0.70836,0.70823
2015-07-28T19:16:50.000000Z,0.70839,0.70824
2015-07-28T19:17:00.000000Z,0.70837,0.70822
2015-07-28T19:17:10.000000Z,0.70837,0.70822
2015-07-28T19:17:20.000000Z,0.70839,0.70824
2015-07-28T19:17:40.000000Z,0.70837,0.70822
2015-07-28T19:17:50.000000Z,0.70838,0.70825
2015-07-28T19:18:00.000000Z,0.70844,0.70828
2015-07-28T19:18:10.000000Z,0.70842,0.70826
2015-07-28T19:18:20.000000Z,0.70842,0.70827
2015-07-28T19:18:50.000000Z,0.70846,0.70831
2015-07-28T19:19:00.000000Z,0.70844,0.70829
2015-07-28T19:19:10.000000Z,0.70843,0.70829
2015-07-28T19:19:20.000000Z,0.70845,0.70831
2015-07-28T19:19:30.000000Z,0.70844,0.70828
2015-07-28T19:20:10.000000Z,0.70845,0.7083
2015-07-28T19:20:20.000000Z,0.70852,0.70836
2015-07-28T19:20:30.000000Z,0.70854,0.70838
2015-07-28T19:20:40.000000Z,0.70856,0.70841
2015-07-28T19:21:00.000000Z,0.70858,0.70844
2015-07-28T19:21:10.000000Z,0.70856,0.7084
2015-07-28T19:21:50.000000Z,0.70854,0.70838
2015-07-28T19:22:00.000000Z,0.70856,0.70841
2015-07-28T19:22:20.000000Z,0.70861,0.70846
2015-07-28T19:22:40.000000Z,0.7086,0.70846
2015-07-28T19:22:50.000000Z,0.70858,0.70844
2015-07-28T19:23:10.000000Z,0.70854,0.70839
2015-07-28T19:23:50.000000Z,0.7085,0.70837
2015-07-28T19:24:00.000000Z,0.70841,0.70825
2015-07-28T19:24:20.000000Z,0.70838,0.70824
2015-07-28T19:24:50.000000Z,0.70841,0.70825
2015-07-28T19:25:00.000000Z,0.70849,0.70833
2015-07-28T19:25:10.000000Z,0.70846,0.70831
2015-07-28T19:25:30.000000Z,0.70851,0.70836
2015-07-28T19:25:40.000000Z,0.70853,0.70838
2015-07-28T19:25:50.000000Z,0.70856,0.70841
2015-07-28T19:26:30.000000Z,0.70854,0.70839
2015-07-28T19:26:40.000000Z,0.70857,0.70841
2015-07-28T19:27:20.000000Z,0.70856,0.70842
2015-07-28T19:27:30.000000Z,0.70852,0.70837
2015-07-28T19:28:00.000000Z,0.70849,0.70834
2015-07-28T19:28:20.000000Z,0.70845,0.7083
2015-07-28T19:28:40.000000Z,0.70847,0.70832
2015-07-28T19:29:00.000000Z,0.70849,0.70834
2015-07-28T19:29:20.000000Z,0.70847,0.70832
2015-07-28T19:29:30.000000Z,0.7085,0.70833
2015-07-28T19:29:40.000000Z,0.70852,0.70835
2015-07-28T19:29:50.000000Z,0.70853,0.70838
2015-07-28T19:30:00.000000Z,0.70846,0.7083
2015-07-28T19:30:10.000000Z,0.7084,0.70826
2015-07-28T19:30:30.000000Z,0.70852,0.70838
2015-07-28T19:30:40.000000Z,0.70854,0.70838
2015-07-28T19:31:40.000000Z,0.70852,0.70836
2015-07-28T19:32:00.000000Z,0.70849,0.70834
2015-07-28T19:32:10.000000Z,0.70847,0.70832
2015-07-28T19:32:20.000000Z,0.70849,0.70835
2015-07-28T19:32:40.000000Z,0.70853,0.7084
2015-07-28T19:33:00.000000Z,0.70852,0.70837
2015-07-28T19:33:10.000000Z,0.70853,0.70837
2015-07-28T19:33:20.000000Z,0.70846,0.70831
2015-07-28T19:33:30.000000Z,0.70849,0.70833
2015-07-28T19:33:50.000000Z,0.70844,0.70829
2015-07-28T19:34:10.000000Z,0.7085,0.70833
2015-07-28T19:34:20.000000Z,0.70846,0.70832
2015-07-28T19:35:00.000000Z,0.70848,0.70834
2015-07-28T19:35:20.000000Z,0.70853,0.70837
2015-07-28T19:35:30.000000Z,0.70856,0.70839
2015-07-28T19:35:50.000000Z,0.70852,0.70838
2015-07-28T19:36:10.000000Z,0.70848,0.70832
2015-07-28T19:36:40.000000Z,0.7085,0.70834
2015-07-28T19:36:50.000000Z,0.70848,0.70832
2015-07-28T19:37:50.000000Z,0.70846,0.70829
2015-07-28T19:38:10.000000Z,0.70846,0.7083
2015-07-28T19:38:30.000000Z,0.70844,0.70827
2015-07-28T19:38:40.000000Z,0.70848,0.70831
2015-07-28T19:39:00.000000Z,0.70851,0.70833
2015-07-28T19:39:40.000000Z,0.70851,0.70833
2015-07-28T19:40:00.000000Z,0.70853,0.70836
2015-07-28T19:40:10.000000Z,0.70855,0.70838
2015-07-28T19:40:40.000000Z,0.70857,0.7084
2015-07-28T19:41:00.000000Z,0.70857,0.70841
2015-07-28T19:41:10.000000Z,0.70852,0.70837
2015-07-28T19:41:40.000000Z,0.70847,0.70833
2015-07-28T19:41:50.000000Z,0.70846,0.7083
2015-07-28T19:42:00.000000Z,0.70847,0.70833
2015-07-28T19:42:10.000000Z,0.70845,0.7083
2015-07-28T19:42:20.000000Z,0.70847,0.70832
2015-07-28T19:42:30.000000Z,0.70849,0.70835
2015-07-28T19:42:40.000000Z,0.70852,0.70838
2015-07-28T19:44:10.000000Z,0.70854,0.70841
2015-07-28T19:45:20.000000Z,0.70843,0.70827
2015-07-28T19:46:00.000000Z,0.7084,0.70825
2015-07-28T19:46:20.000000Z,0.70845,0.70831
2015-07-28T19:46:40.000000Z,0.70843,0.70829
2015-07-28T19:46:50.000000Z,0.70839,0.70823
2015-07-28T19:47:00.000000Z,0.7084,0.70826
2015-07-28T19:47:10.000000Z,0.70839,0.70823
2015-07-28T19:48:00.000000Z,0.70839,0.70828
2015-07-28T19:48:10.000000Z,0.70842,0.70829
2015-07-28T19:49:00.000000Z,0.70838,0.70824
2015-07-28T19:49:20.000000Z,0.70836,0.70821
2015-07-28T19:50:00.000000Z,0.70833,0.70819
2015-07-28T19:50:10.000000Z,0.70836,0.70821
2015-07-28T19:51:10.000000Z,0.70837,0.7082
2015-07-28T19:51:20.000000Z,0.70842,0.70829
2015-07-28T19:51:30.000000Z,0.70838,0.70823
2015-07-28T19:52:20.000000Z,0.70837,0.70823
2015-07-28T19:52:30.000000Z,0.70835,0.70821
2015-07-28T19:52:40.000000Z,0.70831,0.70816
2015-07-28T19:52:50.000000Z,0.70833,0.70819
2015-07-28T19:53:10.000000Z,0.70836,0.7082
2015-07-28T19:53:20.000000Z,0.70831,0.70816
2015-07-28T19:53:40.000000Z,0.70827,0.70814
2015-07-28T19:54:00.000000Z,0.70823,0.70809
2015-07-28T19:54:30.000000Z,0.70833,0.70816
2015-07-28T19:54:40.000000Z,0.70835,0.70818
2015-07-28T19:55:00.000000Z,0.70839,0.70823
2015-07-28T19:55:10.000000Z,0.70836,0.70822
2015-07-28T19:55:20.000000Z,0.70834,0.7082
2015-07-28T19:55:40.000000Z,0.7083,0.70815
2015-07-28T19:56:00.000000Z,0.70828,0.70813
2015-07-28T19:56:30.000000Z,0.70827,0.70814
2015-07-28T19:56:40.000000Z,0.70833,0.70817
2015-07-28T19:56:50.000000Z,0.70839,0.70825
2015-07-28T19:57:00.000000Z,0.7085,0.70837
2015-07-28T19:57:10.000000Z,0.70853,0.70839
2015-07-28T19:57:20.000000Z,0.70846,0.70831
2015-07-28T19:57:30.000000Z,0.70849,0.70834
2015-07-28T19:57:40.000000Z,0.70852,0.70836
2015-07-28T19:57:50.000000Z,0.70848,0.70834
2015-07-28T19:58:00.000000Z,0.70843,0.70826
2015-07-28T19:58:10.000000Z,0.70846,0.70831
2015-07-28T19:58:20.000000Z,0.70847,0.7083
2015-07-28T19:58:30.000000Z,0.7085,0.70833
2015-07-28T19:58:40.000000Z,0.7085,0.70833
2015-07-28T19:58:50.000000Z,0.7085,0.70834
2015-07-28T19:59:10.000000Z,0.70852,0.70837
2015-07-28T19:59:20.000000Z,0.70849,0.70836
2015-07-28T19:59:30.000000Z,0.70846,0.7083
2015-07-28T19:59:50.000000Z,0.70844,0.70828
2015-07-28T20:00:00.000000Z,0.70856,0.70839
2015-07-28T20:00:10.000000Z,0.70853,0.70836
2015-07-28T20:00:20.000000Z,0.7085,0.70834
2015-07-28T20:00:30.000000Z,0.70843,0.70824
2015-07-28T20:00:40.000000Z,0.70847,0.70826
2015-07-28T20:00:50.000000Z,0.70839,0.70822
2015-07-28T20:01:00.000000Z,0.70837,0.70819
2015-07-28T20:01:10.000000Z,0.7085,0.70833
2015-07-28T20:01:20.000000Z,0.70853,0.70835
2015-07-28T20:01:30.000000Z,0.70846,0.70831
2015-07-28T20:01:40.000000Z,0.70845,0.70828
2015-07-28T20:01:50.000000Z,0.70839,0.70821
2015-07-28T20:02:00.000000Z,0.70835,0.70819
2015-07-28T20:02:10.000000Z,0.70838,0.7082
2015-07-28T20:02:20.000000Z,0.70836,0.70818
2015-07-28T20:02:30.000000Z,0.70835,0.70817
2015-07-28T20:02:50.000000Z,0.7084,0.7082
2015-07-28T20:03:40.000000Z,0.70838,0.70818
2015-07-28T20:04:20.000000Z,0.7084,0.70822
2015-07-28T20:05:20.000000Z,0.70837,0.7082
2015-07-28T20:05:30.000000Z,0.70841,0.70825
2015-07-28T20:06:00.000000Z,0.70847,0.70828
2015-07-28T20:06:10.000000Z,0.70849,0.7083
2015-07-28T20:06:50.000000Z,0.70856,0.70838
2015-07-28T20:07:10.000000Z,0.70859,0.70839
2015-07-28T20:07:30.000000Z,0.70857,0.70838
2015-07-28T20:07:40.000000Z,0.70859,0.70841
2015-07-28T20:07:50.000000Z,0.70861,0.70843
2015-07-28T20:08:10.000000Z,0.70859,0.70841
2015-07-28T20:08:20.000000Z,0.70859,0.70841
2015-07-28T20:08:30.000000Z,0.70855,0.70836
2015-07-28T20:08:40.000000Z,0.7085,0.70832
2015-07-28T20:08:50.000000Z,0.70845,0.70827
2015-07-28T20:09:00.000000Z,0.70848,0.70827
2015-07-28T20:09:40.000000Z,0.70849,0.70831
2015-07-28T20:10:20.000000Z,0.70845,0.7083
2015-07-28T20:11:00.000000Z,0.70848,0.70831
2015-07-28T20:11:10.000000Z,0.7085,0.70834
2015-07-28T20:13:20.000000Z,0.70854,0.70836
2015-07-28T20:13:30.000000Z,0.70854,0.70834
2015-07-28T20:13:50.000000Z,0.70853,0.70835
2015-07-28T20:14:30.000000Z,0.70857,0.70841
2015-07-28T20:14:50.000000Z,0.70861,0.70842
2015-07-28T20:15:40.000000Z,0.70856,0.70843
2015-07-28T20:16:10.000000Z,0.70856,0.70838
2015-07-28T20:16:30.000000Z,0.70872,0.70857
2015-07-28T20:16:40.000000Z,0.70868,0.70851
2015-07-28T20:16:50.000000Z,0.70856,0.70839
2015-07-28T20:17:00.000000Z,0.70861,0.70844
2015-07-28T20:17:10.000000Z,0.70861,0.70843
2015-07-28T20:17:50.000000Z,0.7086,0.70844
2015-07-28T20:18:30.000000Z,0.70855,0.70839
2015-07-28T20:18:40.000000Z,0.70853,0.70836
2015-07-28T20:18:50.000000Z,0.70847,0.70832
2015-07-28T20:19:20.000000Z,0.70846,0.70828
2015-07-28T20:19:30.000000Z,0.70834,0.70817
2015-07-28T20:19:40.000000Z,0.70833,0.70817
2015-07-28T20:20:20.000000Z,0.70836,0.7082
2015-07-28T20:20:40.000000Z,0.70835,0.70817
2015-07-28T20:21:20.000000Z,0.70833,0.70815
2015-07-28T20:22:40.000000Z,0.70833,0.70815
2015-07-28T20:22:50.000000Z,0.70833,0.70815
2015-07-28T20:23:00.000000Z,0.70834,0.70818
2015-07-28T20:23:10.000000Z,0.70832,0.70816
2015-07-28T20:24:10.000000Z,0.70837,0.7082
2015-07-28T20:25:00.000000Z,0.7084,0.70823
2015-07-28T20:25:10.000000Z,0.70838,0.70821
2015-07-28T20:25:30.000000Z,0.70835,0.70819
2015-07-28T20:25:50.000000Z,0.70833,0.70815
2015-07-28T20:26:40.000000Z,0.70839,0.70822
2015-07-28T20:27:00.000000Z,0.70842,0.70824
2015-07-28T20:27:30.000000Z,0.7084,0.70822
2015-07-28T20:29:20.000000Z,0.70841,0.7082
2015-07-28T20:32:30.000000Z,0.70833,0.70819
2015-07-28T20:32:40.000000Z,0.70828,0.7082
2015-07-28T20:33:50.000000Z,0.70834,0.70819
2015-07-28T20:36:50.000000Z,0.70836,0.70821
2015-07-28T20:37:50.000000Z,0.70834,0.70819
2015-07-28T20:38:00.000000Z,0.7084,0.70823
2015-07-28T20:38:10.000000Z,0.70834,0.7082
2015-07-28T20:38:30.000000Z,0.70842,0.70826
2015-07-28T20:39:30.000000Z,0.70845,0.70827
2015-07-28T20:39:40.000000Z,0.70843,0.70825
2015-07-28T20:40:40.000000Z,0.70844,0.70828
2015-07-28T20:42:10.000000Z,0.70844,0.70828
2015-07-28T20:42:40.000000Z,0.70843,0.70829
2015-07-28T20:44:40.000000Z,0.70855,0.70838
2015-07-28T20:44:50.000000Z,0.70851,0.70837
2015-07-28T20:46:00.000000Z,0.7085,0.70833
2015-07-28T20:48:30.000000Z,0.70849,0.7083
2015-07-28T20:48:50.000000Z,0.70849,0.70834
2015-07-28T20:49:00.000000Z,0.7085,0.70837
2015-07-28T20:49:10.000000Z,0.70844,0.70827
2015-07-28T20:49:20.000000Z,0.70843,0.70824
2015-07-28T20:49:30.000000Z,0.7084,0.70822
2015-07-28T20:50:00.000000Z,0.70836,0.7082
2015-07-28T20:50:10.000000Z,0.70837,0.70816
2015-07-28T20:50:20.000000Z,0.70839,0.70819
2015-07-28T20:50:30.000000Z,0.70836,0.70818
2015-07-28T20:51:10.000000Z,0.70841,0.70821
2015-07-28T20:51:30.000000Z,0.70841,0.70825
2015-07-28T20:52:00.000000Z,0.70845,0.70826
2015-07-28T20:52:10.000000Z,0.70843,0.70824
2015-07-28T20:52:40.000000Z,0.70844,0.70827
2015-07-28T20:53:00.000000Z,0.70846,0.70829
2015-07-28T20:53:30.000000Z,0.70845,0.70825
2015-07-28T20:53:40.000000Z,0.70843,0.70823
2015-07-28T20:53:50.000000Z,0.70841,0.70821
2015-07-28T20:54:00.000000Z,0.70839,0.70819
2015-07-28T20:54:10.000000Z,0.7084,0.70822
2015-07-28T20:54:30.000000Z,0.70842,0.70824
2015-07-28T20:54:40.000000Z,0.70844,0.70826
2015-07-28T20:54:50.000000Z,0.70841,0.70825
2015-07-28T20:55:00.000000Z,0.7084,0.70822
2015-07-28T20:56:00.000000Z,0.70835,0.70818
2015-07-28T20:56:10.000000Z,0.70837,0.70821
2015-07-28T20:56:50.000000Z,0.70835,0.70818
2015-07-28T20:57:10.000000Z,0.70839,0.70814
2015-07-28T20:57:20.000000Z,0.70839,0.70823
2015-07-28T20:57:40.000000Z,0.70841,0.70825
2015-07-28T20:58:00.000000Z,0.70846,0.70829
2015-07-28T20:58:20.000000Z,0.7085,0.70833
2015-07-28T20:58:30.000000Z,0.70852,0.70836
2015-07-28T20:58:40.000000Z,0.70868,0.70835
2015-07-28T20:58:50.000000Z,0.70858,0.7084
2015-07-28T20:59:00.000000Z,0.70862,0.70841
2015-07-28T20:59:10.000000Z,0.7086,0.70839
2015-07-28T20:59:20.000000Z,0.70849,0.70833
2015-07-28T20:59:30.000000Z,0.70847,0.7083
2015-07-28T21:01:30.000000Z,0.70864,0.70796
2015-07-28T21:03:00.000000Z,0.70876,0.70808
2015-07-28T21:03:20.000000Z,0.70898,0.70798
2015-07-28T21:03:30.000000Z,0.70903,0.70803
2015-07-28T21:04:20.000000Z,0.70913,0.70813
2015-07-28T21:04:30.000000Z,0.70908,0.70808
2015-07-28T21:05:10.000000Z,0.70912,0.70812
2015-07-28T21:07:00.000000Z,0.70914,0.70818
2015-07-28T21:07:50.000000Z,0.70909,0.7081
2015-07-28T21:08:00.000000Z,0.70901,0.70819
2015-07-28T21:08:20.000000Z,0.70884,0.70826
2015-07-28T21:08:50.000000Z,0.70877,0.70825
2015-07-28T21:09:10.000000Z,0.70881,0.70829
2015-07-28T21:09:30.000000Z,0.70879,0.70823
2015-07-28T21:10:00.000000Z,0.70893,0.70825
2015-07-28T21:10:30.000000Z,0.7091,0.70819
2015-07-28T21:10:40.000000Z,0.70893,0.70843
2015-07-28T21:11:00.000000Z,0.70882,0.70827
2015-07-28T21:11:20.000000Z,0.70881,0.70819
2015-07-28T21:11:30.000000Z,0.70874,0.70817
2015-07-28T21:12:20.000000Z,0.70867,0.70816
2015-07-28T21:12:40.000000Z,0.70871,0.70819
2015-07-28T21:12:50.000000Z,0.70884,0.70814
2015-07-28T21:13:00.000000Z,0.70893,0.70814
2015-07-28T21:13:10.000000Z,0.70892,0.70814
2015-07-28T21:13:40.000000Z,0.70891,0.70824
2015-07-28T21:13:50.000000Z,0.70905,0.70826
2015-07-28T21:14:00.000000Z,0.70892,0.70815
2015-07-28T21:14:20.000000Z,0.70896,0.7082
2015-07-28T21:14:30.000000Z,0.70883,0.7081
2015-07-28T21:14:40.000000Z,0.70914,0.70831
2015-07-28T21:14:50.000000Z,0.70921,0.70833
2015-07-28T21:15:20.000000Z,0.70894,0.70808
2015-07-28T21:15:30.000000Z,0.70908,0.70819
2015-07-28T21:15:40.000000Z,0.70912,0.70824
2015-07-28T21:16:20.000000Z,0.70899,0.70819
2015-07-28T21:17:10.000000Z,0.70893,0.70817
2015-07-28T21:18:00.000000Z,0.70883,0.70834
2015-07-28T21:18:50.000000Z,0.70873,0.70825
2015-07-28T21:19:10.000000Z,0.70878,0.70827
2015-07-28T21:19:30.000000Z,0.70871,0.70827
2015-07-28T21:20:20.000000Z,0.70885,0.70821
2015-07-28T21:20:40.000000Z,0.70891,0.70823
2015-07-28T21:21:40.000000Z,0.70885,0.70821
2015-07-28T21:22:00.000000Z,0.70891,0.70823
2015-07-28T21:22:20.000000Z,0.70895,0.70828
2015-07-28T21:22:30.000000Z,0.70898,0.70833
2015-07-28T21:23:00.000000Z,0.70896,0.70826
2015-07-28T21:23:20.000000Z,0.70899,0.70832
2015-07-28T21:23:40.000000Z,0.70902,0.70838
2015-07-28T21:23:50.000000Z,0.70894,0.70829
2015-07-28T21:24:00.000000Z,0.70888,0.70826
2015-07-28T21:24:30.000000Z,0.70901,0.70838
2015-07-28T21:24:50.000000Z,0.70897,0.70849
2015-07-28T21:26:00.000000Z,0.70892,0.70833
2015-07-28T21:27:00.000000Z,0.7089,0.70843
2015-07-28T21:27:20.000000Z,0.70884,0.7083
2015-07-28T21:28:00.000000Z,0.70885,0.70836
2015-07-28T21:28:10.000000Z,0.70885,0.70842
2015-07-28T21:28:30.000000Z,0.70892,0.70843
2015-07-28T21:28:50.000000Z,0.70898,0.70846
2015-07-28T21:29:40.000000Z,0.7089,0.70837
2015-07-28T21:30:00.000000Z,0.70885,0.70835
2015-07-28T21:32:10.000000Z,0.70882,0.70831
2015-07-28T21:33:10.000000Z,0.70883,0.70837
2015-07-28T21:33:40.000000Z,0.70876,0.70839
2015-07-28T21:33:50.000000Z,0.70872,0.70831
2015-07-28T21:36:50.000000Z,0.70872,0.70836
2015-07-28T21:37:00.000000Z,0.70868,0.70828
2015-07-28T21:37:10.000000Z,0.70872,0.7083
2015-07-28T21:37:50.000000Z,0.7087,0.70825
2015-07-28T21:41:50.000000Z,0.70863,0.70826
2015-07-28T21:42:00.000000Z,0.70868,0.70827
2015-07-28T21:42:10.000000Z,0.70873,0.70829
2015-07-28T21:42:20.000000Z,0.70876,0.70832
2015-07-28T21:42:40.000000Z,0.7088,0.70835
2015-07-28T21:44:50.000000Z,0.7088,0.70826
2015-07-28T21:45:00.000000Z,0.70893,0.70826
2015-07-28T21:45:30.000000Z,0.70882,0.7083
2015-07-28T21:45:40.000000Z,0.70884,0.70835
2015-07-28T21:45:50.000000Z,0.70884,0.70835
2015-07-28T21:46:30.000000Z,0.70889,0.7084
2015-07-28T21:46:40.000000Z,0.70901,0.70832
2015-07-28T21:46:50.000000Z,0.709,0.70832
2015-07-28T21:47:00.000000Z,0.70903,0.70837
2015-07-28T21:47:10.000000Z,0.70911,0.7084
2015-07-28T21:47:30.000000Z,0.70881,0.7083
2015-07-28T21:48:20.000000Z,0.70883,0.7082
2015-07-28T21:49:10.000000Z,0.70868,0.70829
2015-07-28T21:49:30.000000Z,0.70865,0.70826
2015-07-28T21:49:40.000000Z,0.70871,0.70832
2015-07-28T21:49:50.000000Z,0.70871,0.70838
2015-07-28T21:50:00.000000Z,0.70887,0.70849
2015-07-28T21:50:10.000000Z,0.70907,0.70856
2015-07-28T21:50:20.000000Z,0.70911,0.70859
2015-07-28T21:50:50.000000Z,0.70895,0.70834
2015-07-28T21:51:00.000000Z,0.70886,0.70834
2015-07-28T21:51:20.000000Z,0.70877,0.70836
2015-07-28T21:51:30.000000Z,0.70869,0.70829
2015-07-28T21:51:50.000000Z,0.70875,0.70834
2015-07-28T21:52:00.000000Z,0.7087,0.70834
2015-07-28T21:52:30.000000Z,0.70866,0.70833
2015-07-28T21:52:50.000000Z,0.70869,0.70836
2015-07-28T21:53:10.000000Z,0.7087,0.7084
2015-07-28T21:54:30.000000Z,0.70865,0.70834
2015-07-28T21:54:40.000000Z,0.70867,0.70833
2015-07-28T21:54:50.000000Z,0.70861,0.70819
2015-07-28T21:55:00.000000Z,0.70863,0.70816
2015-07-28T21:55:10.000000Z,0.7086,0.70824
2015-07-28T21:55:30.000000Z,0.70862,0.70827
2015-07-28T21:55:40.000000Z,0.70858,0.70826
2015-07-28T21:55:50.000000Z,0.70863,0.70826
2015-07-28T21:56:00.000000Z,0.70863,0.70817
2015-07-28T21:56:10.000000Z,0.70866,0.70826
2015-07-28T21:56:20.000000Z,0.70864,0.70822
2015-07-28T21:56:30.000000Z,0.70864,0.70822
2015-07-28T21:56:40.000000Z,0.70867,0.70825
2015-07-28T21:56:50.000000Z,0.70865,0.70821
2015-07-28T21:57:10.000000Z,0.70866,0.70826
2015-07-28T21:57:20.000000Z,0.70863,0.70823
2015-07-28T21:57:30.000000Z,0.70865,0.70827
2015-07-28T21:57:40.000000Z,0.70872,0.70821
2015-07-28T21:57:50.000000Z,0.70864,0.70823
2015-07-28T21:58:00.000000Z,0.70868,0.70831
2015-07-28T21:58:10.000000Z,0.70875,0.70836
2015-07-28T21:58:20.000000Z,0.70867,0.70833
2015-07-28T21:58:30.000000Z,0.70876,0.70815
2015-07-28T21:58:40.000000Z,0.70881,0.70829
2015-07-28T21:59:00.000000Z,0.70891,0.70829
2015-07-28T21:59:10.000000Z,0.70876,0.70829
2015-07-28T21:59:20.000000Z,0.70873,0.70829
2015-07-28T21:59:40.000000Z,0.70871,0.70828
2015-07-28T21:59:50.000000Z,0.70868,0.70834
2015-07-28T22:00:00.000000Z,0.70878,0.70841
2015-07-28T22:00:10.000000Z,0.70875,0.70846
2015-07-28T22:00:20.000000Z,0.70883,0.70839
2015-07-28T22:00:30.000000Z,0.70877,0.70843
2015-07-28T22:00:40.000000Z,0.7087,0.70839
2015-07-28T22:00:50.000000Z,0.7087,0.70839
2015-07-28T22:01:00.000000Z,0.70867,0.70836
2015-07-28T22:01:10.000000Z,0.70865,0.70842
2015-07-28T22:01:20.000000Z,0.70862,0.7084
2015-07-28T22:01:30.000000Z,0.7086,0.70837
2015-07-28T22:01:40.000000Z,0.70858,0.70835
2015-07-28T22:01:50.000000Z,0.70856,0.70833
2015-07-28T22:02:00.000000Z,0.70855,0.70835
2015-07-28T22:02:10.000000Z,0.70854,0.70832
2015-07-28T22:02:30.000000Z,0.70859,0.70831
2015-07-28T22:02:40.000000Z,0.70858,0.70834
2015-07-28T22:03:20.000000Z,0.70858,0.7083
2015-07-28T22:03:40.000000Z,0.70853,0.7083
2015-07-28T22:04:30.000000Z,0.70852,0.70826
2015-07-28T22:05:00.000000Z,0.70851,0.70822
2015-07-28T22:05:40.000000Z,0.70853,0.70824
2015-07-28T22:05:50.000000Z,0.70858,0.70825
2015-07-28T22:06:40.000000Z,0.70861,0.70828
2015-07-28T22:06:50.000000Z,0.70863,0.70831
2015-07-28T22:07:00.000000Z,0.70863,0.7083
2015-07-28T22:07:20.000000Z,0.70859,0.70829
2015-07-28T22:07:30.000000Z,0.70858,0.70825
2015-07-28T22:07:50.000000Z,0.70856,0.70827
2015-07-28T22:08:00.000000Z,0.70858,0.70823
2015-07-28T22:10:00.000000Z,0.70857,0.70823
2015-07-28T22:10:20.000000Z,0.70859,0.70826
2015-07-28T22:11:10.000000Z,0.70855,0.70825
2015-07-28T22:11:30.000000Z,0.70858,0.70828
2015-07-28T22:12:00.000000Z,0.70856,0.70825
2015-07-28T22:12:10.000000Z,0.70857,0.70828
2015-07-28T22:12:30.000000Z,0.70857,0.70828
2015-07-28T22:12:40.000000Z,0.70857,0.70829
2015-07-28T22:12:50.000000Z,0.70853,0.70824
2015-07-28T22:13:10.000000Z,0.70857,0.70822
2015-07-28T22:13:30.000000Z,0.70856,0.70827
2015-07-28T22:14:30.000000Z,0.70855,0.70828
2015-07-28T22:14:50.000000Z,0.7086,0.70828
2015-07-28T22:15:20.000000Z,0.70864,0.7083
2015-07-28T22:15:40.000000Z,0.70866,0.70827
2015-07-28T22:16:20.000000Z,0.70859,0.70829
2015-07-28T22:16:30.000000Z,0.70859,0.70823
2015-07-28T22:16:40.000000Z,0.70857,0.7082
2015-07-28T22:16:50.000000Z,0.70859,0.70824
2015-07-28T22:18:20.000000Z,0.70862,0.70827
2015-07-28T22:18:50.000000Z,0.7086,0.70824
2015-07-28T22:20:20.000000Z,0.70851,0.70829
2015-07-28T22:22:10.000000Z,0.70854,0.7083
2015-07-28T22:25:10.000000Z,0.70857,0.70831
2015-07-28T22:26:20.000000Z,0.70859,0.70834
2015-07-28T22:28:10.000000Z,0.7086,0.70837
2015-07-28T22:29:10.000000Z,0.70858,0.70835
2015-07-28T22:33:20.000000Z,0.70857,0.70832
2015-07-28T22:33:40.000000Z,0.70859,0.70834
2015-07-28T22:35:00.000000Z,0.7086,0.70837
2015-07-28T22:35:20.000000Z,0.70863,0.70839
2015-07-28T22:39:20.000000Z,0.70867,0.70844
2015-07-28T22:40:50.000000Z,0.7087,0.70846
2015-07-28T22:41:00.000000Z,0.70874,0.7085
2015-07-28T22:42:20.000000Z,0.70871,0.70849
2015-07-28T22:43:10.000000Z,0.70864,0.7084
2015-07-28T22:43:20.000000Z,0.70864,0.7084
2015-07-28T22:44:40.000000Z,0.70863,0.70841
2015-07-28T22:44:50.000000Z,0.70861,0.70834
2015-07-28T22:45:00.000000Z,0.70861,0.70838
2015-07-28T22:47:00.000000Z,0.70867,0.70842
2015-07-28T22:47:10.000000Z,0.70869,0.70844
2015-07-28T22:50:20.000000Z,0.70863,0.7084
2015-07-28T22:50:30.000000Z,0.70864,0.70844
2015-07-28T22:52:00.000000Z,0.70862,0.7084
2015-07-28T22:52:10.000000Z,0.70854,0.70834
2015-07-28T22:52:20.000000Z,0.70857,0.70835
2015-07-28T22:52:30.000000Z,0.70864,0.70843
2015-07-28T22:53:00.000000Z,0.70863,0.7084
2015-07-28T22:53:20.000000Z,0.70858,0.7084
2015-07-28T22:54:00.000000Z,0.70864,0.7084
2015-07-28T22:54:10.000000Z,0.70863,0.70847
2015-07-28T22:55:00.000000Z,0.70868,0.70852
2015-07-28T22:55:10.000000Z,0.70862,0.7084
2015-07-28T22:55:40.000000Z,0.70864,0.70846
2015-07-28T22:55:50.000000Z,0.70871,0.70852
2015-07-28T22:56:10.000000Z,0.7087,0.70848
2015-07-28T22:56:20.000000Z,0.70868,0.70846
2015-07-28T22:56:30.000000Z,0.7087,0.70848
2015-07-28T22:56:40.000000Z,0.70873,0.7085
2015-07-28T22:56:50.000000Z,0.70869,0.70846
2015-07-28T22:57:00.000000Z,0.70866,0.70844
2015-07-28T22:57:50.000000Z,0.70864,0.70841
2015-07-28T22:59:00.000000Z,0.7086,0.7084
2015-07-28T22:59:50.000000Z,0.70863,0.70841
2015-07-28T23:00:00.000000Z,0.70856,0.70834
2015-07-28T23:00:10.000000Z,0.70853,0.70832
2015-07-28T23:00:30.000000Z,0.7085,0.7083
2015-07-28T23:00:50.000000Z,0.70858,0.70842
2015-07-28T23:02:00.000000Z,0.70872,0.7085
2015-07-28T23:04:00.000000Z,0.70878,0.70852
2015-07-28T23:04:10.000000Z,0.70879,0.70857
2015-07-28T23:04:30.000000Z,0.70878,0.70854
2015-07-28T23:05:20.000000Z,0.70874,0.70853
2015-07-28T23:05:40.000000Z,0.70873,0.7085
2015-07-28T23:08:00.000000Z,0.70875,0.70853
2015-07-28T23:08:50.000000Z,0.70877,0.70856
2015-07-28T23:09:00.000000Z,0.70883,0.7086
2015-07-28T23:09:20.000000Z,0.70885,0.70866
2015-07-28T23:10:10.000000Z,0.70883,0.70864
2015-07-28T23:11:40.000000Z,0.70886,0.70865
2015-07-28T23:11:50.000000Z,0.70888,0.70868
2015-07-28T23:12:20.000000Z,0.70886,0.70864
2015-07-28T23:13:30.000000Z,0.70884,0.70867
2015-07-28T23:14:10.000000Z,0.70884,0.70863
2015-07-28T23:14:20.000000Z,0.70878,0.70859
2015-07-28T23:14:30.000000Z,0.70883,0.70863
2015-07-28T23:14:50.000000Z,0.70887,0.70867
2015-07-28T23:15:00.000000Z,0.70885,0.70864
2015-07-28T23:15:10.000000Z,0.70891,0.70871
2015-07-28T23:15:20.000000Z,0.70881,0.70863
2015-07-28T23:15:40.000000Z,0.70887,0.70867
2015-07-28T23:17:00.000000Z,0.70889,0.70869
2015-07-28T23:17:10.000000Z,0.70891,0.70872
2015-07-28T23:17:20.000000Z,0.70891,0.70872
2015-07-28T23:17:40.000000Z,0.70894,0.70873
2015-07-28T23:18:20.000000Z,0.70893,0.7087
2015-07-28T23:19:10.000000Z,0.70888,0.7087
2015-07-28T23:19:30.000000Z,0.70888,0.70866
2015-07-28T23:19:40.000000Z,0.70886,0.70863
2015-07-28T23:21:20.000000Z,0.70883,0.70861
2015-07-28T23:21:30.000000Z,0.7088,0.70856
2015-07-28T23:21:40.000000Z,0.70883,0.70862
2015-07-28T23:22:20.000000Z,0.70887,0.70867
2015-07-28T23:22:30.000000Z,0.70885,0.70865
2015-07-28T23:22:40.000000Z,0.70887,0.70863
2015-07-28T23:22:50.000000Z,0.70881,0.70861
2015-07-28T23:24:20.000000Z,0.70883,0.70863
2015-07-28T23:24:30.000000Z,0.70889,0.70869
2015-07-28T23:25:20.000000Z,0.70909,0.70885
2015-07-28T23:25:30.000000Z,0.70906,0.70884
2015-07-28T23:26:10.000000Z,0.70896,0.70874
2015-07-28T23:26:30.000000Z,0.70892,0.7087
2015-07-28T23:27:00.000000Z,0.70888,0.70868
2015-07-28T23:28:20.000000Z,0.70889,0.70871
2015-07-28T23:28:30.000000Z,0.70896,0.70873
2015-07-28T23:28:40.000000Z,0.70896,0.70877
2015-07-28T23:28:50.000000Z,0.70894,0.70875
2015-07-28T23:30:10.000000Z,0.70896,0.70877
2015-07-28T23:31:10.000000Z,0.70893,0.70876
2015-07-28T23:32:20.000000Z,0.70885,0.70866
2015-07-28T23:35:00.000000Z,0.70883,0.70864
2015-07-28T23:35:10.000000Z,0.70885,0.70866
2015-07-28T23:35:30.000000Z,0.7088,0.70862
2015-07-28T23:38:20.000000Z,0.70887,0.70867
2015-07-28T23:38:30.000000Z,0.70884,0.70866
2015-07-28T23:39:40.000000Z,0.70885,0.70869
2015-07-28T23:43:00.000000Z,0.70884,0.70865
2015-07-28T23:43:10.000000Z,0.7089,0.70873
2015-07-28T23:44:00.000000Z,0.70888,0.70871
2015-07-28T23:44:50.000000Z,0.70885,0.7087
2015-07-28T23:46:00.000000Z,0.70884,0.70866
2015-07-28T23:46:20.000000Z,0.70881,0.70864
2015-07-28T23:46:50.000000Z,0.70879,0.70862
2015-07-28T23:47:00.000000Z,0.70877,0.70859
2015-07-28T23:48:30.000000Z,0.70878,0.70862
2015-07-28T23:49:00.000000Z,0.70886,0.70869
2015-07-28T23:49:40.000000Z,0.70885,0.70866
2015-07-28T23:50:10.000000Z,0.70885,0.70866
2015-07-28T23:50:20.000000Z,0.70891,0.70873
2015-07-28T23:51:00.000000Z,0.70889,0.70871
2015-07-28T23:51:50.000000Z,0.70886,0.70869
2015-07-28T23:52:10.000000Z,0.70889,0.70872
2015-07-28T23:52:30.000000Z,0.70892,0.70874
2015-07-28T23:55:00.000000Z,0.70899,0.7088
2015-07-28T23:55:10.000000Z,0.70897,0.70877
2015-07-28T23:55:20.000000Z,0.70899,0.7088
2015-07-28T23:56:10.000000Z,0.70897,0.70878
2015-07-28T23:58:20.000000Z,0.70899,0.70881
2015-07-28T23:59:50.000000Z,0.70901,0.70884
2015-07-29T00:00:00.000000Z,0.70892,0.70878
2015-07-29T00:00:10.000000Z,0.70897,0.70881
2015-07-29T00:00:20.000000Z,0.70894,0.7088
2015-07-29T00:01:20.000000Z,0.70901,0.70883
2015-07-29T00:01:40.000000Z,0.70898,0.70881
2015-07-29T00:01:50.000000Z,0.70895,0.7088
2015-07-29T00:02:00.000000Z,0.70896,0.70879
2015-07-29T00:02:20.000000Z,0.70893,0.70878
2015-07-29T00:02:30.000000Z,0.70891,0.70875
2015-07-29T00:03:10.000000Z,0.70893,0.70875
2015-07-29T00:03:20.000000Z,0.70891,0.70872
2015-07-29T00:03:30.000000Z,0.70886,0.70868
2015-07-29T00:04:20.000000Z,0.70889,0.70873
2015-07-29T00:04:40.000000Z,0.70892,0.70875
2015-07-29T00:04:50.000000Z,0.70895,0.70876
2015-07-29T00:05:00.000000Z,0.7089,0.70873
2015-07-29T00:05:10.000000Z,0.70891,0.70873
2015-07-29T00:05:30.000000Z,0.70893,0.70877
2015-07-29T00:06:50.000000Z,0.70895,0.7088
2015-07-29T00:07:00.000000Z,0.70892,0.70878
2015-07-29T00:07:20.000000Z,0.70896,0.70878
2015-07-29T00:07:40.000000Z,0.70898,0.70881
2015-07-29T00:07:50.000000Z,0.70896,0.70879
2015-07-29T00:09:00.000000Z,0.70898,0.70881
2015-07-29T00:09:40.000000Z,0.70915,0.70897
2015-07-29T00:09:50.000000Z,0.70913,0.70895
2015-07-29T00:10:20.000000Z,0.7091,0.70893
2015-07-29T00:10:50.000000Z,0.70905,0.70889
2015-07-29T00:12:10.000000Z,0.70903,0.70887
2015-07-29T00:12:20.000000Z,0.70902,0.70883
2015-07-29T00:12:40.000000Z,0.70904,0.70886
2015-07-29T00:13:10.000000Z,0.70899,0.7088
2015-07-29T00:13:20.000000Z,0.70902,0.70883
2015-07-29T00:13:30.000000Z,0.70911,0.70894
2015-07-29T00:13:40.000000Z,0.70909,0.70891
2015-07-29T00:13:50.000000Z,0.70916,0.70897
2015-07-29T00:14:00.000000Z,0.70913,0.70896
2015-07-29T00:14:10.000000Z,0.70911,0.70893
2015-07-29T00:14:20.000000Z,0.70911,0.70893
2015-07-29T00:14:30.000000Z,0.70909,0.7089
2015-07-29T00:14:40.000000Z,0.70907,0.70888
2015-07-29T00:15:00.000000Z,0.70908,0.70892
2015-07-29T00:15:50.000000Z,0.70915,0.70896
2015-07-29T00:16:00.000000Z,0.70915,0.70897
2015-07-29T00:16:10.000000Z,0.70913,0.70895
2015-07-29T00:16:20.000000Z,0.70912,0.70896
2015-07-29T00:16:40.000000Z,0.70921,0.70901
2015-07-29T00:17:00.000000Z,0.70918,0.709
2015-07-29T00:17:20.000000Z,0.7092,0.70902
2015-07-29T00:18:00.000000Z,0.70922,0.70905
2015-07-29T00:18:10.000000Z,0.70924,0.70907
2015-07-29T00:18:40.000000Z,0.70925,0.70908
2015-07-29T00:19:00.000000Z,0.70938,0.7092
2015-07-29T00:19:10.000000Z,0.70934,0.70918
2015-07-29T00:19:20.000000Z,0.70928,0.7091
2015-07-29T00:19:30.000000Z,0.70923,0.70904
2015-07-29T00:19:40.000000Z,0.7092,0.70902
2015-07-29T00:19:50.000000Z,0.70922,0.70904
2015-07-29T00:20:20.000000Z,0.7092,0.70902
2015-07-29T00:20:30.000000Z,0.70925,0.70906
2015-07-29T00:20:40.000000Z,0.70922,0.70905
2015-07-29T00:21:00.000000Z,0.70924,0.70907
2015-07-29T00:21:10.000000Z,0.70928,0.70911
2015-07-29T00:21:40.000000Z,0.70926,0.70909
2015-07-29T00:22:30.000000Z,0.70932,0.70914
2015-07-29T00:22:40.000000Z,0.70934,0.70917
2015-07-29T00:23:00.000000Z,0.70942,0.70925
2015-07-29T00:23:10.000000Z,0.70942,0.70925
2015-07-29T00:23:20.000000Z,0.7094,0.70923
2015-07-29T00:23:50.000000Z,0.70945,0.70928
2015-07-29T00:24:20.000000Z,0.70941,0.70924
2015-07-29T00:25:10.000000Z,0.70943,0.70926
2015-07-29T00:25:20.000000Z,0.70941,0.70924
2015-07-29T00:25:40.000000Z,0.70938,0.70922
2015-07-29T00:25:50.000000Z,0.7094,0.7092
2015-07-29T00:26:30.000000Z,0.70933,0.70917
2015-07-29T00:26:40.000000Z,0.70936,0.70919
2015-07-29T00:27:40.000000Z,0.70929,0.70912
2015-07-29T00:27:50.000000Z,0.70931,0.70914
2015-07-29T00:28:00.000000Z,0.70929,0.70912
2015-07-29T00:29:10.000000Z,0.7093,0.70911
2015-07-29T00:29:30.000000Z,0.70932,0.70914
2015-07-29T00:29:50.000000Z,0.70929,0.70913
2015-07-29T00:30:00.000000Z,0.70929,0.70912
2015-07-29T00:31:00.000000Z,0.70924,0.70907
2015-07-29T00:31:10.000000Z,0.70922,0.70905
2015-07-29T00:31:40.000000Z,0.70913,0.70899
2015-07-29T00:32:00.000000Z,0.7092,0.70902
2015-07-29T00:32:10.000000Z,0.70918,0.709
2015-07-29T00:32:20.000000Z,0.70922,0.70905
2015-07-29T00:32:30.000000Z,0.70919,0.70903
2015-07-29T00:32:40.000000Z,0.70922,0.70904
2015-07-29T00:33:00.000000Z,0.70924,0.70907
2015-07-29T00:33:40.000000Z,0.70923,0.70907
2015-07-29T00:34:00.000000Z,0.70926,0.70908
2015-07-29T00:34:50.000000Z,0.70929,0.70909
2015-07-29T00:35:10.000000Z,0.7092,0.70905
2015-07-29T00:35:20.000000Z,0.70924,0.70907
2015-07-29T00:37:10.000000Z,0.70917,0.70899
2015-07-29T00:37:20.000000Z,0.7092,0.70902
2015-07-29T00:37:50.000000Z,0.70922,0.70904
2015-07-29T00:38:40.000000Z,0.70924,0.70907
2015-07-29T00:39:10.000000Z,0.70926,0.70909
2015-07-29T00:39:20.000000Z,0.70933,0.70917
2015-07-29T00:39:30.000000Z,0.7093,0.70915
2015-07-29T00:39:40.000000Z,0.70933,0.70916
2015-07-29T00:39:50.000000Z,0.70931,0.70914
2015-07-29T00:40:00.000000Z,0.70933,0.70916
2015-07-29T00:40:20.000000Z,0.70935,0.70918
2015-07-29T00:41:00.000000Z,0.70935,0.70918
2015-07-29T00:41:50.000000Z,0.70937,0.7092
2015-07-29T00:42:10.000000Z,0.70934,0.70918
2015-07-29T00:42:30.000000Z,0.70937,0.7092
2015-07-29T00:42:50.000000Z,0.70934,0.70918
2015-07-29T00:43:10.000000Z,0.70936,0.7092
2015-07-29T00:43:30.000000Z,0.70934,0.70918
2015-07-29T00:43:40.000000Z,0.70934,0.70917
2015-07-29T00:44:20.000000Z,0.70931,0.70915
2015-07-29T00:44:30.000000Z,0.70931,0.70915
2015-07-29T00:45:00.000000Z,0.70934,0.70917
2015-07-29T00:45:10.000000Z,0.70929,0.70912
2015-07-29T00:45:20.000000Z,0.70933,0.70916
2015-07-29T00:45:40.000000Z,0.70935,0.70918
2015-07-29T00:46:40.000000Z,0.70927,0.70911
2015-07-29T00:47:20.000000Z,0.70929,0.70913
2015-07-29T00:48:40.000000Z,0.70934,0.70917
2015-07-29T00:48:50.000000Z,0.70934,0.70917
2015-07-29T00:49:00.000000Z,0.70922,0.70906
2015-07-29T00:49:30.000000Z,0.70924,0.70908
2015-07-29T00:49:40.000000Z,0.70925,0.70911
2015-07-29T00:50:00.000000Z,0.70924,0.70906
2015-07-29T00:50:20.000000Z,0.70922,0.70903
2015-07-29T00:51:10.000000Z,0.70924,0.70906
2015-07-29T00:51:30.000000Z,0.70926,0.70908
2015-07-29T00:52:10.000000Z,0.7093,0.70914
2015-07-29T00:53:10.000000Z,0.70931,0.70916
2015-07-29T00:53:30.000000Z,0.70934,0.70918
2015-07-29T00:54:10.000000Z,0.70939,0.70922
2015-07-29T00:54:20.000000Z,0.70936,0.70921
2015-07-29T00:54:30.000000Z,0.70934,0.70918
2015-07-29T00:54:40.000000Z,0.70942,0.70924
2015-07-29T00:54:50.000000Z,0.70937,0.7092
2015-07-29T00:55:00.000000Z,0.70942,0.70926
2015-07-29T00:55:10.000000Z,0.70952,0.70936
2015-07-29T00:55:20.000000Z,0.70945,0.7093
2015-07-29T00:55:50.000000Z,0.70954,0.70936
2015-07-29T00:56:20.000000Z,0.7096,0.70943
2015-07-29T00:56:30.000000Z,0.70957,0.70942
2015-07-29T00:56:40.000000Z,0.70959,0.70944
2015-07-29T00:56:50.000000Z,0.70962,0.70945
2015-07-29T00:57:10.000000Z,0.70965,0.70947
2015-07-29T00:57:20.000000Z,0.70962,0.70944
2015-07-29T00:57:30.000000Z,0.7096,0.70941
2015-07-29T00:57:50.000000Z,0.70961,0.70945
2015-07-29T00:58:00.000000Z,0.70959,0.70942
2015-07-29T00:58:50.000000Z,0.70953,0.70934
2015-07-29T00:59:00.000000Z,0.70955,0.70937
2015-07-29T00:59:50.000000Z,0.70954,0.70938
2015-07-29T01:00:00.000000Z,0.70955,0.70938
2015-07-29T01:00:10.000000Z,0.70956,0.70938
2015-07-29T01:00:50.000000Z,0.70958,0.70941
2015-07-29T01:01:50.000000Z,0.70958,0.70941
2015-07-29T01:02:10.000000Z,0.70955,0.70939
2015-07-29T01:02:20.000000Z,0.70953,0.70937
2015-07-29T01:02:40.000000Z,0.70949,0.70935
2015-07-29T01:02:50.000000Z,0.70956,0.70938
2015-07-29T01:03:00.000000Z,0.7096,0.70943
2015-07-29T01:03:20.000000Z,0.70959,0.7094
2015-07-29T01:04:10.000000Z,0.70957,0.70938
2015-07-29T01:04:20.000000Z,0.70958,0.70938
2015-07-29T01:04:40.000000Z,0.70955,0.70937
2015-07-29T01:05:10.000000Z,0.70949,0.70933
2015-07-29T01:05:20.000000Z,0.70952,0.70934
2015-07-29T01:06:30.000000Z,0.70947,0.7093
2015-07-29T01:06:50.000000Z,0.70944,0.70928
2015-07-29T01:07:30.000000Z,0.70942,0.70924
2015-07-29T01:07:40.000000Z,0.70944,0.70927
2015-07-29T01:07:50.000000Z,0.70947,0.70928
2015-07-29T01:09:10.000000Z,0.70948,0.70932
2015-07-29T01:09:30.000000Z,0.70945,0.70931
2015-07-29T01:09:50.000000Z,0.70941,0.70925
2015-07-29T01:10:50.000000Z,0.70941,0.70925
2015-07-29T01:11:00.000000Z,0.70949,0.70933
2015-07-29T01:11:30.000000Z,0.70947,0.70931
2015-07-29T01:11:50.000000Z,0.70952,0.70935
2015-07-29T01:12:00.000000Z,0.70954,0.70938
2015-07-29T01:12:10.000000Z,0.70951,0.70935
2015-07-29T01:13:10.000000Z,0.70946,0.70931
2015-07-29T01:13:30.000000Z,0.70946,0.7093
2015-07-29T01:13:40.000000Z,0.70956,0.7094
2015-07-29T01:14:00.000000Z,0.70956,0.70941
2015-07-29T01:14:10.000000Z,0.70954,0.70938
2015-07-29T01:14:20.000000Z,0.70956,0.7094
2015-07-29T01:14:30.000000Z,0.70961,0.70945
2015-07-29T01:15:00.000000Z,0.7096,0.70945
2015-07-29T01:15:10.000000Z,0.70962,0.70947
2015-07-29T01:15:20.000000Z,0.70958,0.70942
2015-07-29T01:15:30.000000Z,0.70961,0.70947
2015-07-29T01:16:00.000000Z,0.70959,0.70945
2015-07-29T01:16:10.000000Z,0.70948,0.70934
2015-07-29T01:16:50.000000Z,0.70952,0.70934
2015-07-29T01:18:00.000000Z,0.70948,0.70934
2015-07-29T01:18:30.000000Z,0.70948,0.70934
2015-07-29T01:18:40.000000Z,0.70946,0.70932
2015-07-29T01:19:00.000000Z,0.70956,0.70939
2015-07-29T01:19:30.000000Z,0.70959,0.70944
2015-07-29T01:19:40.000000Z,0.70959,0.70944
2015-07-29T01:19:50.000000Z,0.70963,0.70946
2015-07-29T01:20:00.000000Z,0.70964,0.70949
2015-07-29T01:20:10.000000Z,0.70968,0.7095
2015-07-29T01:20:40.000000Z,0.70964,0.70949
2015-07-29T01:20:50.000000Z,0.70965,0.70948
2015-07-29T01:21:10.000000Z,0.70968,0.7095
2015-07-29T01:21:30.000000Z,0.70965,0.70948
2015-07-29T01:21:40.000000Z,0.70963,0.70945
2015-07-29T01:22:50.000000Z,0.70966,0.70947
2015-07-29T01:24:00.000000Z,0.70968,0.7095
2015-07-29T01:24:40.000000Z,0.70964,0.70949
2015-07-29T01:26:10.000000Z,0.70967,0.70951
2015-07-29T01:26:20.000000Z,0.70965,0.70948
2015-07-29T01:27:00.000000Z,0.70967,0.7095
2015-07-29T01:29:10.000000Z,0.70964,0.70949
2015-07-29T01:29:20.000000Z,0.7097,0.70952
2015-07-29T01:29:50.000000Z,0.70972,0.70956
2015-07-29T01:30:40.000000Z,0.70973,0.70956
2015-07-29T01:30:50.000000Z,0.70975,0.70958
2015-07-29T01:31:00.000000Z,0.70973,0.70956
2015-07-29T01:31:30.000000Z,0.70975,0.70958
2015-07-29T01:31:40.000000Z,0.70971,0.70956
2015-07-29T01:31:50.000000Z,0.70974,0.70958
2015-07-29T01:32:00.000000Z,0.70976,0.70961
2015-07-29T01:32:20.000000Z,0.7097,0.70953
2015-07-29T01:32:40.000000Z,0.70968,0.70951
2015-07-29T01:33:00.000000Z,0.7097,0.70954
2015-07-29T01:34:30.000000Z,0.70974,0.70955
2015-07-29T01:34:40.000000Z,0.70968,0.70952
2015-07-29T01:35:00.000000Z,0.70971,0.70954
2015-07-29T01:35:10.000000Z,0.70973,0.70956
2015-07-29T01:35:20.000000Z,0.70973,0.70956
2015-07-29T01:35:50.000000Z,0.70975,0.70959
2015-07-29T01:36:00.000000Z,0.70985,0.70968
2015-07-29T01:36:40.000000Z,0.70985,0.70972
2015-07-29T01:36:50.000000Z,0.70984,0.70969
2015-07-29T01:37:10.000000Z,0.7099,0.70972
2015-07-29T01:37:20.000000Z,0.70987,0.7097
2015-07-29T01:37:40.000000Z,0.70987,0.70971
2015-07-29T01:38:00.000000Z,0.70985,0.70968
2015-07-29T01:38:10.000000Z,0.70987,0.70971
2015-07-29T01:38:20.000000Z,0.70984,0.70968
2015-07-29T01:39:20.000000Z,0.70987,0.70969
2015-07-29T01:40:00.000000Z,0.70992,0.70974
2015-07-29T01:40:40.000000Z,0.70995,0.70979
2015-07-29T01:41:20.000000Z,0.70994,0.70976
2015-07-29T01:41:30.000000Z,0.70991,0.70975
2015-07-29T01:41:40.000000Z,0.70992,0.70974
2015-07-29T01:42:10.000000Z,0.70993,0.70977
2015-07-29T01:42:30.000000Z,0.70995,0.7098
2015-07-29T01:43:40.000000Z,0.70993,0.70977
2015-07-29T01:45:10.000000Z,0.7099,0.70975
2015-07-29T01:45:50.000000Z,0.70991,0.70974
2015-07-29T01:46:00.000000Z,0.70994,0.70976
2015-07-29T01:46:30.000000Z,0.70996,0.70979
2015-07-29T01:47:10.000000Z,0.70991,0.70975
2015-07-29T01:47:20.000000Z,0.70994,0.70977
2015-07-29T01:48:00.000000Z,0.70991,0.70975
2015-07-29T01:49:00.000000Z,0.70989,0.70972
2015-07-29T01:50:00.000000Z,0.70987,0.70969
2015-07-29T01:51:10.000000Z,0.7099,0.70971
2015-07-29T01:52:00.000000Z,0.70987,0.7097
2015-07-29T01:52:20.000000Z,0.7099,0.70971
2015-07-29T01:52:50.000000Z,0.70985,0.70968
2015-07-29T01:53:10.000000Z,0.70987,0.7097
2015-07-29T01:53:30.000000Z,0.70991,0.70975
2015-07-29T01:54:10.000000Z,0.70996,0.70978
2015-07-29T01:54:20.000000Z,0.71,0.70983
2015-07-29T01:54:30.000000Z,0.70997,0.7098
2015-07-29T01:55:20.000000Z,0.70999,0.70982
2015-07-29T01:57:20.000000Z,0.70996,0.7098
2015-07-29T01:57:30.000000Z,0.70994,0.70978
2015-07-29T01:58:00.000000Z,0.70992,0.70975
2015-07-29T01:58:40.000000Z,0.7099,0.70973
2015-07-29T01:58:50.000000Z,0.70992,0.70975
2015-07-29T01:59:10.000000Z,0.70988,0.70971
2015-07-29T01:59:20.000000Z,0.70984,0.70966
2015-07-29T02:00:10.000000Z,0.70984,0.70966
2015-07-29T02:01:10.000000Z,0.70988,0.70972
2015-07-29T02:01:50.000000Z,0.7099,0.70974
2015-07-29T02:02:10.000000Z,0.70992,0.70976
2015-07-29T02:02:20.000000Z,0.70988,0.70972
2015-07-29T02:02:30.000000Z,0.70986,0.70969
2015-07-29T02:02:50.000000Z,0.70986,0.70969
2015-07-29T02:03:00.000000Z,0.70984,0.70967
2015-07-29T02:03:10.000000Z,0.70982,0.70964
2015-07-29T02:04:10.000000Z,0.70984,0.70967
2015-07-29T02:04:30.000000Z,0.70982,0.70965
2015-07-29T02:04:40.000000Z,0.70979,0.70964
2015-07-29T02:04:50.000000Z,0.70982,0.70966
2015-07-29T02:05:00.000000Z,0.7098,0.70964
2015-07-29T02:05:20.000000Z,0.70976,0.70959
2015-07-29T02:05:40.000000Z,0.70971,0.70955
2015-07-29T02:05:50.000000Z,0.70969,0.70952
2015-07-29T02:06:10.000000Z,0.70968,0.70952
2015-07-29T02:06:50.000000Z,0.70966,0.7095
2015-07-29T02:07:00.000000Z,0.70964,0.70947
2015-07-29T02:07:10.000000Z,0.70969,0.70952
2015-07-29T02:07:30.000000Z,0.70973,0.70957
2015-07-29T02:07:40.000000Z,0.70972,0.70953
2015-07-29T02:08:10.000000Z,0.70974,0.70955
2015-07-29T02:08:30.000000Z,0.70972,0.70954
2015-07-29T02:08:50.000000Z,0.70968,0.70952
2015-07-29T02:09:00.000000Z,0.70973,0.70956
2015-07-29T02:09:20.000000Z,0.70963,0.70946
2015-07-29T02:10:00.000000Z,0.70966,0.70948
2015-07-29T02:10:10.000000Z,0.70974,0.70957
2015-07-29T02:10:30.000000Z,0.70977,0.70958
2015-07-29T02:11:00.000000Z,0.70973,0.70958
2015-07-29T02:11:30.000000Z,0.70971,0.70954
2015-07-29T02:11:40.000000Z,0.70967,0.70952
2015-07-29T02:11:50.000000Z,0.70968,0.70951
2015-07-29T02:12:20.000000Z,0.70965,0.70949
2015-07-29T02:12:40.000000Z,0.70961,0.70944
2015-07-29T02:13:20.000000Z,0.70958,0.70941
2015-07-29T02:13:40.000000Z,0.70959,0.70945
2015-07-29T02:14:10.000000Z,0.70956,0.7094
2015-07-29T02:14:40.000000Z,0.70958,0.70942
2015-07-29T02:14:50.000000Z,0.70957,0.70939
2015-07-29T02:16:00.000000Z,0.70959,0.70942
2015-07-29T02:16:10.000000Z,0.70961,0.70945
2015-07-29T02:16:30.000000Z,0.70958,0.70939
2015-07-29T02:16:50.000000Z,0.70956,0.70936
2015-07-29T02:17:10.000000Z,0.70958,0.70942
2015-07-29T02:17:30.000000Z,0.70961,0.70944
2015-07-29T02:17:50.000000Z,0.70956,0.70938
2015-07-29T02:18:20.000000Z,0.70954,0.70936
2015-07-29T02:18:30.000000Z,0.70957,0.70942
2015-07-29T02:18:40.000000Z,0.70959,0.7094
2015-07-29T02:20:20.000000Z,0.70953,0.70936
2015-07-29T02:20:40.000000Z,0.70953,0.7094
2015-07-29T02:21:00.000000Z,0.70955,0.70942
2015-07-29T02:21:10.000000Z,0.70959,0.70942
2015-07-29T02:21:50.000000Z,0.70961,0.70946
2015-07-29T02:22:00.000000Z,0.70957,0.70941
2015-07-29T02:22:10.000000Z,0.70955,0.70939
2015-07-29T02:22:20.000000Z,0.70954,0.70936
2015-07-29T02:22:30.000000Z,0.70955,0.70939
2015-07-29T02:22:40.000000Z,0.70953,0.70936
2015-07-29T02:22:50.000000Z,0.70955,0.70938
2015-07-29T02:23:10.000000Z,0.70958,0.70941
2015-07-29T02:23:30.000000Z,0.70951,0.70934
2015-07-29T02:23:50.000000Z,0.70952,0.70937
2015-07-29T02:24:00.000000Z,0.7095,0.70934
2015-07-29T02:24:10.000000Z,0.70947,0.70931
2015-07-29T02:24:30.000000Z,0.70952,0.70935
2015-07-29T02:25:10.000000Z,0.70957,0.70941
2015-07-29T02:25:30.000000Z,0.70961,0.70946
2015-07-29T02:25:40.000000Z,0.70964,0.70947
2015-07-29T02:25:50.000000Z,0.70965,0.7095
2015-07-29T02:26:40.000000Z,0.70961,0.70944
2015-07-29T02:26:50.000000Z,0.70958,0.70942
2015-07-29T02:27:10.000000Z,0.70954,0.70937
2015-07-29T02:27:20.000000Z,0.70949,0.70932
2015-07-29T02:27:40.000000Z,0.7095,0.70935
2015-07-29T02:28:40.000000Z,0.70949,0.70931
2015-07-29T02:29:20.000000Z,0.70954,0.70937
2015-07-29T02:30:00.000000Z,0.70959,0.70941
2015-07-29T02:30:10.000000Z,0.70957,0.70939
2015-07-29T02:30:40.000000Z,0.70955,0.70937
2015-07-29T02:30:50.000000Z,0.70957,0.70939
2015-07-29T02:31:00.000000Z,0.70954,0.70937
2015-07-29T02:31:10.000000Z,0.70956,0.70939
2015-07-29T02:31:30.000000Z,0.70958,0.70941
2015-07-29T02:32:20.000000Z,0.70959,0.70944
2015-07-29T02:32:40.000000Z,0.70961,0.70946
2015-07-29T02:32:50.000000Z,0.70968,0.7095
2015-07-29T02:33:30.000000Z,0.70969,0.70953
2015-07-29T02:33:40.000000Z,0.70968,0.7095
2015-07-29T02:34:10.000000Z,0.70972,0.70955
2015-07-29T02:35:00.000000Z,0.70971,0.70952
2015-07-29T02:35:10.000000Z,0.70977,0.70959
2015-07-29T02:36:40.000000Z,0.70974,0.70958
2015-07-29T02:37:00.000000Z,0.70971,0.70956
2015-07-29T02:37:30.000000Z,0.70969,0.70953
2015-07-29T02:37:50.000000Z,0.7096,0.70943
2015-07-29T02:38:00.000000Z,0.70962,0.70946
2015-07-29T02:38:10.000000Z,0.7096,0.70943
2015-07-29T02:38:20.000000Z,0.70965,0.70948
2015-07-29T02:38:40.000000Z,0.70971,0.70953
2015-07-29T02:38:50.000000Z,0.70968,0.70951
2015-07-29T02:39:00.000000Z,0.70968,0.70951
2015-07-29T02:39:20.000000Z,0.7097,0.70953
2015-07-29T02:39:30.000000Z,0.70972,0.70955
2015-07-29T02:39:40.000000Z,0.7097,0.70953
2015-07-29T02:40:00.000000Z,0.70969,0.7095
2015-07-29T02:40:10.000000Z,0.70971,0.70952
2015-07-29T02:40:30.000000Z,0.70969,0.7095
2015-07-29T02:40:40.000000Z,0.70965,0.70949
2015-07-29T02:41:00.000000Z,0.70964,0.70946
2015-07-29T02:41:10.000000Z,0.70961,0.70945
2015-07-29T02:41:20.000000Z,0.70964,0.70946
2015-07-29T02:41:30.000000Z,0.70961,0.70945
2015-07-29T02:41:40.000000Z,0.70959,0.70942
2015-07-29T02:41:50.000000Z,0.70957,0.7094
2015-07-29T02:42:00.000000Z,0.70959,0.70943
2015-07-29T02:42:20.000000Z,0.70954,0.70938
2015-07-29T02:42:30.000000Z,0.70952,0.70935
2015-07-29T02:42:40.000000Z,0.70949,0.70934
2015-07-29T02:42:50.000000Z,0.70953,0.70935
2015-07-29T02:43:40.000000Z,0.70955,0.70938
2015-07-29T02:44:10.000000Z,0.70959,0.70943
2015-07-29T02:44:30.000000Z,0.70966,0.7095
2015-07-29T02:45:00.000000Z,0.7096,0.70943
2015-07-29T02:45:30.000000Z,0.70962,0.70945
2015-07-29T02:46:10.000000Z,0.70958,0.70941
2015-07-29T02:46:20.000000Z,0.70955,0.70939
2015-07-29T02:48:20.000000Z,0.70953,0.70936
2015-07-29T02:49:00.000000Z,0.70951,0.70934
2015-07-29T02:50:20.000000Z,0.70953,0.70936
2015-07-29T02:50:30.000000Z,0.70955,0.70939
2015-07-29T02:51:30.000000Z,0.70954,0.70936
2015-07-29T02:53:00.000000Z,0.70956,0.70938
2015-07-29T02:53:20.000000Z,0.70958,0.70941
2015-07-29T02:53:50.000000Z,0.70956,0.70939
2015-07-29T02:55:30.000000Z,0.70957,0.70942
2015-07-29T02:55:40.000000Z,0.70954,0.70941
2015-07-29T02:57:40.000000Z,0.70952,0.70939
2015-07-29T02:59:20.000000Z,0.70965,0.70947
2015-07-29T02:59:30.000000Z,0.70967,0.70949
2015-07-29T02:59:40.000000Z,0.7097,0.70955
2015-07-29T03:00:00.000000Z,0.70975,0.70958
2015-07-29T03:00:10.000000Z,0.70973,0.7096
2015-07-29T03:00:20.000000Z,0.70972,0.70956
2015-07-29T03:00:50.000000Z,0.70973,0.7096
2015-07-29T03:02:50.000000Z,0.70969,0.70955
2015-07-29T03:05:10.000000Z,0.70966,0.70953
2015-07-29T03:05:20.000000Z,0.70965,0.70946
2015-07-29T03:06:50.000000Z,0.70963,0.70949
2015-07-29T03:07:10.000000Z,0.70961,0.70946
2015-07-29T03:08:30.000000Z,0.70958,0.70941
2015-07-29T03:10:00.000000Z,0.70955,0.70939
2015-07-29T03:10:20.000000Z,0.70952,0.70934
2015-07-29T03:11:10.000000Z,0.70949,0.70933
2015-07-29T03:11:30.000000Z,0.70946,0.70932
2015-07-29T03:12:10.000000Z,0.7095,0.70932
2015-07-29T03:12:40.000000Z,0.70954,0.70937
2015-07-29T03:12:50.000000Z,0.70955,0.70935
2015-07-29T03:13:20.000000Z,0.70955,0.70939
2015-07-29T03:14:00.000000Z,0.70959,0.7094
2015-07-29T03:14:10.000000Z,0.70961,0.70942
2015-07-29T03:14:20.000000Z,0.70958,0.70941
2015-07-29T03:14:40.000000Z,0.70956,0.70938
2015-07-29T03:14:50.000000Z,0.70956,0.70938
2015-07-29T03:15:00.000000Z,0.70959,0.7094
2015-07-29T03:15:30.000000Z,0.70956,0.70939
2015-07-29T03:16:10.000000Z,0.70958,0.70941
2015-07-29T03:16:20.000000Z,0.70956,0.70939
2015-07-29T03:17:40.000000Z,0.70953,0.70938
2015-07-29T03:21:10.000000Z,0.70952,0.70934
2015-07-29T03:21:20.000000Z,0.70958,0.70941
2015-07-29T03:22:10.000000Z,0.70959,0.70941
2015-07-29T03:22:40.000000Z,0.70954,0.70938
2015-07-29T03:22:50.000000Z,0.70955,0.70937
2015-07-29T03:23:00.000000Z,0.70956,0.7094
2015-07-29T03:24:10.000000Z,0.70954,0.70937
2015-07-29T03:26:10.000000Z,0.70961,0.70945
2015-07-29T03:27:00.000000Z,0.70964,0.70946
2015-07-29T03:28:40.000000Z,0.70968,0.70951
2015-07-29T03:29:00.000000Z,0.70966,0.70949
2015-07-29T03:31:00.000000Z,0.7097,0.70953
2015-07-29T03:32:20.000000Z,0.70968,0.70951
2015-07-29T03:33:10.000000Z,0.70968,0.70951
2015-07-29T03:35:30.000000Z,0.70966,0.70949
2015-07-29T03:35:50.000000Z,0.70963,0.70947
2015-07-29T03:36:20.000000Z,0.70961,0.70945
2015-07-29T03:36:40.000000Z,0.70959,0.70942
2015-07-29T03:37:10.000000Z,0.70968,0.70951
2015-07-29T03:38:20.000000Z,0.70966,0.70949
2015-07-29T03:39:50.000000Z,0.70968,0.70951
2015-07-29T03:40:30.000000Z,0.70973,0.70955
2015-07-29T03:40:40.000000Z,0.70968,0.70951
2015-07-29T03:41:00.000000Z,0.70972,0.70955
2015-07-29T03:41:10.000000Z,0.70974,0.70957
2015-07-29T03:43:20.000000Z,0.70972,0.70955
2015-07-29T03:43:30.000000Z,0.7097,0.70953
2015-07-29T03:43:50.000000Z,0.70968,0.70951
2015-07-29T03:44:10.000000Z,0.70968,0.70955
2015-07-29T03:45:50.000000Z,0.70967,0.70952
2015-07-29T03:47:40.000000Z,0.70965,0.70949
2015-07-29T03:48:00.000000Z,0.70967,0.70957
2015-07-29T03:48:10.000000Z,0.70965,0.70954
2015-07-29T03:48:20.000000Z,0.7096,0.70945
2015-07-29T03:49:10.000000Z,0.70961,0.70948
2015-07-29T03:50:20.000000Z,0.70961,0.70944
2015-07-29T03:50:30.000000Z,0.70957,0.70942
2015-07-29T03:51:10.000000Z,0.7096,0.70943
2015-07-29T03:51:20.000000Z,0.70962,0.70946
2015-07-29T03:53:00.000000Z,0.70958,0.70941
2015-07-29T03:53:10.000000Z,0.7096,0.70943
2015-07-29T03:53:20.000000Z,0.70962,0.70946
2015-07-29T03:54:30.000000Z,0.70965,0.70948
2015-07-29T03:55:50.000000Z,0.70961,0.70944
2015-07-29T03:56:00.000000Z,0.70958,0.70942
2015-07-29T03:56:20.000000Z,0.70961,0.70944
2015-07-29T03:56:30.000000Z,0.70963,0.70946
2015-07-29T03:57:10.000000Z,0.70965,0.70948
2015-07-29T03:57:50.000000Z,0.70967,0.7095
2015-07-29T03:58:00.000000Z,0.70963,0.70946
2015-07-29T03:59:00.000000Z,0.70965,0.70948
2015-07-29T03:59:10.000000Z,0.70963,0.70946
2015-07-29T04:01:00.000000Z,0.70958,0.70942
2015-07-29T04:01:10.000000Z,0.70956,0.7094
2015-07-29T04:01:30.000000Z,0.70963,0.70946
2015-07-29T04:02:00.000000Z,0.70961,0.70944
2015-07-29T04:02:20.000000Z,0.70956,0.70943
2015-07-29T04:02:30.000000Z,0.70951,0.70935
2015-07-29T04:04:40.000000Z,0.70949,0.70933
2015-07-29T04:05:00.000000Z,0.70951,0.70935
2015-07-29T04:06:10.000000Z,0.70948,0.70933
2015-07-29T04:07:00.000000Z,0.70951,0.70935
2015-07-29T04:07:10.000000Z,0.70952,0.7094
2015-07-29T04:07:40.000000Z,0.7095,0.70937
2015-07-29T04:08:40.000000Z,0.70956,0.7094
2015-07-29T04:09:20.000000Z,0.70952,0.70939
2015-07-29T04:10:00.000000Z,0.7095,0.70936
2015-07-29T04:12:10.000000Z,0.70949,0.70933
2015-07-29T04:12:20.000000Z,0.70947,0.70931
2015-07-29T04:13:00.000000Z,0.70948,0.70934
2015-07-29T04:13:50.000000Z,0.70941,0.70928
2015-07-29T04:14:00.000000Z,0.70949,0.70933
2015-07-29T04:14:10.000000Z,0.70946,0.70932
2015-07-29T04:14:30.000000Z,0.7094,0.70925
2015-07-29T04:14:40.000000Z,0.70939,0.70922
2015-07-29T04:14:50.000000Z,0.70937,0.7092
2015-07-29T04:15:00.000000Z,0.70932,0.70916
2015-07-29T04:15:10.000000Z,0.70932,0.70916
2015-07-29T04:15:20.000000Z,0.70938,0.70919
2015-07-29T04:15:30.000000Z,0.70934,0.70917
2015-07-29T04:15:50.000000Z,0.70934,0.70916
2015-07-29T04:16:40.000000Z,0.70938,0.70921
2015-07-29T04:16:50.000000Z,0.70938,0.7092
2015-07-29T04:17:00.000000Z,0.70944,0.70928
2015-07-29T04:17:40.000000Z,0.70942,0.70925
2015-07-29T04:17:50.000000Z,0.70943,0.70929
2015-07-29T04:18:10.000000Z,0.70942,0.70925
2015-07-29T04:18:20.000000Z,0.7094,0.70923
2015-07-29T04:18:40.000000Z,0.70932,0.70912
2015-07-29T04:18:50.000000Z,0.70928,0.7091
2015-07-29T04:19:00.000000Z,0.70922,0.70903
2015-07-29T04:19:10.000000Z,0.70919,0.709
2015-07-29T04:19:20.000000Z,0.7092,0.70904
2015-07-29T04:19:30.000000Z,0.70918,0.709
2015-07-29T04:19:40.000000Z,0.70915,0.70897
2015-07-29T04:19:50.000000Z,0.70917,0.709
2015-07-29T04:20:40.000000Z,0.70914,0.70897
2015-07-29T04:21:00.000000Z,0.70912,0.70895
2015-07-29T04:21:20.000000Z,0.7092,0.70906
2015-07-29T04:21:40.000000Z,0.70931,0.70914
2015-07-29T04:22:00.000000Z,0.70924,0.70907
2015-07-29T04:22:10.000000Z,0.7092,0.70905
2015-07-29T04:23:00.000000Z,0.70923,0.70906
2015-07-29T04:23:20.000000Z,0.70923,0.70906
2015-07-29T04:23:30.000000Z,0.70921,0.70904
2015-07-29T04:24:10.000000Z,0.70919,0.70902
2015-07-29T04:24:20.000000Z,0.70913,0.70899
2015-07-29T04:24:30.000000Z,0.70915,0.70897
2015-07-29T04:24:50.000000Z,0.70909,0.70892
2015-07-29T04:25:00.000000Z,0.70903,0.70888
2015-07-29T04:25:30.000000Z,0.70898,0.7088
2015-07-29T04:25:40.000000Z,0.70895,0.70879
2015-07-29T04:25:50.000000Z,0.70897,0.70882
2015-07-29T04:26:00.000000Z,0.70901,0.70887
2015-07-29T04:26:40.000000Z,0.709,0.70883
2015-07-29T04:26:50.000000Z,0.70898,0.7088
2015-07-29T04:27:10.000000Z,0.70899,0.70884
2015-07-29T04:27:30.000000Z,0.70903,0.70885
2015-07-29T04:28:10.000000Z,0.70901,0.70883
2015-07-29T04:28:20.000000Z,0.70898,0.70881
2015-07-29T04:28:40.000000Z,0.70901,0.70883
2015-07-29T04:28:50.000000Z,0.70898,0.70881
2015-07-29T04:29:00.000000Z,0.70891,0.70873
2015-07-29T04:29:10.000000Z,0.70891,0.70873
2015-07-29T04:29:30.000000Z,0.70893,0.70877
2015-07-29T04:30:10.000000Z,0.70891,0.70874
2015-07-29T04:30:40.000000Z,0.70889,0.70872
2015-07-29T04:32:10.000000Z,0.70891,0.70875
2015-07-29T04:32:20.000000Z,0.70891,0.70875
2015-07-29T04:33:20.000000Z,0.7089,0.70872
2015-07-29T04:34:20.000000Z,0.70892,0.70875
2015-07-29T04:35:20.000000Z,0.7089,0.70873
2015-07-29T04:35:50.000000Z,0.70886,0.70872
2015-07-29T04:36:10.000000Z,0.70884,0.70869
2015-07-29T04:36:20.000000Z,0.70885,0.70867
2015-07-29T04:36:30.000000Z,0.7089,0.70872
2015-07-29T04:36:40.000000Z,0.70879,0.70865
2015-07-29T04:37:00.000000Z,0.70872,0.70859
2015-07-29T04:37:10.000000Z,0.70874,0.70863
2015-07-29T04:37:30.000000Z,0.70882,0.70865
2015-07-29T04:37:50.000000Z,0.70883,0.70868
2015-07-29T04:39:30.000000Z,0.70885,0.70871
2015-07-29T04:39:40.000000Z,0.70888,0.70872
2015-07-29T04:40:00.000000Z,0.70887,0.70869
2015-07-29T04:40:10.000000Z,0.70883,0.70867
2015-07-29T04:40:20.000000Z,0.70884,0.70867
2015-07-29T04:40:40.000000Z,0.70879,0.70864
2015-07-29T04:40:50.000000Z,0.70884,0.70868
2015-07-29T04:41:10.000000Z,0.70882,0.70866
2015-07-29T04:41:20.000000Z,0.70886,0.7087
2015-07-29T04:41:40.000000Z,0.70883,0.70868
2015-07-29T04:41:50.000000Z,0.70879,0.70864
2015-07-29T04:42:00.000000Z,0.70882,0.70866
2015-07-29T04:42:30.000000Z,0.70879,0.70864
2015-07-29T04:42:40.000000Z,0.70877,0.70861
2015-07-29T04:42:50.000000Z,0.70877,0.7086
2015-07-29T04:43:00.000000Z,0.70879,0.70862
2015-07-29T04:43:20.000000Z,0.70881,0.70865
2015-07-29T04:43:50.000000Z,0.70883,0.70868
2015-07-29T04:44:20.000000Z,0.70883,0.70867
2015-07-29T04:44:40.000000Z,0.70885,0.7087
2015-07-29T04:45:40.000000Z,0.70897,0.70881
2015-07-29T04:45:50.000000Z,0.70894,0.70879
2015-07-29T04:46:10.000000Z,0.70892,0.70876
2015-07-29T04:46:30.000000Z,0.70889,0.70873
2015-07-29T04:46:40.000000Z,0.70891,0.70875
2015-07-29T04:46:50.000000Z,0.70893,0.70878
2015-07-29T04:47:00.000000Z,0.70891,0.70875
2015-07-29T04:47:10.000000Z,0.70889,0.70873
2015-07-29T04:47:50.000000Z,0.70891,0.70876
2015-07-29T04:48:20.000000Z,0.70889,0.70873
2015-07-29T04:49:20.000000Z,0.70867,0.7085
2015-07-29T04:49:30.000000Z,0.70869,0.70852
2015-07-29T04:49:40.000000Z,0.70867,0.70848
2015-07-29T04:50:00.000000Z,0.70868,0.70851
2015-07-29T04:50:10.000000Z,0.70873,0.70855
2015-07-29T04:50:30.000000Z,0.7087,0.70853
2015-07-29T04:50:40.000000Z,0.70865,0.70847
2015-07-29T04:50:50.000000Z,0.70863,0.70845
2015-07-29T04:51:00.000000Z,0.7086,0.70843
2015-07-29T04:51:10.000000Z,0.70862,0.70845
2015-07-29T04:51:40.000000Z,0.70863,0.70848
2015-07-29T04:51:50.000000Z,0.70866,0.7085
2015-07-29T04:52:00.000000Z,0.70869,0.70851
2015-07-29T04:52:10.000000Z,0.70873,0.70856
2015-07-29T04:52:20.000000Z,0.70874,0.70856
2015-07-29T04:52:30.000000Z,0.70869,0.70852
2015-07-29T04:52:40.000000Z,0.7087,0.70855
2015-07-29T04:53:50.000000Z,0.70871,0.70854
2015-07-29T04:54:00.000000Z,0.7087,0.70853
2015-07-29T04:54:10.000000Z,0.70872,0.70855
2015-07-29T04:54:30.000000Z,0.7087,0.70853
2015-07-29T04:54:40.000000Z,0.70871,0.70852
2015-07-29T04:54:50.000000Z,0.7087,0.70853
2015-07-29T04:55:00.000000Z,0.7087,0.70853
2015-07-29T04:55:20.000000Z,0.70872,0.70856
2015-07-29T04:55:30.000000Z,0.70873,0.70859
2015-07-29T04:55:40.000000Z,0.7087,0.70853
2015-07-29T04:56:00.000000Z,0.70872,0.70856
2015-07-29T04:56:10.000000Z,0.70874,0.70859
2015-07-29T04:56:30.000000Z,0.70871,0.70854
2015-07-29T04:56:40.000000Z,0.70872,0.70857
2015-07-29T04:56:50.000000Z,0.70874,0.70859
2015-07-29T04:57:10.000000Z,0.70873,0.70856
2015-07-29T04:57:20.000000Z,0.70869,0.70854
2015-07-29T04:57:30.000000Z,0.70868,0.70851
2015-07-29T04:57:50.000000Z,0.70869,0.70854
2015-07-29T04:58:30.000000Z,0.70866,0.70851
2015-07-29T04:58:40.000000Z,0.70859,0.70845
2015-07-29T04:58:50.000000Z,0.70862,0.70848
2015-07-29T04:59:00.000000Z,0.70871,0.70854
2015-07-29T04:59:10.000000Z,0.70869,0.70851
2015-07-29T04:59:30.000000Z,0.70863,0.70847
2015-07-29T04:59:40.000000Z,0.70859,0.70843
2015-07-29T05:00:40.000000Z,0.70862,0.70849
2015-07-29T05:00:50.000000Z,0.70865,0.70851
2015-07-29T05:01:00.000000Z,0.70868,0.70852
2015-07-29T05:01:20.000000Z,0.70866,0.7085
2015-07-29T05:02:00.000000Z,0.70864,0.70848
2015-07-29T05:02:50.000000Z,0.70864,0.70848
2015-07-29T05:03:00.000000Z,0.70867,0.7085
2015-07-29T05:03:20.000000Z,0.70869,0.70852
2015-07-29T05:03:30.000000Z,0.70868,0.70853
2015-07-29T05:04:10.000000Z,0.70867,0.70849
2015-07-29T05:04:30.000000Z,0.70863,0.70848
2015-07-29T05:04:50.000000Z,0.70868,0.70852
2015-07-29T05:05:00.000000Z,0.70867,0.70849
2015-07-29T05:05:10.000000Z,0.70864,0.70847
2015-07-29T05:05:40.000000Z,0.70863,0.70845
2015-07-29T05:06:20.000000Z,0.70864,0.70848
2015-07-29T05:07:00.000000Z,0.70867,0.70851
2015-07-29T05:07:50.000000Z,0.70872,0.70855
2015-07-29T05:08:00.000000Z,0.70868,0.7085
2015-07-29T05:08:20.000000Z,0.7087,0.70853
2015-07-29T05:08:30.000000Z,0.70868,0.70851
2015-07-29T05:08:40.000000Z,0.70863,0.70847
2015-07-29T05:08:50.000000Z,0.70866,0.70849
2015-07-29T05:09:00.000000Z,0.70871,0.70854
2015-07-29T05:09:20.000000Z,0.70868,0.70851
2015-07-29T05:09:30.000000Z,0.70868,0.70851
2015-07-29T05:09:40.000000Z,0.70867,0.70851
2015-07-29T05:09:50.000000Z,0.70868,0.70851
2015-07-29T05:10:00.000000Z,0.7087,0.70853
2015-07-29T05:10:10.000000Z,0.70872,0.70855
2015-07-29T05:10:20.000000Z,0.70875,0.70857
2015-07-29T05:10:40.000000Z,0.70877,0.70861
2015-07-29T05:10:50.000000Z,0.7087,0.70854
2015-07-29T05:11:00.000000Z,0.70873,0.70857
2015-07-29T05:11:10.000000Z,0.70871,0.70855
2015-07-29T05:12:10.000000Z,0.70869,0.70853
2015-07-29T05:12:40.000000Z,0.70866,0.7085
2015-07-29T05:12:50.000000Z,0.70869,0.70852
2015-07-29T05:13:10.000000Z,0.70867,0.70849
2015-07-29T05:13:30.000000Z,0.70867,0.70849
2015-07-29T05:13:50.000000Z,0.70863,0.70849
2015-07-29T05:14:00.000000Z,0.70862,0.70846
2015-07-29T05:14:30.000000Z,0.70857,0.70841
2015-07-29T05:15:10.000000Z,0.70855,0.70839
2015-07-29T05:15:20.000000Z,0.70857,0.70841
2015-07-29T05:15:40.000000Z,0.70855,0.70839
2015-07-29T05:15:50.000000Z,0.70855,0.70839
2015-07-29T05:16:00.000000Z,0.70855,0.70839
2015-07-29T05:16:10.000000Z,0.70852,0.70837
2015-07-29T05:16:30.000000Z,0.70851,0.70834
2015-07-29T05:16:40.000000Z,0.70845,0.70829
2015-07-29T05:17:00.000000Z,0.7085,0.70833
2015-07-29T05:17:30.000000Z,0.70851,0.70832
2015-07-29T05:17:40.000000Z,0.70847,0.70831
2015-07-29T05:18:40.000000Z,0.7085,0.70833
2015-07-29T05:19:10.000000Z,0.70857,0.7084
2015-07-29T05:19:20.000000Z,0.7085,0.70834
2015-07-29T05:19:50.000000Z,0.70853,0.70836
2015-07-29T05:20:00.000000Z,0.70851,0.70834
2015-07-29T05:20:30.000000Z,0.70843,0.70826
2015-07-29T05:20:50.000000Z,0.70847,0.70831
2015-07-29T05:21:20.000000Z,0.7085,0.70833
2015-07-29T05:21:30.000000Z,0.70849,0.7083
2015-07-29T05:22:00.000000Z,0.7085,0.70833
2015-07-29T05:22:30.000000Z,0.70852,0.70836
2015-07-29T05:22:40.000000Z,0.7085,0.70833
2015-07-29T05:23:10.000000Z,0.70855,0.70837
2015-07-29T05:23:20.000000Z,0.70851,0.70836
2015-07-29T05:23:30.000000Z,0.70854,0.70838
2015-07-29T05:24:00.000000Z,0.70852,0.70835
2015-07-29T05:24:10.000000Z,0.70849,0.70833
2015-07-29T05:24:20.000000Z,0.70851,0.70836
2015-07-29T05:24:30.000000Z,0.70858,0.70839
2015-07-29T05:24:40.000000Z,0.70849,0.70834
2015-07-29T05:24:50.000000Z,0.70846,0.70829
2015-07-29T05:25:10.000000Z,0.70847,0.70832
2015-07-29T05:25:50.000000Z,0.70845,0.70829
2015-07-29T05:26:00.000000Z,0.70848,0.7083
2015-07-29T05:26:40.000000Z,0.70853,0.70835
2015-07-29T05:27:00.000000Z,0.7085,0.70833
2015-07-29T05:27:10.000000Z,0.70844,0.70827
2015-07-29T05:27:30.000000Z,0.70841,0.70826
2015-07-29T05:27:50.000000Z,0.7084,0.70822
2015-07-29T05:28:00.000000Z,0.70836,0.7082
2015-07-29T05:28:30.000000Z,0.70839,0.70823
2015-07-29T05:29:50.000000Z,0.70841,0.70826
2015-07-29T05:30:00.000000Z,0.70839,0.70823
2015-07-29T05:30:10.000000Z,0.70836,0.70822
2015-07-29T05:30:50.000000Z,0.70839,0.70823
2015-07-29T05:31:10.000000Z,0.70836,0.70821
2015-07-29T05:31:20.000000Z,0.70831,0.70816
2015-07-29T05:32:10.000000Z,0.70833,0.70818
2015-07-29T05:32:40.000000Z,0.70836,0.7082
2015-07-29T05:33:20.000000Z,0.70832,0.70816
2015-07-29T05:33:40.000000Z,0.70822,0.70807
2015-07-29T05:33:50.000000Z,0.70816,0.70799
2015-07-29T05:34:00.000000Z,0.7081,0.70791
2015-07-29T05:34:10.000000Z,0.70808,0.70788
2015-07-29T05:34:20.000000Z,0.70805,0.70787
2015-07-29T05:34:30.000000Z,0.7081,0.70792
2015-07-29T05:34:40.000000Z,0.70808,0.7079
2015-07-29T05:34:50.000000Z,0.70805,0.70789
2015-07-29T05:35:00.000000Z,0.70803,0.70786
2015-07-29T05:35:20.000000Z,0.70809,0.70794
2015-07-29T05:35:30.000000Z,0.70816,0.70798
2015-07-29T05:35:40.000000Z,0.70817,0.70802
2015-07-29T05:36:00.000000Z,0.70822,0.70806
2015-07-29T05:36:10.000000Z,0.70826,0.7081
2015-07-29T05:36:30.000000Z,0.70824,0.70808
2015-07-29T05:37:00.000000Z,0.70814,0.70799
2015-07-29T05:37:10.000000Z,0.70813,0.70794
2015-07-29T05:37:20.000000Z,0.70814,0.70797
2015-07-29T05:38:10.000000Z,0.70812,0.70795
2015-07-29T05:38:20.000000Z,0.70803,0.70785
2015-07-29T05:38:30.000000Z,0.70809,0.7079
2015-07-29T05:38:40.000000Z,0.7081,0.70792
2015-07-29T05:38:50.000000Z,0.70805,0.70788
2015-07-29T05:39:00.000000Z,0.7081,0.70791
2015-07-29T05:39:40.000000Z,0.70813,0.70794
2015-07-29T05:39:50.000000Z,0.70818,0.70803
2015-07-29T05:40:00.000000Z,0.70816,0.708
2015-07-29T05:40:10.000000Z,0.70823,0.70808
2015-07-29T05:40:30.000000Z,0.70817,0.70803
2015-07-29T05:41:00.000000Z,0.70823,0.70806
2015-07-29T05:41:20.000000Z,0.70821,0.70804
2015-07-29T05:42:10.000000Z,0.70822,0.70807
2015-07-29T05:42:20.000000Z,0.70821,0.70804
2015-07-29T05:42:40.000000Z,0.70825,0.70808
2015-07-29T05:42:50.000000Z,0.70822,0.70807
2015-07-29T05:43:30.000000Z,0.7082,0.70805
2015-07-29T05:43:40.000000Z,0.70828,0.70808
2015-07-29T05:43:50.000000Z,0.70828,0.70813
2015-07-29T05:45:00.000000Z,0.70827,0.7081
2015-07-29T05:45:20.000000Z,0.70828,0.70813
2015-07-29T05:45:50.000000Z,0.70819,0.70803
2015-07-29T05:46:20.000000Z,0.70821,0.70806
2015-07-29T05:46:50.000000Z,0.70819,0.70803
2015-07-29T05:47:00.000000Z,0.70816,0.70801
2015-07-29T05:47:10.000000Z,0.7082,0.70802
2015-07-29T05:48:00.000000Z,0.70817,0.70801
2015-07-29T05:48:10.000000Z,0.70818,0.70804
2015-07-29T05:48:30.000000Z,0.70814,0.70797
2015-07-29T05:48:40.000000Z,0.70816,0.70799
2015-07-29T05:48:50.000000Z,0.70818,0.70801
2015-07-29T05:49:10.000000Z,0.70818,0.70802
2015-07-29T05:49:30.000000Z,0.70828,0.70811
2015-07-29T05:49:40.000000Z,0.7083,0.70813
2015-07-29T05:49:50.000000Z,0.70836,0.7082
2015-07-29T05:50:00.000000Z,0.70834,0.70818
2015-07-29T05:50:40.000000Z,0.70839,0.70823
2015-07-29T05:51:00.000000Z,0.70841,0.70825
2015-07-29T05:51:30.000000Z,0.70835,0.70819
2015-07-29T05:51:40.000000Z,0.70831,0.70814
2015-07-29T05:52:00.000000Z,0.70829,0.70815
2015-07-29T05:53:00.000000Z,0.70831,0.70818
2015-07-29T05:54:10.000000Z,0.70835,0.7082
2015-07-29T05:55:50.000000Z,0.70838,0.70822
2015-07-29T05:57:20.000000Z,0.70834,0.70817
2015-07-29T05:58:10.000000Z,0.70832,0.70814
2015-07-29T05:58:20.000000Z,0.70825,0.70807
2015-07-29T05:58:30.000000Z,0.7082,0.70803
2015-07-29T05:58:40.000000Z,0.70816,0.70798
2015-07-29T05:58:50.000000Z,0.70811,0.70795
2015-07-29T05:59:00.000000Z,0.70812,0.70794
2015-07-29T05:59:10.000000Z,0.7082,0.70804
2015-07-29T05:59:20.000000Z,0.70823,0.70806
2015-07-29T05:59:30.000000Z,0.70817,0.708
2015-07-29T05:59:50.000000Z,0.70822,0.70803
2015-07-29T06:00:00.000000Z,0.70832,0.70816
2015-07-29T06:00:10.000000Z,0.70833,0.70814
2015-07-29T06:00:30.000000Z,0.70835,0.70818
2015-07-29T06:00:50.000000Z,0.70837,0.70822
2015-07-29T06:01:00.000000Z,0.7084,0.70823
2015-07-29T06:01:10.000000Z,0.70837,0.70821
2015-07-29T06:01:20.000000Z,0.70837,0.70821
2015-07-29T06:01:30.000000Z,0.70835,0.70819
2015-07-29T06:01:50.000000Z,0.70831,0.70814
2015-07-29T06:02:00.000000Z,0.70833,0.70817
2015-07-29T06:02:20.000000Z,0.70837,0.70822
2015-07-29T06:02:40.000000Z,0.70834,0.70817
2015-07-29T06:02:50.000000Z,0.7083,0.70816
2015-07-29T06:03:10.000000Z,0.70825,0.70808
2015-07-29T06:03:20.000000Z,0.70827,0.70811
2015-07-29T06:03:30.000000Z,0.70832,0.70816
2015-07-29T06:03:40.000000Z,0.70835,0.70817
2015-07-29T06:03:50.000000Z,0.70829,0.70813
2015-07-29T06:04:00.000000Z,0.70835,0.70818
2015-07-29T06:04:10.000000Z,0.70832,0.70817
2015-07-29T06:04:40.000000Z,0.70829,0.70815
2015-07-29T06:04:50.000000Z,0.70832,0.70817
2015-07-29T06:05:10.000000Z,0.7083,0.70814
2015-07-29T06:05:20.000000Z,0.70824,0.7081
2015-07-29T06:05:40.000000Z,0.70828,0.70812
2015-07-29T06:05:50.000000Z,0.70834,0.7082
2015-07-29T06:06:00.000000Z,0.70825,0.70807
2015-07-29T06:06:20.000000Z,0.70823,0.70809
2015-07-29T06:06:50.000000Z,0.70835,0.7082
2015-07-29T06:07:00.000000Z,0.70836,0.70824
2015-07-29T06:07:20.000000Z,0.70833,0.70817
2015-07-29T06:07:40.000000Z,0.70836,0.70819
2015-07-29T06:08:10.000000Z,0.70838,0.70822
2015-07-29T06:08:20.000000Z,0.70839,0.70825
2015-07-29T06:08:50.000000Z,0.70838,0.70822
2015-07-29T06:09:00.000000Z,0.70832,0.70818
2015-07-29T06:09:10.000000Z,0.70831,0.70815
2015-07-29T06:09:20.000000Z,0.70805,0.70788
2015-07-29T06:09:30.000000Z,0.70805,0.70788
2015-07-29T06:09:40.000000Z,0.708,0.70784
2015-07-29T06:09:50.000000Z,0.70796,0.70778
2015-07-29T06:10:00.000000Z,0.70799,0.7078
2015-07-29T06:10:20.000000Z,0.70795,0.70778
2015-07-29T06:10:50.000000Z,0.70798,0.70779
2015-07-29T06:11:00.000000Z,0.70799,0.70783
2015-07-29T06:11:10.000000Z,0.70802,0.70785
2015-07-29T06:11:20.000000Z,0.70804,0.70788
2015-07-29T06:11:30.000000Z,0.70809,0.70792
2015-07-29T06:11:40.000000Z,0.7081,0.70794
2015-07-29T06:11:50.000000Z,0.70804,0.70787
2015-07-29T06:12:00.000000Z,0.70797,0.70778
2015-07-29T06:12:10.000000Z,0.70799,0.70784
2015-07-29T06:12:20.000000Z,0.70803,0.70785
2015-07-29T06:13:00.000000Z,0.70805,0.70786
2015-07-29T06:13:20.000000Z,0.70801,0.70786
2015-07-29T06:13:30.000000Z,0.70799,0.7078
2015-07-29T06:13:40.000000Z,0.70785,0.70766
2015-07-29T06:13:50.000000Z,0.70784,0.70764
2015-07-29T06:14:00.000000Z,0.70787,0.70767
2015-07-29T06:14:10.000000Z,0.70786,0.70768
2015-07-29T06:14:20.000000Z,0.7079,0.70773
2015-07-29T06:14:30.000000Z,0.70792,0.70776
2015-07-29T06:14:50.000000Z,0.70795,0.70778
2015-07-29T06:15:00.000000Z,0.7079,0.70773
2015-07-29T06:15:10.000000Z,0.70788,0.70771
2015-07-29T06:15:20.000000Z,0.70782,0.70764
2015-07-29T06:15:40.000000Z,0.70783,0.70767
2015-07-29T06:15:50.000000Z,0.70786,0.70769
2015-07-29T06:16:10.000000Z,0.70783,0.70767
2015-07-29T06:17:10.000000Z,0.70785,0.70769
2015-07-29T06:17:20.000000Z,0.70789,0.70773
2015-07-29T06:17:30.000000Z,0.70796,0.70783
2015-07-29T06:17:50.000000Z,0.70798,0.70785
2015-07-29T06:18:00.000000Z,0.70797,0.70782
2015-07-29T06:18:10.000000Z,0.70797,0.7078
2015-07-29T06:18:20.000000Z,0.70794,0.70777
2015-07-29T06:18:30.000000Z,0.70788,0.70773
2015-07-29T06:18:40.000000Z,0.70792,0.70779
2015-07-29T06:18:50.000000Z,0.70795,0.7078
2015-07-29T06:19:00.000000Z,0.70792,0.70778
2015-07-29T06:19:10.000000Z,0.70792,0.70776
2015-07-29T06:19:20.000000Z,0.70789,0.70774
2015-07-29T06:19:30.000000Z,0.70796,0.70782
2015-07-29T06:19:40.000000Z,0.70801,0.70786
2015-07-29T06:19:50.000000Z,0.70801,0.70787
2015-07-29T06:20:00.000000Z,0.70807,0.70795
2015-07-29T06:20:10.000000Z,0.70809,0.70795
2015-07-29T06:20:20.000000Z,0.70811,0.70797
2015-07-29T06:20:30.000000Z,0.70811,0.70797
2015-07-29T06:20:40.000000Z,0.70814,0.70798
2015-07-29T06:20:50.000000Z,0.70813,0.70799
2015-07-29T06:21:00.000000Z,0.7081,0.70793
2015-07-29T06:21:40.000000Z,0.70804,0.70789
2015-07-29T06:22:10.000000Z,0.708,0.70783
2015-07-29T06:22:20.000000Z,0.70805,0.70788
2015-07-29T06:22:30.000000Z,0.70808,0.70791
2015-07-29T06:22:40.000000Z,0.70802,0.70787
2015-07-29T06:22:50.000000Z,0.70803,0.70786
2015-07-29T06:23:00.000000Z,0.70807,0.70793
2015-07-29T06:23:10.000000Z,0.70811,0.70795
2015-07-29T06:23:20.000000Z,0.70802,0.70788
2015-07-29T06:23:30.000000Z,0.70802,0.70787
2015-07-29T06:23:40.000000Z,0.70812,0.70797
2015-07-29T06:24:00.000000Z,0.70808,0.70792
2015-07-29T06:24:10.000000Z,0.70808,0.70792
2015-07-29T06:24:20.000000Z,0.70801,0.70786
2015-07-29T06:24:30.000000Z,0.70801,0.70786
2015-07-29T06:24:40.000000Z,0.70801,0.70786
2015-07-29T06:24:50.000000Z,0.70805,0.70787
2015-07-29T06:25:00.000000Z,0.70793,0.70778
2015-07-29T06:25:10.000000Z,0.70796,0.7078
2015-07-29T06:25:20.000000Z,0.70799,0.70782
2015-07-29T06:25:40.000000Z,0.70806,0.70792
2015-07-29T06:25:50.000000Z,0.70802,0.70787
2015-07-29T06:26:00.000000Z,0.70802,0.70786
2015-07-29T06:26:10.000000Z,0.70797,0.70783
2015-07-29T06:26:20.000000Z,0.70795,0.7078
2015-07-29T06:26:40.000000Z,0.708,0.70783
2015-07-29T06:26:50.000000Z,0.708,0.70784
2015-07-29T06:27:00.000000Z,0.70793,0.70777
2015-07-29T06:27:10.000000Z,0.70794,0.7078
2015-07-29T06:27:20.000000Z,0.70796,0.70782
2015-07-29T06:27:30.000000Z,0.70802,0.70786
2015-07-29T06:28:10.000000Z,0.70803,0.70789
2015-07-29T06:28:20.000000Z,0.70803,0.70789
2015-07-29T06:28:30.000000Z,0.70809,0.70794
2015-07-29T06:28:40.000000Z,0.70806,0.70793
2015-07-29T06:29:30.000000Z,0.70804,0.7079
2015-07-29T06:29:40.000000Z,0.70803,0.70791
2015-07-29T06:29:50.000000Z,0.70802,0.70788
2015-07-29T06:30:00.000000Z,0.7079,0.70777
2015-07-29T06:30:10.000000Z,0.70795,0.70781
2015-07-29T06:30:40.000000Z,0.70794,0.70777
2015-07-29T06:30:50.000000Z,0.70793,0.70779
2015-07-29T06:31:00.000000Z,0.70796,0.7078
2015-07-29T06:31:20.000000Z,0.70803,0.70787
2015-07-29T06:31:40.000000Z,0.70797,0.7078
2015-07-29T06:32:20.000000Z,0.70792,0.70776
2015-07-29T06:33:00.000000Z,0.70794,0.7078
2015-07-29T06:33:10.000000Z,0.70799,0.70784
2015-07-29T06:33:20.000000Z,0.70799,0.70784
2015-07-29T06:33:30.000000Z,0.70794,0.7078
2015-07-29T06:33:40.000000Z,0.7079,0.70776
2015-07-29T06:33:50.000000Z,0.70792,0.70778
2015-07-29T06:34:00.000000Z,0.70794,0.7078
2015-07-29T06:34:30.000000Z,0.70796,0.70782
2015-07-29T06:34:40.000000Z,0.70799,0.70783
2015-07-29T06:35:00.000000Z,0.70803,0.70785
2015-07-29T06:35:10.000000Z,0.70803,0.70789
2015-07-29T06:35:20.000000Z,0.70802,0.70786
2015-07-29T06:35:30.000000Z,0.70799,0.70784
2015-07-29T06:35:40.000000Z,0.70799,0.70785
2015-07-29T06:35:50.000000Z,0.70796,0.70784
2015-07-29T06:36:00.000000Z,0.70798,0.70786
2015-07-29T06:36:10.000000Z,0.70802,0.70789
2015-07-29T06:36:20.000000Z,0.70799,0.70788
2015-07-29T06:37:00.000000Z,0.70793,0.70781
2015-07-29T06:37:10.000000Z,0.7079,0.70779
2015-07-29T06:38:00.000000Z,0.70788,0.70776
2015-07-29T06:38:30.000000Z,0.7078,0.70766
2015-07-29T06:38:40.000000Z,0.70786,0.7077
2015-07-29T06:39:00.000000Z,0.70783,0.70769
2015-07-29T06:39:10.000000Z,0.70781,0.70766
2015-07-29T06:39:20.000000Z,0.7078,0.70762
2015-07-29T06:39:30.000000Z,0.7078,0.70767
2015-07-29T06:39:40.000000Z,0.70782,0.70769
2015-07-29T06:40:20.000000Z,0.70787,0.70773
2015-07-29T06:40:30.000000Z,0.70785,0.70769
2015-07-29T06:41:00.000000Z,0.70794,0.7078
2015-07-29T06:41:10.000000Z,0.70793,0.70781
2015-07-29T06:41:30.000000Z,0.708,0.70784
2015-07-29T06:41:50.000000Z,0.70803,0.70791
2015-07-29T06:42:50.000000Z,0.70806,0.70793
2015-07-29T06:43:10.000000Z,0.70794,0.7078
2015-07-29T06:43:20.000000Z,0.70798,0.70781
2015-07-29T06:43:30.000000Z,0.70794,0.7078
2015-07-29T06:43:40.000000Z,0.70807,0.70793
2015-07-29T06:44:00.000000Z,0.70812,0.70796
2015-07-29T06:44:10.000000Z,0.70809,0.70795
2015-07-29T06:44:20.000000Z,0.70804,0.7079
2015-07-29T06:44:30.000000Z,0.70799,0.70787
2015-07-29T06:45:00.000000Z,0.70806,0.70789
2015-07-29T06:45:10.000000Z,0.70808,0.70793
2015-07-29T06:45:20.000000Z,0.70809,0.70796
2015-07-29T06:45:40.000000Z,0.70811,0.70798
2015-07-29T06:45:50.000000Z,0.70812,0.70797
2015-07-29T06:46:00.000000Z,0.7081,0.70796
2015-07-29T06:46:10.000000Z,0.70813,0.70797
2015-07-29T06:46:20.000000Z,0.70802,0.70789
2015-07-29T06:46:30.000000Z,0.70807,0.70793
2015-07-29T06:47:00.000000Z,0.70808,0.70796
2015-07-29T06:48:00.000000Z,0.70807,0.70792
2015-07-29T06:48:10.000000Z,0.70804,0.7079
2015-07-29T06:48:30.000000Z,0.70807,0.70792
2015-07-29T06:48:40.000000Z,0.70808,0.70795
2015-07-29T06:48:50.000000Z,0.70811,0.70797
2015-07-29T06:49:00.000000Z,0.70813,0.70799
2015-07-29T06:49:10.000000Z,0.70811,0.70797
2015-07-29T06:49:20.000000Z,0.70813,0.70799
2015-07-29T06:50:40.000000Z,0.70808,0.70793
2015-07-29T06:51:00.000000Z,0.70802,0.70786
2015-07-29T06:51:30.000000Z,0.70794,0.70781
2015-07-29T06:51:50.000000Z,0.70792,0.70778
2015-07-29T06:52:00.000000Z,0.70799,0.70783
2015-07-29T06:52:20.000000Z,0.70803,0.70789
2015-07-29T06:52:30.000000Z,0.70797,0.70782
2015-07-29T06:52:40.000000Z,0.70799,0.70784
2015-07-29T06:53:00.000000Z,0.70785,0.7077
2015-07-29T06:53:10.000000Z,0.70786,0.70771
2015-07-29T06:53:20.000000Z,0.70784,0.70772
2015-07-29T06:53:30.000000Z,0.7081,0.70796
2015-07-29T06:53:40.000000Z,0.7081,0.70796
2015-07-29T06:53:50.000000Z,0.70815,0.70801
2015-07-29T06:54:00.000000Z,0.70815,0.708
2015-07-29T06:54:10.000000Z,0.70814,0.70797
2015-07-29T06:54:20.000000Z,0.70811,0.70797
2015-07-29T06:54:50.000000Z,0.70818,0.70804
2015-07-29T06:55:00.000000Z,0.70819,0.70803
2015-07-29T06:55:10.000000Z,0.70817,0.70801
2015-07-29T06:55:20.000000Z,0.70814,0.708
2015-07-29T06:55:30.000000Z,0.70807,0.70794
2015-07-29T06:55:40.000000Z,0.7081,0.70796
2015-07-29T06:55:50.000000Z,0.70806,0.70794
2015-07-29T06:56:00.000000Z,0.7081,0.70795
2015-07-29T06:56:50.000000Z,0.70806,0.70793
2015-07-29T06:57:00.000000Z,0.70807,0.70796
2015-07-29T06:59:20.000000Z,0.70806,0.70793
2015-07-29T06:59:30.000000Z,0.70806,0.7079
2015-07-29T06:59:40.000000Z,0.70807,0.70795
2015-07-29T06:59:50.000000Z,0.70805,0.70792
2015-07-29T07:00:00.000000Z,0.70809,0.70796
2015-07-29T07:00:10.000000Z,0.70799,0.70785
2015-07-29T07:00:20.000000Z,0.70799,0.70785
2015-07-29T07:00:40.000000Z,0.70797,0.70783
2015-07-29T07:00:50.000000Z,0.7079,0.70777
2015-07-29T07:01:00.000000Z,0.70787,0.70773
2015-07-29T07:01:20.000000Z,0.70792,0.70778
2015-07-29T07:01:30.000000Z,0.70796,0.70782
2015-07-29T07:01:40.000000Z,0.70794,0.7078
2015-07-29T07:01:50.000000Z,0.7079,0.70774
2015-07-29T07:02:00.000000Z,0.70787,0.70773
2015-07-29T07:02:10.000000Z,0.70777,0.70764
2015-07-29T07:02:20.000000Z,0.7078,0.70766
2015-07-29T07:02:40.000000Z,0.70779,0.70768
2015-07-29T07:02:50.000000Z,0.70783,0.70769
2015-07-29T07:03:00.000000Z,0.70777,0.70764
2015-07-29T07:03:10.000000Z,0.7078,0.70767
2015-07-29T07:03:20.000000Z,0.70788,0.70773
2015-07-29T07:03:30.000000Z,0.70782,0.7077
2015-07-29T07:03:50.000000Z,0.70784,0.70772
2015-07-29T07:04:00.000000Z,0.70786,0.70771
2015-07-29T07:04:10.000000Z,0.70786,0.70775
2015-07-29T07:04:20.000000Z,0.70791,0.70776
2015-07-29T07:04:30.000000Z,0.70805,0.70791
2015-07-29T07:04:40.000000Z,0.70801,0.70787
2015-07-29T07:04:50.000000Z,0.70801,0.70787
2015-07-29T07:05:00.000000Z,0.70805,0.70792
2015-07-29T07:05:10.000000Z,0.70796,0.70779
2015-07-29T07:05:20.000000Z,0.7079,0.70775
2015-07-29T07:05:30.000000Z,0.70786,0.70774
2015-07-29T07:05:40.000000Z,0.70785,0.70771
2015-07-29T07:05:50.000000Z,0.70784,0.70771
2015-07-29T07:06:10.000000Z,0.70792,0.70778
2015-07-29T07:06:20.000000Z,0.70789,0.70776
2015-07-29T07:06:30.000000Z,0.70797,0.70782
2015-07-29T07:06:50.000000Z,0.7079,0.70776
2015-07-29T07:07:00.000000Z,0.70789,0.70777
2015-07-29T07:07:10.000000Z,0.70787,0.70773
2015-07-29T07:07:20.000000Z,0.70785,0.70771
2015-07-29T07:07:30.000000Z,0.70783,0.70768
2015-07-29T07:07:40.000000Z,0.70777,0.70763
2015-07-29T07:07:50.000000Z,0.70765,0.70752
2015-07-29T07:08:00.000000Z,0.70766,0.70751
2015-07-29T07:08:10.000000Z,0.7076,0.70747
2015-07-29T07:08:20.000000Z,0.70762,0.7075
2015-07-29T07:08:30.000000Z,0.70768,0.70753
2015-07-29T07:09:10.000000Z,0.70765,0.70752
2015-07-29T07:09:20.000000Z,0.7077,0.70756
2015-07-29T07:09:40.000000Z,0.70771,0.70759
2015-07-29T07:09:50.000000Z,0.70772,0.70757
2015-07-29T07:10:00.000000Z,0.70754,0.70741
2015-07-29T07:10:10.000000Z,0.70753,0.70742
2015-07-29T07:10:20.000000Z,0.70758,0.70743
2015-07-29T07:10:30.000000Z,0.70765,0.70751
2015-07-29T07:10:40.000000Z,0.70769,0.70752
2015-07-29T07:10:50.000000Z,0.70764,0.70748
2015-07-29T07:11:00.000000Z,0.70767,0.70753
2015-07-29T07:11:10.000000Z,0.70767,0.70753
2015-07-29T07:11:20.000000Z,0.70754,0.7074
2015-07-29T07:11:30.000000Z,0.70752,0.70739
2015-07-29T07:11:40.000000Z,0.70745,0.70729
2015-07-29T07:11:50.000000Z,0.70746,0.7073
2015-07-29T07:12:00.000000Z,0.70745,0.70733
2015-07-29T07:12:10.000000Z,0.70752,0.7074
2015-07-29T07:12:20.000000Z,0.70761,0.70746
2015-07-29T07:12:30.000000Z,0.70761,0.70746
2015-07-29T07:12:40.000000Z,0.70758,0.70744
2015-07-29T07:12:50.000000Z,0.70754,0.70739
2015-07-29T07:13:00.000000Z,0.7075,0.70736
2015-07-29T07:13:10.000000Z,0.70749,0.70736
2015-07-29T07:13:30.000000Z,0.70752,0.70738
2015-07-29T07:13:40.000000Z,0.70749,0.70736
2015-07-29T07:14:00.000000Z,0.70768,0.70754
2015-07-29T07:14:10.000000Z,0.70764,0.70748
2015-07-29T07:14:20.000000Z,0.70777,0.70762
2015-07-29T07:14:30.000000Z,0.70778,0.70763
2015-07-29T07:14:40.000000Z,0.70779,0.70762
2015-07-29T07:14:50.000000Z,0.70784,0.70769
2015-07-29T07:15:10.000000Z,0.70778,0.70764
2015-07-29T07:15:20.000000Z,0.70768,0.70754
2015-07-29T07:15:30.000000Z,0.70768,0.70754
2015-07-29T07:15:40.000000Z,0.7077,0.70757
2015-07-29T07:15:50.000000Z,0.7077,0.70757
2015-07-29T07:16:00.000000Z,0.70772,0.70759
2015-07-29T07:16:10.000000Z,0.70772,0.70759
2015-07-29T07:16:20.000000Z,0.70773,0.70758
2015-07-29T07:16:30.000000Z,0.70775,0.7076
2015-07-29T07:16:40.000000Z,0.70784,0.7077
2015-07-29T07:16:50.000000Z,0.70781,0.70768
2015-07-29T07:17:10.000000Z,0.70787,0.70775
2015-07-29T07:17:20.000000Z,0.70788,0.70776
2015-07-29T07:17:30.000000Z,0.70795,0.70784
2015-07-29T07:17:40.000000Z,0.70798,0.70786
2015-07-29T07:17:50.000000Z,0.70797,0.70783
2015-07-29T07:18:00.000000Z,0.70797,0.70782
2015-07-29T07:18:10.000000Z,0.70797,0.70783
2015-07-29T07:18:20.000000Z,0.70795,0.7078
2015-07-29T07:18:30.000000Z,0.70793,0.70778
2015-07-29T07:18:50.000000Z,0.7079,0.70776
2015-07-29T07:19:00.000000Z,0.70794,0.70781
2015-07-29T07:19:10.000000Z,0.70799,0.70786
2015-07-29T07:19:20.000000Z,0.7079,0.70778
2015-07-29T07:19:30.000000Z,0.70788,0.70773
2015-07-29T07:19:40.000000Z,0.7079,0.70777
2015-07-29T07:19:50.000000Z,0.70795,0.70781
2015-07-29T07:20:00.000000Z,0.70788,0.70775
2015-07-29T07:20:10.000000Z,0.70791,0.70777
2015-07-29T07:20:30.000000Z,0.70794,0.70782
2015-07-29T07:20:40.000000Z,0.70814,0.70801
2015-07-29T07:20:50.000000Z,0.70822,0.70808
2015-07-29T07:21:00.000000Z,0.70822,0.70805
2015-07-29T07:21:10.000000Z,0.70819,0.70802
2015-07-29T07:21:20.000000Z,0.70811,0.70796
2015-07-29T07:21:30.000000Z,0.70814,0.70798
2015-07-29T07:21:40.000000Z,0.7082,0.70805
2015-07-29T07:21:50.000000Z,0.7083,0.70813
2015-07-29T07:22:00.000000Z,0.70824,0.70808
2015-07-29T07:22:10.000000Z,0.70815,0.70799
2015-07-29T07:22:20.000000Z,0.70812,0.70798
2015-07-29T07:22:30.000000Z,0.7081,0.70796
2015-07-29T07:22:40.000000Z,0.70805,0.7079
2015-07-29T07:22:50.000000Z,0.70796,0.70782
2015-07-29T07:23:00.000000Z,0.70803,0.70789
2015-07-29T07:23:20.000000Z,0.7081,0.70796
2015-07-29T07:23:30.000000Z,0.70797,0.70782
2015-07-29T07:23:50.000000Z,0.70805,0.70791
2015-07-29T07:24:10.000000Z,0.708,0.70786
2015-07-29T07:24:20.000000Z,0.70794,0.70781
2015-07-29T07:24:30.000000Z,0.70797,0.70783
2015-07-29T07:24:50.000000Z,0.70793,0.7078
2015-07-29T07:25:10.000000Z,0.70795,0.70782
2015-07-29T07:25:20.000000Z,0.70792,0.70781
2015-07-29T07:25:40.000000Z,0.70795,0.70783
2015-07-29T07:25:50.000000Z,0.70793,0.70779
2015-07-29T07:26:00.000000Z,0.70793,0.70779
2015-07-29T07:26:10.000000Z,0.70788,0.70773
2015-07-29T07:26:20.000000Z,0.70785,0.70771
2015-07-29T07:26:40.000000Z,0.7078,0.70767
2015-07-29T07:26:50.000000Z,0.70788,0.70774
2015-07-29T07:27:00.000000Z,0.70786,0.70771
2015-07-29T07:27:10.000000Z,0.70791,0.70776
2015-07-29T07:27:20.000000Z,0.70795,0.70782
2015-07-29T07:27:40.000000Z,0.70791,0.70777
2015-07-29T07:27:50.000000Z,0.70791,0.70777
2015-07-29T07:28:00.000000Z,0.70789,0.70775
2015-07-29T07:28:10.000000Z,0.70789,0.70774
2015-07-29T07:28:20.000000Z,0.70794,0.7078
2015-07-29T07:28:30.000000Z,0.70796,0.70782
2015-07-29T07:28:50.000000Z,0.70793,0.7078
2015-07-29T07:29:00.000000Z,0.70798,0.70784
2015-07-29T07:29:10.000000Z,0.70793,0.7078
2015-07-29T07:29:20.000000Z,0.70785,0.70771
2015-07-29T07:29:30.000000Z,0.70787,0.70773
2015-07-29T07:29:40.000000Z,0.70787,0.70773
2015-07-29T07:29:50.000000Z,0.70783,0.70767
2015-07-29T07:30:00.000000Z,0.70772,0.7076
2015-07-29T07:30:10.000000Z,0.70778,0.70764
2015-07-29T07:30:20.000000Z,0.70763,0.70749
2015-07-29T07:30:30.000000Z,0.70765,0.70751
2015-07-29T07:30:40.000000Z,0.70765,0.70751
2015-07-29T07:30:50.000000Z,0.70762,0.70748
2015-07-29T07:31:00.000000Z,0.70758,0.70744
2015-07-29T07:31:10.000000Z,0.70754,0.70739
2015-07-29T07:31:20.000000Z,0.70757,0.70745
2015-07-29T07:31:30.000000Z,0.70764,0.70749
2015-07-29T07:31:50.000000Z,0.70767,0.70754
2015-07-29T07:32:10.000000Z,0.70767,0.70754
2015-07-29T07:32:20.000000Z,0.70765,0.70752
2015-07-29T07:32:30.000000Z,0.70767,0.70754
2015-07-29T07:32:40.000000Z,0.70769,0.70757
2015-07-29T07:32:50.000000Z,0.70769,0.70756
2015-07-29T07:33:00.000000Z,0.70771,0.7076
2015-07-29T07:33:10.000000Z,0.70769,0.70756
2015-07-29T07:33:20.000000Z,0.70768,0.70752
2015-07-29T07:33:50.000000Z,0.70767,0.70753
2015-07-29T07:34:00.000000Z,0.70768,0.70752
2015-07-29T07:34:10.000000Z,0.70774,0.7076
2015-07-29T07:34:20.000000Z,0.70771,0.70759
2015-07-29T07:34:40.000000Z,0.70779,0.70765
2015-07-29T07:34:50.000000Z,0.70781,0.70768
2015-07-29T07:35:00.000000Z,0.70785,0.70774
2015-07-29T07:35:10.000000Z,0.70791,0.70777
2015-07-29T07:35:20.000000Z,0.70783,0.70767
2015-07-29T07:35:30.000000Z,0.70781,0.70767
2015-07-29T07:35:40.000000Z,0.70782,0.70771
2015-07-29T07:35:50.000000Z,0.70779,0.70768
2015-07-29T07:36:20.000000Z,0.70776,0.70762
2015-07-29T07:36:30.000000Z,0.70779,0.70764
2015-07-29T07:36:40.000000Z,0.70778,0.70765
2015-07-29T07:37:00.000000Z,0.70781,0.70766
2015-07-29T07:37:10.000000Z,0.70782,0.70769
2015-07-29T07:37:20.000000Z,0.70781,0.70769
2015-07-29T07:37:30.000000Z,0.7078,0.70765
2015-07-29T07:38:00.000000Z,0.70768,0.70754
2015-07-29T07:38:10.000000Z,0.7078,0.70764
2015-07-29T07:38:20.000000Z,0.70783,0.7077
2015-07-29T07:38:30.000000Z,0.70784,0.7077
2015-07-29T07:38:40.000000Z,0.70786,0.70772
2015-07-29T07:38:50.000000Z,0.70782,0.70768
2015-07-29T07:39:10.000000Z,0.70779,0.70766
2015-07-29T07:39:20.000000Z,0.70777,0.70763
2015-07-29T07:39:30.000000Z,0.70773,0.70759
2015-07-29T07:39:40.000000Z,0.70772,0.70759
2015-07-29T07:40:00.000000Z,0.70779,0.70767
2015-07-29T07:40:10.000000Z,0.70771,0.70756
2015-07-29T07:40:20.000000Z,0.70765,0.70753
2015-07-29T07:40:30.000000Z,0.70775,0.70759
2015-07-29T07:40:40.000000Z,0.70772,0.70758
2015-07-29T07:40:50.000000Z,0.7077,0.70757
2015-07-29T07:41:10.000000Z,0.70777,0.70765
2015-07-29T07:41:20.000000Z,0.70775,0.70763
2015-07-29T07:41:30.000000Z,0.70781,0.70767
2015-07-29T07:41:40.000000Z,0.70786,0.70775
2015-07-29T07:41:50.000000Z,0.70791,0.70778
2015-07-29T07:42:00.000000Z,0.70794,0.7078
2015-07-29T07:42:10.000000Z,0.70796,0.70782
2015-07-29T07:42:20.000000Z,0.70796,0.70782
2015-07-29T07:42:30.000000Z,0.70791,0.70783
2015-07-29T07:42:40.000000Z,0.70789,0.70775
2015-07-29T07:42:50.000000Z,0.70789,0.70775
2015-07-29T07:43:00.000000Z,0.70792,0.70777
2015-07-29T07:43:10.000000Z,0.70797,0.70781
2015-07-29T07:43:20.000000Z,0.70799,0.70784
2015-07-29T07:43:30.000000Z,0.70795,0.70779
2015-07-29T07:43:50.000000Z,0.70796,0.70783
2015-07-29T07:44:00.000000Z,0.70795,0.70784
2015-07-29T07:44:10.000000Z,0.70806,0.70791
2015-07-29T07:44:20.000000Z,0.70803,0.7079
2015-07-29T07:44:40.000000Z,0.70798,0.70784
2015-07-29T07:45:00.000000Z,0.70802,0.70789
2015-07-29T07:45:10.000000Z,0.70805,0.7079
2015-07-29T07:45:20.000000Z,0.70814,0.70801
2015-07-29T07:45:30.000000Z,0.70811,0.70798
2015-07-29T07:45:40.000000Z,0.70812,0.70797
2015-07-29T07:46:00.000000Z,0.7081,0.70796
2015-07-29T07:46:10.000000Z,0.70802,0.70789
2015-07-29T07:46:20.000000Z,0.70795,0.70781
2015-07-29T07:46:30.000000Z,0.70795,0.70781
2015-07-29T07:46:50.000000Z,0.70793,0.7078
2015-07-29T07:47:00.000000Z,0.70791,0.70778
2015-07-29T07:47:10.000000Z,0.70786,0.70773
2015-07-29T07:47:20.000000Z,0.70788,0.70775
2015-07-29T07:47:30.000000Z,0.70791,0.70777
2015-07-29T07:47:40.000000Z,0.70795,0.70783
2015-07-29T07:47:50.000000Z,0.70795,0.70783
2015-07-29T07:48:00.000000Z,0.70793,0.7078
2015-07-29T07:48:10.000000Z,0.70797,0.70785
2015-07-29T07:48:20.000000Z,0.70798,0.70784
2015-07-29T07:48:50.000000Z,0.70799,0.70788
2015-07-29T07:49:00.000000Z,0.70799,0.70788
2015-07-29T07:49:10.000000Z,0.70801,0.7079
2015-07-29T07:49:20.000000Z,0.70797,0.70785
2015-07-29T07:49:30.000000Z,0.70797,0.70784
2015-07-29T07:49:40.000000Z,0.70799,0.70786
2015-07-29T07:49:50.000000Z,0.70797,0.70783
2015-07-29T07:50:00.000000Z,0.70802,0.70788
2015-07-29T07:50:10.000000Z,0.708,0.70787
2015-07-29T07:50:20.000000Z,0.70791,0.70782
2015-07-29T07:50:40.000000Z,0.70795,0.70782
2015-07-29T07:51:00.000000Z,0.70793,0.7078
2015-07-29T07:51:10.000000Z,0.70791,0.70777
2015-07-29T07:51:20.000000Z,0.70793,0.7078
2015-07-29T07:51:30.000000Z,0.7079,0.70777
2015-07-29T07:51:50.000000Z,0.7079,0.70777
2015-07-29T07:52:20.000000Z,0.70788,0.70775
2015-07-29T07:52:40.000000Z,0.70774,0.7076
2015-07-29T07:52:50.000000Z,0.70778,0.70762
2015-07-29T07:53:00.000000Z,0.70779,0.70765
2015-07-29T07:53:10.000000Z,0.70776,0.70763
2015-07-29T07:53:30.000000Z,0.7077,0.70759
2015-07-29T07:53:40.000000Z,0.70773,0.7076
2015-07-29T07:53:50.000000Z,0.70784,0.70769
2015-07-29T07:54:10.000000Z,0.7078,0.70766
2015-07-29T07:54:20.000000Z,0.70771,0.70759
2015-07-29T07:54:30.000000Z,0.70766,0.70753
2015-07-29T07:54:40.000000Z,0.70763,0.7075
2015-07-29T07:54:50.000000Z,0.70773,0.70761
2015-07-29T07:55:00.000000Z,0.70762,0.70748
2015-07-29T07:55:10.000000Z,0.70777,0.7076
2015-07-29T07:55:20.000000Z,0.70775,0.70758
2015-07-29T07:55:30.000000Z,0.70778,0.70763
2015-07-29T07:55:40.000000Z,0.70779,0.70764
2015-07-29T07:55:50.000000Z,0.70781,0.70767
2015-07-29T07:56:00.000000Z,0.70783,0.7077
2015-07-29T07:56:10.000000Z,0.70783,0.7077
2015-07-29T07:56:20.000000Z,0.70779,0.70765
2015-07-29T07:56:30.000000Z,0.70776,0.70762
2015-07-29T07:56:40.000000Z,0.70778,0.70765
2015-07-29T07:56:50.000000Z,0.70779,0.70764
2015-07-29T07:57:00.000000Z,0.7078,0.70768
2015-07-29T07:57:10.000000Z,0.70776,0.70762
2015-07-29T07:57:20.000000Z,0.70779,0.70765
2015-07-29T07:57:30.000000Z,0.70781,0.70768
2015-07-29T07:57:50.000000Z,0.70776,0.70764
2015-07-29T07:58:00.000000Z,0.70774,0.70761
2015-07-29T07:58:10.000000Z,0.70777,0.70764
2015-07-29T07:58:30.000000Z,0.70773,0.7076
2015-07-29T07:58:40.000000Z,0.70775,0.70762
2015-07-29T07:58:50.000000Z,0.70785,0.70769
2015-07-29T07:59:00.000000Z,0.70784,0.7077
2015-07-29T07:59:10.000000Z,0.70788,0.70774
2015-07-29T07:59:20.000000Z,0.70784,0.70769
2015-07-29T07:59:30.000000Z,0.70786,0.70774
2015-07-29T07:59:40.000000Z,0.70785,0.70771
2015-07-29T07:59:50.000000Z,0.70783,0.7077
2015-07-29T08:00:00.000000Z,0.70788,0.70771
2015-07-29T08:00:10.000000Z,0.70789,0.70775
2015-07-29T08:00:20.000000Z,0.70791,0.70777
2015-07-29T08:00:30.000000Z,0.70788,0.70776
2015-07-29T08:00:40.000000Z,0.70787,0.70773
2015-07-29T08:00:50.000000Z,0.70783,0.70768
2015-07-29T08:01:10.000000Z,0.70789,0.70775
2015-07-29T08:01:30.000000Z,0.70794,0.70779
2015-07-29T08:01:40.000000Z,0.70795,0.70781
2015-07-29T08:02:20.000000Z,0.70799,0.70786
2015-07-29T08:02:30.000000Z,0.70801,0.70789
2015-07-29T08:02:40.000000Z,0.70806,0.70794
2015-07-29T08:02:50.000000Z,0.7081,0.70798
2015-07-29T08:03:00.000000Z,0.70807,0.70793
2015-07-29T08:03:20.000000Z,0.708,0.7079
2015-07-29T08:03:30.000000Z,0.70799,0.70787
2015-07-29T08:03:40.000000Z,0.70798,0.70787
2015-07-29T08:03:50.000000Z,0.70801,0.70789
2015-07-29T08:04:00.000000Z,0.70809,0.70796
2015-07-29T08:04:10.000000Z,0.70811,0.70798
2015-07-29T08:04:20.000000Z,0.70813,0.70801
2015-07-29T08:04:30.000000Z,0.70817,0.70801
2015-07-29T08:04:40.000000Z,0.70814,0.708
2015-07-29T08:04:50.000000Z,0.70815,0.70803
2015-07-29T08:05:00.000000Z,0.70809,0.70796
2015-07-29T08:05:10.000000Z,0.70809,0.70796
2015-07-29T08:05:20.000000Z,0.70815,0.708
2015-07-29T08:05:30.000000Z,0.70805,0.7079
2015-07-29T08:05:40.000000Z,0.70807,0.70793
2015-07-29T08:05:50.000000Z,0.708,0.70786
2015-07-29T08:06:10.000000Z,0.70799,0.70785
2015-07-29T08:06:30.000000Z,0.708,0.70788
2015-07-29T08:06:50.000000Z,0.70795,0.70784
2015-07-29T08:07:00.000000Z,0.70793,0.70781
2015-07-29T08:07:10.000000Z,0.70798,0.70784
2015-07-29T08:07:20.000000Z,0.70794,0.70783
2015-07-29T08:07:30.000000Z,0.70798,0.70785
2015-07-29T08:07:40.000000Z,0.70798,0.70787
2015-07-29T08:07:50.000000Z,0.70795,0.70781
2015-07-29T08:08:10.000000Z,0.70809,0.70795
2015-07-29T08:08:20.000000Z,0.70811,0.70797
2015-07-29T08:08:30.000000Z,0.70811,0.70797
2015-07-29T08:08:50.000000Z,0.70813,0.708
2015-07-29T08:09:00.000000Z,0.70817,0.70805
2015-07-29T08:09:10.000000Z,0.70813,0.70799
2015-07-29T08:09:20.000000Z,0.70818,0.70807
2015-07-29T08:09:40.000000Z,0.7082,0.70809
2015-07-29T08:09:50.000000Z,0.70823,0.70811
2015-07-29T08:10:00.000000Z,0.70827,0.70812
2015-07-29T08:10:10.000000Z,0.70829,0.70814
2015-07-29T08:10:20.000000Z,0.70828,0.70817
2015-07-29T08:10:30.000000Z,0.70831,0.70819
2015-07-29T08:10:40.000000Z,0.70832,0.7082
2015-07-29T08:10:50.000000Z,0.70835,0.70821
2015-07-29T08:11:10.000000Z,0.70831,0.70821
2015-07-29T08:11:20.000000Z,0.70836,0.70825
2015-07-29T08:11:30.000000Z,0.70832,0.7082
2015-07-29T08:11:40.000000Z,0.70828,0.70813
2015-07-29T08:11:50.000000Z,0.70819,0.70804
2015-07-29T08:12:00.000000Z,0.70821,0.70807
2015-07-29T08:12:10.000000Z,0.70826,0.70811
2015-07-29T08:12:20.000000Z,0.70824,0.70809
2015-07-29T08:12:30.000000Z,0.7083,0.70817
2015-07-29T08:13:00.000000Z,0.70837,0.70823
2015-07-29T08:13:10.000000Z,0.7084,0.70824
2015-07-29T08:13:40.000000Z,0.70836,0.70824
2015-07-29T08:13:50.000000Z,0.70842,0.7083
2015-07-29T08:14:00.000000Z,0.70849,0.70837
2015-07-29T08:14:10.000000Z,0.7085,0.70835
2015-07-29T08:14:20.000000Z,0.70853,0.70837
2015-07-29T08:14:30.000000Z,0.70845,0.70832
2015-07-29T08:14:40.000000Z,0.70844,0.70828
2015-07-29T08:14:50.000000Z,0.70842,0.70826
2015-07-29T08:15:00.000000Z,0.70838,0.70824
2015-07-29T08:15:10.000000Z,0.70835,0.70822
2015-07-29T08:15:20.000000Z,0.70833,0.7082
2015-07-29T08:15:30.000000Z,0.70835,0.70822
2015-07-29T08:15:50.000000Z,0.70836,0.70823
2015-07-29T08:16:00.000000Z,0.70833,0.70821
2015-07-29T08:16:10.000000Z,0.70835,0.70824
2015-07-29T08:16:20.000000Z,0.70838,0.70827
2015-07-29T08:16:40.000000Z,0.70836,0.70824
2015-07-29T08:17:00.000000Z,0.70839,0.70825
2015-07-29T08:17:20.000000Z,0.70837,0.70822
2015-07-29T08:17:30.000000Z,0.70834,0.7082
2015-07-29T08:17:40.000000Z,0.70838,0.70824
2015-07-29T08:17:50.000000Z,0.70834,0.7082
2015-07-29T08:18:00.000000Z,0.70837,0.70822
2015-07-29T08:18:10.000000Z,0.70828,0.70814
2015-07-29T08:18:20.000000Z,0.70836,0.70821
2015-07-29T08:18:30.000000Z,0.70839,0.70824
2015-07-29T08:18:50.000000Z,0.7083,0.70815
2015-07-29T08:19:00.000000Z,0.70832,0.70816
2015-07-29T08:19:20.000000Z,0.70829,0.70814
2015-07-29T08:19:30.000000Z,0.70813,0.708
2015-07-29T08:19:40.000000Z,0.70807,0.70795
2015-07-29T08:19:50.000000Z,0.70815,0.70801
2015-07-29T08:20:00.000000Z,0.70818,0.70804
2015-07-29T08:20:20.000000Z,0.70818,0.70804
2015-07-29T08:20:30.000000Z,0.70833,0.7082
2015-07-29T08:20:40.000000Z,0.70832,0.70817
2015-07-29T08:20:50.000000Z,0.70838,0.70825
2015-07-29T08:21:00.000000Z,0.7083,0.70815
2015-07-29T08:21:10.000000Z,0.70828,0.70813
2015-07-29T08:21:20.000000Z,0.7082,0.70807
2015-07-29T08:21:30.000000Z,0.70823,0.70809
2015-07-29T08:21:40.000000Z,0.70826,0.7081
2015-07-29T08:22:10.000000Z,0.7082,0.70808
2015-07-29T08:22:20.000000Z,0.70813,0.708
2015-07-29T08:22:30.000000Z,0.70813,0.70798
2015-07-29T08:22:50.000000Z,0.70814,0.70802
2015-07-29T08:23:00.000000Z,0.70814,0.70801
2015-07-29T08:23:10.000000Z,0.70819,0.70805
2015-07-29T08:23:20.000000Z,0.70822,0.70807
2015-07-29T08:23:40.000000Z,0.70818,0.70805
2015-07-29T08:23:50.000000Z,0.70823,0.7081
2015-07-29T08:24:10.000000Z,0.70825,0.70812
2015-07-29T08:24:40.000000Z,0.7082,0.70807
2015-07-29T08:25:20.000000Z,0.70822,0.70809
2015-07-29T08:25:30.000000Z,0.70818,0.70804
2015-07-29T08:25:40.000000Z,0.7082,0.70807
2015-07-29T08:25:50.000000Z,0.70819,0.70808
2015-07-29T08:26:00.000000Z,0.70821,0.7081
2015-07-29T08:26:10.000000Z,0.70818,0.70808
2015-07-29T08:26:20.000000Z,0.70821,0.70809
2015-07-29T08:26:30.000000Z,0.70815,0.70802
2015-07-29T08:26:40.000000Z,0.70817,0.70804
2015-07-29T08:26:50.000000Z,0.70816,0.708
2015-07-29T08:27:00.000000Z,0.70808,0.70793
2015-07-29T08:27:10.000000Z,0.7081,0.70796
2015-07-29T08:27:20.000000Z,0.70831,0.70817
2015-07-29T08:27:30.000000Z,0.70829,0.70815
2015-07-29T08:27:40.000000Z,0.70827,0.70813
2015-07-29T08:27:50.000000Z,0.70831,0.70816
2015-07-29T08:28:00.000000Z,0.7083,0.70812
2015-07-29T08:28:10.000000Z,0.70818,0.70805
2015-07-29T08:28:20.000000Z,0.70821,0.70803
2015-07-29T08:28:30.000000Z,0.70819,0.70806
2015-07-29T08:28:40.000000Z,0.70829,0.70814
2015-07-29T08:28:50.000000Z,0.70844,0.70811
2015-07-29T08:29:00.000000Z,0.70839,0.70805
2015-07-29T08:29:10.000000Z,0.70847,0.70812
2015-07-29T08:29:20.000000Z,0.70836,0.70798
2015-07-29T08:29:30.000000Z,0.70839,0.70801
2015-07-29T08:29:40.000000Z,0.7085,0.70813
2015-07-29T08:29:50.000000Z,0.70843,0.70805
2015-07-29T08:30:00.000000Z,0.70845,0.70807
2015-07-29T08:30:10.000000Z,0.7083,0.70812
2015-07-29T08:30:20.000000Z,0.70825,0.70808
2015-07-29T08:30:30.000000Z,0.70822,0.70807
2015-07-29T08:30:40.000000Z,0.70824,0.70811
2015-07-29T08:30:50.000000Z,0.70825,0.70814
2015-07-29T08:31:00.000000Z,0.7083,0.70814
2015-07-29T08:31:10.000000Z,0.70833,0.70816
2015-07-29T08:31:20.000000Z,0.70834,0.7082
2015-07-29T08:31:30.000000Z,0.70829,0.70816
2015-07-29T08:31:40.000000Z,0.70831,0.70817
2015-07-29T08:31:50.000000Z,0.70834,0.70819
2015-07-29T08:32:00.000000Z,0.70854,0.70839
2015-07-29T08:32:10.000000Z,0.70859,0.70845
2015-07-29T08:32:20.000000Z,0.7086,0.70844
2015-07-29T08:32:30.000000Z,0.70864,0.7085
2015-07-29T08:32:40.000000Z,0.70866,0.70853
2015-07-29T08:32:50.000000Z,0.70865,0.7085
2015-07-29T08:33:00.000000Z,0.70865,0.70851
2015-07-29T08:33:10.000000Z,0.70878,0.70864
2015-07-29T08:33:20.000000Z,0.70872,0.70858
2015-07-29T08:33:30.000000Z,0.70875,0.7086
2015-07-29T08:33:40.000000Z,0.70872,0.70858
2015-07-29T08:33:50.000000Z,0.70875,0.7086
2015-07-29T08:34:00.000000Z,0.70882,0.70867
2015-07-29T08:34:10.000000Z,0.70881,0.70866
2015-07-29T08:34:20.000000Z,0.70881,0.70865
2015-07-29T08:34:30.000000Z,0.70881,0.70869
2015-07-29T08:34:40.000000Z,0.70881,0.70867
2015-07-29T08:34:50.000000Z,0.70868,0.70854
2015-07-29T08:35:00.000000Z,0.70862,0.7085
2015-07-29T08:35:10.000000Z,0.70863,0.70849
2015-07-29T08:35:20.000000Z,0.70857,0.70843
2015-07-29T08:35:30.000000Z,0.7086,0.70847
2015-07-29T08:35:40.000000Z,0.70859,0.70842
2015-07-29T08:35:50.000000Z,0.7086,0.70845
2015-07-29T08:36:00.000000Z,0.70857,0.70843
2015-07-29T08:36:10.000000Z,0.70862,0.70848
2015-07-29T08:36:20.000000Z,0.70856,0.70842
2015-07-29T08:36:30.000000Z,0.70852,0.70836
2015-07-29T08:36:40.000000Z,0.70853,0.70839
2015-07-29T08:36:50.000000Z,0.70855,0.70841
2015-07-29T08:37:00.000000Z,0.70852,0.70837
2015-07-29T08:37:20.000000Z,0.70848,0.70835
2015-07-29T08:37:30.000000Z,0.70852,0.70839
2015-07-29T08:37:40.000000Z,0.70851,0.70835
2015-07-29T08:38:10.000000Z,0.70838,0.70825
2015-07-29T08:38:20.000000Z,0.70846,0.70832
2015-07-29T08:38:50.000000Z,0.70843,0.70829
2015-07-29T08:39:10.000000Z,0.70846,0.70831
2015-07-29T08:39:20.000000Z,0.7085,0.70836
2015-07-29T08:39:50.000000Z,0.70845,0.70831
2015-07-29T08:40:00.000000Z,0.70849,0.70835
2015-07-29T08:40:10.000000Z,0.70845,0.70831
2015-07-29T08:40:20.000000Z,0.70862,0.70847
2015-07-29T08:40:30.000000Z,0.70855,0.7084
2015-07-29T08:40:40.000000Z,0.70852,0.70837
2015-07-29T08:40:50.000000Z,0.70856,0.70842
2015-07-29T08:41:00.000000Z,0.70852,0.70837
2015-07-29T08:41:10.000000Z,0.70849,0.70836
2015-07-29T08:41:20.000000Z,0.70853,0.7084
2015-07-29T08:41:30.000000Z,0.70852,0.70839
2015-07-29T08:41:40.000000Z,0.70853,0.70839
2015-07-29T08:41:50.000000Z,0.70846,0.70832
2015-07-29T08:42:00.000000Z,0.70855,0.70843
2015-07-29T08:42:10.000000Z,0.70858,0.70844
2015-07-29T08:42:20.000000Z,0.7085,0.70836
2015-07-29T08:42:50.000000Z,0.70852,0.70838
2015-07-29T08:43:00.000000Z,0.70849,0.70836
2015-07-29T08:43:30.000000Z,0.70857,0.70843
2015-07-29T08:43:40.000000Z,0.70865,0.70849
2015-07-29T08:43:50.000000Z,0.70867,0.70851
2015-07-29T08:44:00.000000Z,0.70859,0.70846
2015-07-29T08:44:10.000000Z,0.70856,0.70845
2015-07-29T08:44:30.000000Z,0.70855,0.70841
2015-07-29T08:44:40.000000Z,0.70858,0.70846
2015-07-29T08:44:50.000000Z,0.70865,0.7085
2015-07-29T08:45:00.000000Z,0.70869,0.70856
2015-07-29T08:45:20.000000Z,0.70867,0.70854
2015-07-29T08:45:40.000000Z,0.70866,0.70854
2015-07-29T08:45:50.000000Z,0.70862,0.70848
2015-07-29T08:46:00.000000Z,0.7086,0.70846
2015-07-29T08:46:10.000000Z,0.70862,0.70851
2015-07-29T08:46:20.000000Z,0.7086,0.70848
2015-07-29T08:46:30.000000Z,0.7086,0.70848
2015-07-29T08:46:40.000000Z,0.70865,0.70852
2015-07-29T08:46:50.000000Z,0.7085,0.70837
2015-07-29T08:47:00.000000Z,0.70854,0.70839
2015-07-29T08:47:10.000000Z,0.70851,0.70837
2015-07-29T08:47:30.000000Z,0.70846,0.70833
2015-07-29T08:47:40.000000Z,0.70844,0.70831
2015-07-29T08:47:50.000000Z,0.70838,0.70824
2015-07-29T08:48:10.000000Z,0.70835,0.70822
2015-07-29T08:48:20.000000Z,0.70837,0.70825
2015-07-29T08:48:30.000000Z,0.70841,0.70828
2015-07-29T08:48:40.000000Z,0.70839,0.70825
2015-07-29T08:48:50.000000Z,0.70835,0.70821
2015-07-29T08:49:00.000000Z,0.70835,0.70821
2015-07-29T08:49:10.000000Z,0.70831,0.7082
2015-07-29T08:49:20.000000Z,0.70828,0.70814
2015-07-29T08:49:30.000000Z,0.70826,0.70811
2015-07-29T08:49:50.000000Z,0.70816,0.70803
