time,closeAsk,closeBid,volume
2015-08-11T11:36:10.000000Z,0.70849609375,0.7080078125,1.0
2015-08-11T11:36:20.000000Z,0.70849609375,0.7080078125,1.0
2015-08-11T11:36:35.000000Z,0.70849609375,0.70849609375,3.0
2015-08-11T11:36:45.000000Z,0.70849609375,0.7080078125,2.0
2015-08-11T11:36:50.000000Z,0.70849609375,0.7080078125,4.0
2015-08-11T11:36:55.000000Z,0.70849609375,0.7080078125,1.0
2015-08-11T11:37:00.000000Z,0.70849609375,0.7080078125,3.0
2015-08-11T11:37:05.000000Z,0.70849609375,0.7080078125,1.0
2015-08-11T11:37:10.000000Z,0.70849609375,0.7080078125,2.0
2015-08-11T11:37:15.000000Z,0.70849609375,0.70849609375,1.0
2015-08-11T11:37:20.000000Z,0.70849609375,0.70849609375,2.0
2015-08-11T11:37:25.000000Z,0.70849609375,0.70849609375,2.0
2015-08-11T11:37:30.000000Z,0.70849609375,0.70849609375,1.0
2015-08-11T11:37:35.000000Z,0.70849609375,0.70849609375,1.0
2015-08-11T11:37:45.000000Z,0.70849609375,0.70849609375,3.0
2015-08-11T11:37:50.000000Z,0.70849609375,0.70849609375,1.0
2015-08-11T11:38:00.000000Z,0.70849609375,0.70849609375,1.0
2015-08-11T11:38:05.000000Z,0.70849609375,0.70849609375,4.0
2015-08-11T11:38:20.000000Z,0.70849609375,0.70849609375,1.0
2015-08-11T11:38:25.000000Z,0.70849609375,0.70849609375,1.0
2015-08-11T11:38:40.000000Z,0.70849609375,0.70849609375,4.0
2015-08-11T11:38:50.000000Z,0.70849609375,0.70849609375,1.0
2015-08-11T11:38:55.000000Z,0.70849609375,0.70849609375,2.0
2015-08-11T11:39:05.000000Z,0.70849609375,0.70849609375,3.0
2015-08-11T11:39:15.000000Z,0.70849609375,0.7080078125,4.0
2015-08-11T11:39:20.000000Z,0.70849609375,0.7080078125,2.0
2015-08-11T11:39:25.000000Z,0.70849609375,0.7080078125,1.0
2015-08-11T11:39:30.000000Z,0.70849609375,0.7080078125,6.0
2015-08-11T11:39:45.000000Z,0.70849609375,0.70849609375,2.0
2015-08-11T11:39:50.000000Z,0.70849609375,0.7080078125,2.0
2015-08-11T11:39:55.000000Z,0.70849609375,0.7080078125,1.0
2015-08-11T11:40:00.000000Z,0.70849609375,0.7080078125,2.0
2015-08-11T11:40:05.000000Z,0.7080078125,0.7080078125,5.0
2015-08-11T11:40:20.000000Z,0.7080078125,0.7080078125,1.0
2015-08-11T11:40:25.000000Z,0.7080078125,0.7080078125,2.0
2015-08-11T11:40:30.000000Z,0.7080078125,0.7080078125,1.0
2015-08-11T11:40:35.000000Z,0.7080078125,0.7080078125,3.0
2015-08-11T11:40:40.000000Z,0.7080078125,0.7080078125,2.0
2015-08-11T11:40:45.000000Z,0.7080078125,0.7080078125,2.0
2015-08-11T11:40:50.000000Z,0.7080078125,0.7080078125,1.0
2015-08-11T11:40:55.000000Z,0.7080078125,0.7080078125,1.0
2015-08-11T11:41:10.000000Z,0.7080078125,0.7080078125,3.0
2015-08-11T11:41:20.000000Z,0.7080078125,0.7080078125,2.0
2015-08-11T11:41:25.000000Z,0.7080078125,0.7080078125,1.0
2015-08-11T11:42:10.000000Z,0.7080078125,0.7080078125,1.0
2015-08-11T11:42:15.000000Z,0.7080078125,0.7080078125,1.0
2015-08-11T11:42:25.000000Z,0.7080078125,0.7080078125,1.0
2015-08-11T11:42:35.000000Z,0.7080078125,0.7080078125,1.0
2015-08-11T11:42:40.000000Z,0.70849609375,0.7080078125,1.0
2015-08-11T11:42:45.000000Z,0.70849609375,0.7080078125,1.0
2015-08-11T11:42:50.000000Z,0.70849609375,0.7080078125,2.0
2015-08-11T11:43:00.000000Z,0.70849609375,0.7080078125,6.0
2015-08-11T11:43:05.000000Z,0.7080078125,0.7080078125,3.0
2015-08-11T11:43:10.000000Z,0.70849609375,0.7080078125,6.0
2015-08-11T11:43:15.000000Z,0.70849609375,0.7080078125,2.0
2015-08-11T11:43:20.000000Z,0.7080078125,0.7080078125,4.0
2015-08-11T11:43:25.000000Z,0.7080078125,0.7080078125,6.0
2015-08-11T11:43:30.000000Z,0.7080078125,0.7080078125,5.0
2015-08-11T11:43:35.000000Z,0.7080078125,0.7080078125,1.0
2015-08-11T11:43:40.000000Z,0.7080078125,0.7080078125,4.0
2015-08-11T11:43:45.000000Z,0.7080078125,0.7080078125,1.0
2015-08-11T11:43:50.000000Z,0.7080078125,0.7080078125,2.0
2015-08-11T11:43:55.000000Z,0.7080078125,0.7080078125,4.0
2015-08-11T11:44:05.000000Z,0.7080078125,0.7080078125,4.0
2015-08-11T11:44:15.000000Z,0.7080078125,0.7080078125,1.0
2015-08-11T11:44:20.000000Z,0.7080078125,0.7080078125,1.0
2015-08-11T11:44:25.000000Z,0.7080078125,0.7080078125,3.0
2015-08-11T11:44:30.000000Z,0.7080078125,0.7080078125,3.0
2015-08-11T11:44:35.000000Z,0.7080078125,0.7080078125,2.0
2015-08-11T11:44:40.000000Z,0.7080078125,0.7080078125,2.0
2015-08-11T11:44:45.000000Z,0.7080078125,0.7080078125,1.0
2015-08-11T11:44:50.000000Z,0.7080078125,0.7080078125,2.0
2015-08-11T11:44:55.000000Z,0.7080078125,0.7080078125,1.0
2015-08-11T11:45:00.000000Z,0.7080078125,0.7080078125,4.0
2015-08-11T11:45:05.000000Z,0.7080078125,0.7080078125,5.0
2015-08-11T11:45:10.000000Z,0.7080078125,0.7080078125,1.0
2015-08-11T11:45:15.000000Z,0.70849609375,0.7080078125,5.0
2015-08-11T11:45:20.000000Z,0.7080078125,0.7080078125,1.0
2015-08-11T11:45:25.000000Z,0.70849609375,0.7080078125,1.0
2015-08-11T11:45:35.000000Z,0.70849609375,0.7080078125,2.0
2015-08-11T11:45:40.000000Z,0.70849609375,0.7080078125,1.0
2015-08-11T11:45:45.000000Z,0.70849609375,0.7080078125,1.0
2015-08-11T11:45:55.000000Z,0.7080078125,0.7080078125,4.0
2015-08-11T11:46:00.000000Z,0.7080078125,0.7080078125,1.0
2015-08-11T11:46:05.000000Z,0.70849609375,0.7080078125,3.0
2015-08-11T11:46:10.000000Z,0.70849609375,0.7080078125,3.0
2015-08-11T11:46:15.000000Z,0.70849609375,0.7080078125,1.0
2015-08-11T11:46:20.000000Z,0.70849609375,0.7080078125,4.0
2015-08-11T11:46:30.000000Z,0.7080078125,0.7080078125,3.0
2015-08-11T11:46:35.000000Z,0.7080078125,0.7080078125,1.0
2015-08-11T11:46:40.000000Z,0.7080078125,0.7080078125,3.0
2015-08-11T11:46:45.000000Z,0.7080078125,0.7080078125,1.0
2015-08-11T11:46:55.000000Z,0.7080078125,0.7080078125,1.0
2015-08-11T11:47:00.000000Z,0.7080078125,0.7080078125,2.0
2015-08-11T11:47:05.000000Z,0.7080078125,0.7080078125,2.0
2015-08-11T11:47:15.000000Z,0.7080078125,0.7080078125,2.0
2015-08-11T11:47:20.000000Z,0.7080078125,0.7080078125,1.0
2015-08-11T11:47:25.000000Z,0.7080078125,0.7080078125,1.0
2015-08-11T11:47:30.000000Z,0.7080078125,0.7080078125,1.0
2015-08-11T11:47:35.000000Z,0.7080078125,0.7080078125,1.0
2015-08-11T11:47:45.000000Z,0.7080078125,0.7080078125,1.0
2015-08-11T11:47:50.000000Z,0.7080078125,0.7080078125,1.0
2015-08-11T11:48:05.000000Z,0.7080078125,0.7080078125,2.0
2015-08-11T11:48:15.000000Z,0.7080078125,0.7080078125,1.0
2015-08-11T11:48:25.000000Z,0.7080078125,0.7080078125,3.0
2015-08-11T11:48:30.000000Z,0.7080078125,0.7080078125,1.0
2015-08-11T11:48:40.000000Z,0.7080078125,0.7080078125,1.0
2015-08-11T11:48:45.000000Z,0.7080078125,0.7080078125,2.0
2015-08-11T11:48:55.000000Z,0.7080078125,0.7080078125,2.0
2015-08-11T11:49:05.000000Z,0.7080078125,0.7080078125,1.0
2015-08-11T11:49:10.000000Z,0.7080078125,0.7080078125,1.0
2015-08-11T11:49:35.000000Z,0.7080078125,0.7080078125,2.0
2015-08-11T11:49:40.000000Z,0.7080078125,0.7080078125,1.0
2015-08-11T11:49:45.000000Z,0.7080078125,0.7080078125,2.0
2015-08-11T11:49:55.000000Z,0.7080078125,0.7080078125,1.0
2015-08-11T11:50:00.000000Z,0.7080078125,0.7080078125,1.0
2015-08-11T11:50:15.000000Z,0.7080078125,0.7080078125,2.0
2015-08-11T11:50:20.000000Z,0.7080078125,0.7080078125,1.0
2015-08-11T11:50:25.000000Z,0.7080078125,0.7080078125,1.0
2015-08-11T11:50:40.000000Z,0.7080078125,0.7080078125,4.0
2015-08-11T11:50:45.000000Z,0.7080078125,0.7080078125,2.0
2015-08-11T11:50:55.000000Z,0.7080078125,0.7080078125,1.0
2015-08-11T11:51:00.000000Z,0.7080078125,0.7080078125,2.0
2015-08-11T11:51:05.000000Z,0.7080078125,0.7080078125,7.0
2015-08-11T11:51:15.000000Z,0.7080078125,0.7080078125,1.0
2015-08-11T11:51:20.000000Z,0.7080078125,0.7080078125,2.0
2015-08-11T11:51:25.000000Z,0.7080078125,0.7080078125,1.0
2015-08-11T11:51:30.000000Z,0.7080078125,0.7080078125,1.0
2015-08-11T11:51:40.000000Z,0.7080078125,0.7080078125,1.0
2015-08-11T11:51:45.000000Z,0.7080078125,0.7080078125,1.0
2015-08-11T11:51:50.000000Z,0.7080078125,0.7080078125,1.0
2015-08-11T11:52:00.000000Z,0.7080078125,0.7080078125,2.0
2015-08-11T11:52:05.000000Z,0.7080078125,0.7080078125,1.0
2015-08-11T11:52:10.000000Z,0.7080078125,0.7080078125,1.0
2015-08-11T11:52:15.000000Z,0.7080078125,0.7080078125,1.0
2015-08-11T11:52:20.000000Z,0.7080078125,0.70751953125,5.0
2015-08-11T11:52:25.000000Z,0.7080078125,0.7080078125,2.0
2015-08-11T11:52:30.000000Z,0.7080078125,0.7080078125,5.0
2015-08-11T11:52:35.000000Z,0.7080078125,0.7080078125,4.0
2015-08-11T11:52:40.000000Z,0.7080078125,0.70751953125,1.0
2015-08-11T11:52:55.000000Z,0.7080078125,0.70751953125,1.0
2015-08-11T11:53:00.000000Z,0.7080078125,0.7080078125,1.0
2015-08-11T11:53:05.000000Z,0.7080078125,0.7080078125,2.0
2015-08-11T11:53:10.000000Z,0.7080078125,0.7080078125,1.0
2015-08-11T11:53:25.000000Z,0.7080078125,0.7080078125,1.0
2015-08-11T11:53:30.000000Z,0.7080078125,0.7080078125,1.0
2015-08-11T11:53:55.000000Z,0.7080078125,0.7080078125,2.0
2015-08-11T11:54:00.000000Z,0.7080078125,0.7080078125,3.0
2015-08-11T11:54:20.000000Z,0.7080078125,0.7080078125,1.0
2015-08-11T11:54:30.000000Z,0.7080078125,0.7080078125,2.0
2015-08-11T11:54:45.000000Z,0.7080078125,0.7080078125,1.0
2015-08-11T11:54:50.000000Z,0.7080078125,0.7080078125,1.0
2015-08-11T11:55:10.000000Z,0.7080078125,0.7080078125,1.0
2015-08-11T11:55:15.000000Z,0.7080078125,0.7080078125,3.0
2015-08-11T11:55:25.000000Z,0.7080078125,0.7080078125,1.0
2015-08-11T11:55:40.000000Z,0.7080078125,0.7080078125,3.0
2015-08-11T11:55:50.000000Z,0.7080078125,0.7080078125,2.0
2015-08-11T11:55:55.000000Z,0.7080078125,0.7080078125,1.0
2015-08-11T11:56:00.000000Z,0.7080078125,0.7080078125,4.0
2015-08-11T11:56:05.000000Z,0.7080078125,0.7080078125,2.0
2015-08-11T11:56:15.000000Z,0.7080078125,0.7080078125,3.0
2015-08-11T11:56:25.000000Z,0.7080078125,0.7080078125,1.0
2015-08-11T11:56:35.000000Z,0.7080078125,0.7080078125,1.0
2015-08-11T11:56:45.000000Z,0.7080078125,0.7080078125,2.0
2015-08-11T11:57:10.000000Z,0.7080078125,0.7080078125,1.0
2015-08-11T11:57:40.000000Z,0.7080078125,0.7080078125,3.0
2015-08-11T11:57:50.000000Z,0.7080078125,0.7080078125,1.0
2015-08-11T11:57:55.000000Z,0.7080078125,0.7080078125,2.0
2015-08-11T11:58:00.000000Z,0.7080078125,0.7080078125,1.0
2015-08-11T11:58:05.000000Z,0.7080078125,0.7080078125,1.0
2015-08-11T11:58:10.000000Z,0.7080078125,0.7080078125,1.0
2015-08-11T11:58:30.000000Z,0.7080078125,0.7080078125,1.0
2015-08-11T11:58:35.000000Z,0.7080078125,0.7080078125,3.0
2015-08-11T11:58:40.000000Z,0.7080078125,0.7080078125,2.0
2015-08-11T11:58:45.000000Z,0.7080078125,0.7080078125,5.0
2015-08-11T11:58:50.000000Z,0.7080078125,0.7080078125,1.0
2015-08-11T11:58:55.000000Z,0.7080078125,0.7080078125,2.0
2015-08-11T11:59:05.000000Z,0.7080078125,0.7080078125,3.0
2015-08-11T11:59:10.000000Z,0.7080078125,0.7080078125,2.0
2015-08-11T11:59:15.000000Z,0.7080078125,0.7080078125,1.0
2015-08-11T11:59:25.000000Z,0.7080078125,0.7080078125,2.0
2015-08-11T11:59:30.000000Z,0.7080078125,0.7080078125,1.0
2015-08-11T11:59:45.000000Z,0.7080078125,0.7080078125,3.0
2015-08-11T12:00:00.000000Z,0.7080078125,0.7080078125,2.0
2015-08-11T12:00:05.000000Z,0.7080078125,0.7080078125,3.0
2015-08-11T12:00:10.000000Z,0.7080078125,0.7080078125,1.0
2015-08-11T12:00:15.000000Z,0.7080078125,0.7080078125,1.0
2015-08-11T12:00:20.000000Z,0.7080078125,0.7080078125,1.0
2015-08-11T12:00:25.000000Z,0.7080078125,0.7080078125,1.0
2015-08-11T12:00:35.000000Z,0.7080078125,0.7080078125,1.0
2015-08-11T12:00:40.000000Z,0.7080078125,0.7080078125,2.0
2015-08-11T12:00:55.000000Z,0.7080078125,0.7080078125,1.0
2015-08-11T12:01:00.000000Z,0.7080078125,0.7080078125,1.0
2015-08-11T12:01:20.000000Z,0.7080078125,0.7080078125,2.0
2015-08-11T12:01:35.000000Z,0.7080078125,0.7080078125,1.0
2015-08-11T12:01:40.000000Z,0.7080078125,0.7080078125,2.0
2015-08-11T12:02:05.000000Z,0.7080078125,0.7080078125,1.0
2015-08-11T12:02:15.000000Z,0.7080078125,0.7080078125,1.0
2015-08-11T12:02:25.000000Z,0.7080078125,0.7080078125,1.0
2015-08-11T12:02:30.000000Z,0.7080078125,0.7080078125,5.0
2015-08-11T12:02:35.000000Z,0.7080078125,0.70751953125,2.0
2015-08-11T12:02:40.000000Z,0.7080078125,0.70751953125,2.0
2015-08-11T12:02:45.000000Z,0.7080078125,0.7080078125,1.0
2015-08-11T12:02:50.000000Z,0.7080078125,0.70751953125,1.0
2015-08-11T12:03:05.000000Z,0.7080078125,0.7080078125,1.0
2015-08-11T12:03:10.000000Z,0.7080078125,0.7080078125,4.0
2015-08-11T12:03:20.000000Z,0.7080078125,0.7080078125,1.0
2015-08-11T12:03:35.000000Z,0.7080078125,0.7080078125,1.0
2015-08-11T12:03:40.000000Z,0.7080078125,0.7080078125,1.0
2015-08-11T12:03:45.000000Z,0.7080078125,0.7080078125,2.0
2015-08-11T12:03:55.000000Z,0.7080078125,0.7080078125,3.0
2015-08-11T12:04:00.000000Z,0.7080078125,0.7080078125,3.0
2015-08-11T12:04:10.000000Z,0.7080078125,0.7080078125,1.0
2015-08-11T12:04:15.000000Z,0.7080078125,0.7080078125,4.0
2015-08-11T12:04:25.000000Z,0.7080078125,0.7080078125,2.0
2015-08-11T12:04:30.000000Z,0.7080078125,0.7080078125,3.0
2015-08-11T12:04:45.000000Z,0.7080078125,0.7080078125,1.0
2015-08-11T12:04:50.000000Z,0.7080078125,0.7080078125,5.0
2015-08-11T12:04:55.000000Z,0.7080078125,0.7080078125,2.0
2015-08-11T12:05:00.000000Z,0.7080078125,0.7080078125,2.0
2015-08-11T12:05:15.000000Z,0.7080078125,0.7080078125,2.0
2015-08-11T12:05:35.000000Z,0.7080078125,0.7080078125,1.0
2015-08-11T12:05:45.000000Z,0.7080078125,0.7080078125,2.0
2015-08-11T12:05:55.000000Z,0.7080078125,0.7080078125,3.0
2015-08-11T12:06:00.000000Z,0.7080078125,0.7080078125,2.0
2015-08-11T12:06:05.000000Z,0.7080078125,0.7080078125,1.0
2015-08-11T12:06:15.000000Z,0.7080078125,0.7080078125,1.0
2015-08-11T12:06:20.000000Z,0.7080078125,0.7080078125,1.0
2015-08-11T12:06:25.000000Z,0.7080078125,0.7080078125,1.0
2015-08-11T12:06:30.000000Z,0.7080078125,0.7080078125,1.0
2015-08-11T12:06:40.000000Z,0.7080078125,0.7080078125,1.0
2015-08-11T12:06:45.000000Z,0.7080078125,0.7080078125,3.0
2015-08-11T12:06:50.000000Z,0.7080078125,0.7080078125,1.0
2015-08-11T12:07:00.000000Z,0.7080078125,0.7080078125,1.0
2015-08-11T12:07:05.000000Z,0.7080078125,0.7080078125,2.0
2015-08-11T12:07:15.000000Z,0.7080078125,0.7080078125,1.0
2015-08-11T12:08:00.000000Z,0.70849609375,0.7080078125,1.0
2015-08-11T12:08:05.000000Z,0.70849609375,0.7080078125,1.0
2015-08-11T12:08:25.000000Z,0.70849609375,0.7080078125,2.0
2015-08-11T12:08:30.000000Z,0.70849609375,0.7080078125,1.0
2015-08-11T12:08:35.000000Z,0.70849609375,0.7080078125,1.0
2015-08-11T12:08:40.000000Z,0.70849609375,0.70849609375,1.0
2015-08-11T12:08:45.000000Z,0.70849609375,0.70849609375,1.0
2015-08-11T12:09:00.000000Z,0.70849609375,0.7080078125,1.0
2015-08-11T12:09:05.000000Z,0.70849609375,0.7080078125,3.0
2015-08-11T12:09:20.000000Z,0.70849609375,0.7080078125,2.0
2015-08-11T12:09:30.000000Z,0.70849609375,0.7080078125,1.0
2015-08-11T12:09:40.000000Z,0.70849609375,0.7080078125,1.0
2015-08-11T12:09:50.000000Z,0.70849609375,0.7080078125,3.0
2015-08-11T12:10:00.000000Z,0.70849609375,0.7080078125,2.0
2015-08-11T12:10:05.000000Z,0.70849609375,0.7080078125,1.0
2015-08-11T12:10:10.000000Z,0.70849609375,0.70849609375,1.0
2015-08-11T12:10:15.000000Z,0.70849609375,0.70849609375,2.0
2015-08-11T12:10:20.000000Z,0.70849609375,0.70849609375,1.0
2015-08-11T12:10:30.000000Z,0.70849609375,0.70849609375,1.0
2015-08-11T12:10:55.000000Z,0.70849609375,0.70849609375,1.0
2015-08-11T12:11:00.000000Z,0.70849609375,0.70849609375,2.0
2015-08-11T12:11:05.000000Z,0.70849609375,0.70849609375,1.0
2015-08-11T12:11:15.000000Z,0.70849609375,0.70849609375,1.0
2015-08-11T12:11:20.000000Z,0.70849609375,0.70849609375,1.0
2015-08-11T12:11:30.000000Z,0.70849609375,0.70849609375,4.0
2015-08-11T12:11:35.000000Z,0.70849609375,0.70849609375,1.0
2015-08-11T12:11:40.000000Z,0.70849609375,0.70849609375,1.0
2015-08-11T12:11:50.000000Z,0.70849609375,0.70849609375,1.0
2015-08-11T12:12:05.000000Z,0.70849609375,0.70849609375,1.0
2015-08-11T12:12:10.000000Z,0.70849609375,0.70849609375,1.0
2015-08-11T12:12:15.000000Z,0.70849609375,0.70849609375,2.0
2015-08-11T12:12:25.000000Z,0.70849609375,0.70849609375,1.0
2015-08-11T12:12:35.000000Z,0.70849609375,0.70849609375,1.0
2015-08-11T12:12:40.000000Z,0.70849609375,0.70849609375,1.0
2015-08-11T12:12:45.000000Z,0.70849609375,0.70849609375,1.0
2015-08-11T12:12:50.000000Z,0.70849609375,0.70849609375,1.0
2015-08-11T12:13:05.000000Z,0.70849609375,0.70849609375,1.0
2015-08-11T12:13:25.000000Z,0.70849609375,0.70849609375,2.0
2015-08-11T12:13:35.000000Z,0.70849609375,0.70849609375,1.0
2015-08-11T12:13:40.000000Z,0.70849609375,0.70849609375,1.0
2015-08-11T12:13:45.000000Z,0.70849609375,0.70849609375,1.0
2015-08-11T12:13:50.000000Z,0.70849609375,0.70849609375,3.0
2015-08-11T12:14:05.000000Z,0.70849609375,0.70849609375,3.0
2015-08-11T12:14:10.000000Z,0.70849609375,0.70849609375,4.0
2015-08-11T12:14:20.000000Z,0.70849609375,0.70849609375,1.0
2015-08-11T12:14:30.000000Z,0.70849609375,0.70849609375,1.0
2015-08-11T12:14:35.000000Z,0.70849609375,0.70849609375,2.0
2015-08-11T12:14:40.000000Z,0.70849609375,0.70849609375,1.0
2015-08-11T12:14:45.000000Z,0.70849609375,0.70849609375,3.0
2015-08-11T12:14:50.000000Z,0.70849609375,0.70849609375,2.0
2015-08-11T12:14:55.000000Z,0.708984375,0.70849609375,13.0
2015-08-11T12:15:00.000000Z,0.708984375,0.70849609375,5.0
2015-08-11T12:15:05.000000Z,0.708984375,0.708984375,3.0
2015-08-11T12:15:10.000000Z,0.708984375,0.708984375,1.0
2015-08-11T12:15:15.000000Z,0.708984375,0.70849609375,6.0
2015-08-11T12:15:20.000000Z,0.708984375,0.70849609375,3.0
2015-08-11T12:15:25.000000Z,0.708984375,0.70849609375,2.0
2015-08-11T12:15:30.000000Z,0.708984375,0.70849609375,2.0
2015-08-11T12:15:35.000000Z,0.708984375,0.708984375,4.0
2015-08-11T12:15:40.000000Z,0.708984375,0.708984375,2.0
2015-08-11T12:15:45.000000Z,0.708984375,0.708984375,1.0
2015-08-11T12:15:50.000000Z,0.70849609375,0.70849609375,6.0
2015-08-11T12:15:55.000000Z,0.708984375,0.70849609375,3.0
2015-08-11T12:16:05.000000Z,0.708984375,0.70849609375,1.0
2015-08-11T12:16:10.000000Z,0.708984375,0.70849609375,2.0
2015-08-11T12:16:15.000000Z,0.708984375,0.708984375,2.0
2015-08-11T12:16:20.000000Z,0.708984375,0.708984375,2.0
2015-08-11T12:16:25.000000Z,0.708984375,0.708984375,3.0
2015-08-11T12:16:30.000000Z,0.708984375,0.708984375,1.0
2015-08-11T12:16:35.000000Z,0.708984375,0.708984375,2.0
2015-08-11T12:16:40.000000Z,0.708984375,0.70849609375,4.0
2015-08-11T12:16:45.000000Z,0.708984375,0.70849609375,4.0
2015-08-11T12:16:50.000000Z,0.708984375,0.70849609375,3.0
2015-08-11T12:17:00.000000Z,0.708984375,0.70849609375,1.0
2015-08-11T12:17:05.000000Z,0.708984375,0.70849609375,1.0
2015-08-11T12:17:10.000000Z,0.708984375,0.70849609375,1.0
2015-08-11T12:17:20.000000Z,0.708984375,0.70849609375,2.0
2015-08-11T12:17:25.000000Z,0.708984375,0.708984375,2.0
2015-08-11T12:17:30.000000Z,0.708984375,0.708984375,1.0
2015-08-11T12:17:35.000000Z,0.708984375,0.70849609375,3.0
2015-08-11T12:17:45.000000Z,0.708984375,0.70849609375,1.0
2015-08-11T12:18:00.000000Z,0.708984375,0.708984375,4.0
2015-08-11T12:18:15.000000Z,0.708984375,0.70849609375,2.0
2015-08-11T12:18:25.000000Z,0.708984375,0.70849609375,4.0
2015-08-11T12:18:30.000000Z,0.708984375,0.70849609375,1.0
2015-08-11T12:18:35.000000Z,0.708984375,0.70849609375,1.0
2015-08-11T12:19:10.000000Z,0.708984375,0.70849609375,4.0
2015-08-11T12:19:15.000000Z,0.708984375,0.70849609375,1.0
2015-08-11T12:19:20.000000Z,0.708984375,0.70849609375,1.0
2015-08-11T12:19:25.000000Z,0.708984375,0.70849609375,2.0
2015-08-11T12:19:30.000000Z,0.708984375,0.70849609375,1.0
2015-08-11T12:19:35.000000Z,0.708984375,0.708984375,3.0
2015-08-11T12:19:40.000000Z,0.708984375,0.708984375,1.0
2015-08-11T12:19:45.000000Z,0.708984375,0.708984375,3.0
2015-08-11T12:19:55.000000Z,0.708984375,0.708984375,2.0
2015-08-11T12:20:00.000000Z,0.708984375,0.708984375,4.0
2015-08-11T12:20:05.000000Z,0.708984375,0.708984375,2.0
2015-08-11T12:20:10.000000Z,0.708984375,0.708984375,4.0
2015-08-11T12:20:15.000000Z,0.708984375,0.708984375,2.0
2015-08-11T12:20:20.000000Z,0.708984375,0.708984375,3.0
2015-08-11T12:20:25.000000Z,0.708984375,0.708984375,5.0
2015-08-11T12:20:30.000000Z,0.708984375,0.708984375,6.0
2015-08-11T12:20:35.000000Z,0.708984375,0.708984375,3.0
2015-08-11T12:20:40.000000Z,0.708984375,0.708984375,1.0
2015-08-11T12:20:45.000000Z,0.708984375,0.708984375,3.0
2015-08-11T12:20:50.000000Z,0.708984375,0.708984375,2.0
2015-08-11T12:20:55.000000Z,0.708984375,0.708984375,1.0
2015-08-11T12:21:00.000000Z,0.708984375,0.708984375,3.0
2015-08-11T12:21:05.000000Z,0.708984375,0.708984375,3.0
2015-08-11T12:21:10.000000Z,0.708984375,0.708984375,4.0
2015-08-11T12:21:20.000000Z,0.708984375,0.708984375,1.0
2015-08-11T12:21:25.000000Z,0.70947265625,0.708984375,1.0
2015-08-11T12:21:30.000000Z,0.70947265625,0.708984375,2.0
2015-08-11T12:21:35.000000Z,0.70947265625,0.708984375,2.0
2015-08-11T12:21:40.000000Z,0.70947265625,0.708984375,2.0
2015-08-11T12:21:45.000000Z,0.708984375,0.708984375,2.0
2015-08-11T12:21:50.000000Z,0.708984375,0.708984375,2.0
2015-08-11T12:21:55.000000Z,0.70947265625,0.708984375,3.0
2015-08-11T12:22:00.000000Z,0.70947265625,0.708984375,3.0
2015-08-11T12:22:15.000000Z,0.708984375,0.708984375,2.0
2015-08-11T12:22:25.000000Z,0.70947265625,0.708984375,4.0
2015-08-11T12:22:30.000000Z,0.70947265625,0.708984375,1.0
2015-08-11T12:22:40.000000Z,0.70947265625,0.708984375,4.0
2015-08-11T12:22:45.000000Z,0.70947265625,0.708984375,3.0
2015-08-11T12:22:50.000000Z,0.70947265625,0.708984375,2.0
2015-08-11T12:22:55.000000Z,0.70947265625,0.708984375,2.0
2015-08-11T12:23:00.000000Z,0.70947265625,0.708984375,2.0
2015-08-11T12:23:15.000000Z,0.70947265625,0.708984375,1.0
2015-08-11T12:23:20.000000Z,0.70947265625,0.708984375,1.0
2015-08-11T12:23:30.000000Z,0.70947265625,0.708984375,3.0
2015-08-11T12:23:35.000000Z,0.70947265625,0.70947265625,10.0
2015-08-11T12:23:40.000000Z,0.70947265625,0.70947265625,5.0
2015-08-11T12:23:45.000000Z,0.70947265625,0.70947265625,4.0
2015-08-11T12:23:50.000000Z,0.70947265625,0.70947265625,2.0
2015-08-11T12:23:55.000000Z,0.70947265625,0.70947265625,2.0
2015-08-11T12:24:00.000000Z,0.70947265625,0.70947265625,3.0
2015-08-11T12:24:05.000000Z,0.70947265625,0.70947265625,2.0
2015-08-11T12:24:15.000000Z,0.70947265625,0.70947265625,6.0
2015-08-11T12:24:20.000000Z,0.70947265625,0.70947265625,10.0
2015-08-11T12:24:25.000000Z,0.70947265625,0.70947265625,3.0
2015-08-11T12:24:30.000000Z,0.70947265625,0.70947265625,3.0
2015-08-11T12:24:35.000000Z,0.70947265625,0.70947265625,3.0
2015-08-11T12:24:40.000000Z,0.70947265625,0.70947265625,4.0
2015-08-11T12:24:45.000000Z,0.70947265625,0.70947265625,1.0
2015-08-11T12:24:50.000000Z,0.70947265625,0.70947265625,3.0
2015-08-11T12:24:55.000000Z,0.70947265625,0.70947265625,2.0
2015-08-11T12:25:05.000000Z,0.70947265625,0.70947265625,2.0
2015-08-11T12:25:10.000000Z,0.70947265625,0.70947265625,2.0
2015-08-11T12:25:15.000000Z,0.70947265625,0.70947265625,2.0
2015-08-11T12:25:25.000000Z,0.70947265625,0.70947265625,1.0
2015-08-11T12:25:30.000000Z,0.70947265625,0.70947265625,4.0
2015-08-11T12:25:35.000000Z,0.70947265625,0.70947265625,1.0
2015-08-11T12:25:40.000000Z,0.70947265625,0.70947265625,1.0
2015-08-11T12:25:45.000000Z,0.70947265625,0.70947265625,2.0
2015-08-11T12:25:50.000000Z,0.70947265625,0.70947265625,1.0
2015-08-11T12:25:55.000000Z,0.70947265625,0.70947265625,2.0
2015-08-11T12:26:00.000000Z,0.70947265625,0.70947265625,3.0
2015-08-11T12:26:05.000000Z,0.70947265625,0.70947265625,3.0
2015-08-11T12:26:10.000000Z,0.70947265625,0.70947265625,2.0
2015-08-11T12:26:15.000000Z,0.70947265625,0.70947265625,4.0
2015-08-11T12:26:20.000000Z,0.7099609375,0.70947265625,2.0
2015-08-11T12:26:25.000000Z,0.7099609375,0.70947265625,2.0
2015-08-11T12:26:30.000000Z,0.70947265625,0.70947265625,2.0
2015-08-11T12:26:35.000000Z,0.7099609375,0.70947265625,3.0
2015-08-11T12:26:50.000000Z,0.70947265625,0.70947265625,1.0
2015-08-11T12:27:10.000000Z,0.70947265625,0.70947265625,3.0
2015-08-11T12:27:25.000000Z,0.70947265625,0.70947265625,1.0
2015-08-11T12:27:30.000000Z,0.70947265625,0.70947265625,1.0
2015-08-11T12:27:40.000000Z,0.70947265625,0.70947265625,1.0
2015-08-11T12:27:50.000000Z,0.70947265625,0.70947265625,2.0
2015-08-11T12:28:00.000000Z,0.70947265625,0.70947265625,2.0
2015-08-11T12:28:15.000000Z,0.70947265625,0.70947265625,4.0
2015-08-11T12:28:20.000000Z,0.70947265625,0.70947265625,2.0
2015-08-11T12:28:25.000000Z,0.70947265625,0.70947265625,3.0
2015-08-11T12:28:30.000000Z,0.70947265625,0.70947265625,1.0
2015-08-11T12:28:35.000000Z,0.70947265625,0.70947265625,2.0
2015-08-11T12:28:40.000000Z,0.70947265625,0.70947265625,6.0
2015-08-11T12:28:45.000000Z,0.70947265625,0.70947265625,1.0
2015-08-11T12:28:50.000000Z,0.70947265625,0.70947265625,3.0
2015-08-11T12:28:55.000000Z,0.70947265625,0.708984375,1.0
2015-08-11T12:29:00.000000Z,0.70947265625,0.70947265625,4.0
2015-08-11T12:29:05.000000Z,0.70947265625,0.70947265625,1.0
2015-08-11T12:29:15.000000Z,0.70947265625,0.70947265625,1.0
2015-08-11T12:29:30.000000Z,0.70947265625,0.70947265625,1.0
2015-08-11T12:29:35.000000Z,0.70947265625,0.70947265625,1.0
2015-08-11T12:29:40.000000Z,0.70947265625,0.70947265625,4.0
2015-08-11T12:29:45.000000Z,0.70947265625,0.70947265625,1.0
2015-08-11T12:29:50.000000Z,0.70947265625,0.70947265625,2.0
2015-08-11T12:29:55.000000Z,0.70947265625,0.708984375,3.0
2015-08-11T12:30:00.000000Z,0.70947265625,0.708984375,7.0
2015-08-11T12:30:05.000000Z,0.70947265625,0.708984375,8.0
2015-08-11T12:30:10.000000Z,0.70947265625,0.708984375,2.0
2015-08-11T12:30:15.000000Z,0.70947265625,0.708984375,4.0
2015-08-11T12:30:20.000000Z,0.70947265625,0.708984375,5.0
2015-08-11T12:30:25.000000Z,0.70947265625,0.708984375,6.0
2015-08-11T12:30:30.000000Z,0.70947265625,0.708984375,4.0
2015-08-11T12:30:35.000000Z,0.70947265625,0.70947265625,13.0
2015-08-11T12:30:40.000000Z,0.7099609375,0.70947265625,4.0
2015-08-11T12:30:45.000000Z,0.7099609375,0.70947265625,2.0
2015-08-11T12:30:50.000000Z,0.7099609375,0.70947265625,2.0
2015-08-11T12:30:55.000000Z,0.70947265625,0.70947265625,6.0
2015-08-11T12:31:00.000000Z,0.70947265625,0.70947265625,5.0
2015-08-11T12:31:05.000000Z,0.70947265625,0.70947265625,3.0
2015-08-11T12:31:10.000000Z,0.70947265625,0.70947265625,1.0
2015-08-11T12:31:15.000000Z,0.70947265625,0.70947265625,2.0
2015-08-11T12:31:25.000000Z,0.70947265625,0.70947265625,2.0
2015-08-11T12:31:30.000000Z,0.70947265625,0.70947265625,3.0
2015-08-11T12:31:40.000000Z,0.70947265625,0.70947265625,1.0
2015-08-11T12:31:45.000000Z,0.70947265625,0.70947265625,2.0
2015-08-11T12:31:55.000000Z,0.70947265625,0.70947265625,1.0
2015-08-11T12:32:00.000000Z,0.70947265625,0.70947265625,1.0
2015-08-11T12:32:10.000000Z,0.70947265625,0.70947265625,3.0
2015-08-11T12:32:15.000000Z,0.70947265625,0.70947265625,5.0
2015-08-11T12:32:20.000000Z,0.70947265625,0.70947265625,2.0
2015-08-11T12:32:25.000000Z,0.70947265625,0.70947265625,2.0
2015-08-11T12:32:30.000000Z,0.70947265625,0.70947265625,4.0
2015-08-11T12:32:35.000000Z,0.70947265625,0.70947265625,2.0
2015-08-11T12:32:40.000000Z,0.70947265625,0.70947265625,3.0
2015-08-11T12:32:50.000000Z,0.70947265625,0.70947265625,6.0
2015-08-11T12:32:55.000000Z,0.70947265625,0.70947265625,3.0
2015-08-11T12:33:00.000000Z,0.7099609375,0.70947265625,1.0
2015-08-11T12:33:05.000000Z,0.70947265625,0.70947265625,3.0
2015-08-11T12:33:10.000000Z,0.70947265625,0.70947265625,3.0
2015-08-11T12:33:15.000000Z,0.70947265625,0.70947265625,2.0
2015-08-11T12:33:20.000000Z,0.70947265625,0.70947265625,5.0
2015-08-11T12:33:25.000000Z,0.70947265625,0.70947265625,7.0
2015-08-11T12:33:30.000000Z,0.70947265625,0.70947265625,5.0
2015-08-11T12:33:35.000000Z,0.70947265625,0.70947265625,1.0
2015-08-11T12:33:40.000000Z,0.70947265625,0.70947265625,1.0
2015-08-11T12:33:45.000000Z,0.70947265625,0.70947265625,2.0
2015-08-11T12:33:55.000000Z,0.70947265625,0.70947265625,1.0
2015-08-11T12:34:00.000000Z,0.70947265625,0.70947265625,1.0
2015-08-11T12:34:05.000000Z,0.70947265625,0.70947265625,1.0
2015-08-11T12:34:10.000000Z,0.70947265625,0.70947265625,1.0
2015-08-11T12:34:15.000000Z,0.70947265625,0.70947265625,3.0
2015-08-11T12:34:20.000000Z,0.70947265625,0.70947265625,3.0
2015-08-11T12:34:25.000000Z,0.70947265625,0.70947265625,3.0
2015-08-11T12:34:30.000000Z,0.70947265625,0.70947265625,1.0
2015-08-11T12:34:45.000000Z,0.70947265625,0.70947265625,1.0
2015-08-11T12:34:50.000000Z,0.70947265625,0.70947265625,2.0
2015-08-11T12:34:55.000000Z,0.70947265625,0.70947265625,4.0
2015-08-11T12:35:00.000000Z,0.70947265625,0.70947265625,4.0
2015-08-11T12:35:30.000000Z,0.70947265625,0.70947265625,2.0
2015-08-11T12:35:35.000000Z,0.70947265625,0.70947265625,7.0
2015-08-11T12:35:40.000000Z,0.70947265625,0.70947265625,1.0
2015-08-11T12:35:45.000000Z,0.70947265625,0.70947265625,7.0
2015-08-11T12:35:50.000000Z,0.70947265625,0.70947265625,2.0
2015-08-11T12:35:55.000000Z,0.70947265625,0.70947265625,3.0
2015-08-11T12:36:00.000000Z,0.70947265625,0.70947265625,2.0
2015-08-11T12:36:05.000000Z,0.7099609375,0.70947265625,3.0
2015-08-11T12:36:10.000000Z,0.7099609375,0.70947265625,4.0
2015-08-11T12:36:20.000000Z,0.7099609375,0.70947265625,1.0
2015-08-11T12:36:25.000000Z,0.7099609375,0.7099609375,1.0
2015-08-11T12:36:35.000000Z,0.7099609375,0.70947265625,1.0
2015-08-11T12:36:40.000000Z,0.7099609375,0.70947265625,2.0
2015-08-11T12:36:45.000000Z,0.7099609375,0.7099609375,4.0
2015-08-11T12:36:50.000000Z,0.7099609375,0.70947265625,2.0
2015-08-11T12:37:00.000000Z,0.7099609375,0.7099609375,2.0
2015-08-11T12:37:05.000000Z,0.7099609375,0.70947265625,3.0
2015-08-11T12:37:10.000000Z,0.7099609375,0.70947265625,2.0
2015-08-11T12:37:15.000000Z,0.7099609375,0.70947265625,5.0
2015-08-11T12:37:20.000000Z,0.7099609375,0.70947265625,5.0
2015-08-11T12:37:25.000000Z,0.7099609375,0.7099609375,4.0
2015-08-11T12:37:30.000000Z,0.7099609375,0.7099609375,3.0
2015-08-11T12:37:35.000000Z,0.7099609375,0.7099609375,1.0
2015-08-11T12:37:40.000000Z,0.7099609375,0.7099609375,3.0
2015-08-11T12:37:45.000000Z,0.7099609375,0.7099609375,3.0
2015-08-11T12:37:55.000000Z,0.7099609375,0.7099609375,2.0
2015-08-11T12:38:00.000000Z,0.7099609375,0.7099609375,4.0
2015-08-11T12:38:05.000000Z,0.7099609375,0.7099609375,1.0
2015-08-11T12:38:15.000000Z,0.7099609375,0.7099609375,1.0
2015-08-11T12:38:20.000000Z,0.7099609375,0.7099609375,2.0
2015-08-11T12:38:25.000000Z,0.7099609375,0.7099609375,3.0
2015-08-11T12:38:30.000000Z,0.7099609375,0.7099609375,3.0
2015-08-11T12:38:35.000000Z,0.7099609375,0.7099609375,2.0
2015-08-11T12:38:45.000000Z,0.7099609375,0.7099609375,1.0
2015-08-11T12:38:55.000000Z,0.7099609375,0.7099609375,1.0
2015-08-11T12:39:00.000000Z,0.7099609375,0.7099609375,3.0
2015-08-11T12:39:10.000000Z,0.7099609375,0.7099609375,1.0
2015-08-11T12:39:15.000000Z,0.7099609375,0.7099609375,1.0
2015-08-11T12:39:20.000000Z,0.7099609375,0.7099609375,2.0
2015-08-11T12:39:30.000000Z,0.7099609375,0.7099609375,2.0
2015-08-11T12:39:35.000000Z,0.7099609375,0.7099609375,6.0
2015-08-11T12:39:40.000000Z,0.7099609375,0.7099609375,3.0
2015-08-11T12:40:00.000000Z,0.7099609375,0.7099609375,1.0
2015-08-11T12:40:10.000000Z,0.7099609375,0.7099609375,3.0
2015-08-11T12:40:15.000000Z,0.7099609375,0.7099609375,2.0
2015-08-11T12:40:20.000000Z,0.7099609375,0.7099609375,1.0
2015-08-11T12:40:25.000000Z,0.71044921875,0.7099609375,5.0
2015-08-11T12:40:30.000000Z,0.71044921875,0.7099609375,3.0
2015-08-11T12:40:35.000000Z,0.71044921875,0.7099609375,3.0
2015-08-11T12:40:40.000000Z,0.71044921875,0.7099609375,6.0
2015-08-11T12:40:45.000000Z,0.71044921875,0.7099609375,4.0
2015-08-11T12:40:50.000000Z,0.71044921875,0.71044921875,4.0
2015-08-11T12:40:55.000000Z,0.71044921875,0.71044921875,1.0
2015-08-11T12:41:00.000000Z,0.71044921875,0.7099609375,2.0
2015-08-11T12:41:05.000000Z,0.71044921875,0.7099609375,4.0
2015-08-11T12:41:10.000000Z,0.71044921875,0.71044921875,5.0
2015-08-11T12:41:15.000000Z,0.71044921875,0.7099609375,3.0
2015-08-11T12:41:20.000000Z,0.71044921875,0.7099609375,1.0
2015-08-11T12:41:30.000000Z,0.71044921875,0.7099609375,1.0
2015-08-11T12:41:35.000000Z,0.71044921875,0.7099609375,1.0
2015-08-11T12:41:40.000000Z,0.71044921875,0.71044921875,4.0
2015-08-11T12:41:45.000000Z,0.71044921875,0.71044921875,1.0
2015-08-11T12:41:50.000000Z,0.71044921875,0.71044921875,5.0
2015-08-11T12:42:05.000000Z,0.71044921875,0.7099609375,3.0
2015-08-11T12:42:15.000000Z,0.71044921875,0.7099609375,5.0
2015-08-11T12:42:25.000000Z,0.71044921875,0.7099609375,4.0
2015-08-11T12:42:35.000000Z,0.7099609375,0.7099609375,3.0
2015-08-11T12:42:45.000000Z,0.7099609375,0.7099609375,3.0
2015-08-11T12:42:50.000000Z,0.7099609375,0.7099609375,3.0
2015-08-11T12:43:00.000000Z,0.7099609375,0.7099609375,3.0
2015-08-11T12:43:05.000000Z,0.7099609375,0.7099609375,3.0
2015-08-11T12:43:10.000000Z,0.7099609375,0.7099609375,2.0
2015-08-11T12:43:15.000000Z,0.7099609375,0.7099609375,2.0
2015-08-11T12:43:20.000000Z,0.7099609375,0.7099609375,3.0
2015-08-11T12:43:30.000000Z,0.7099609375,0.7099609375,3.0
2015-08-11T12:43:35.000000Z,0.7099609375,0.7099609375,1.0
2015-08-11T12:43:40.000000Z,0.7099609375,0.7099609375,1.0
2015-08-11T12:43:45.000000Z,0.7099609375,0.7099609375,2.0
2015-08-11T12:43:50.000000Z,0.7099609375,0.7099609375,3.0
2015-08-11T12:43:55.000000Z,0.7099609375,0.7099609375,1.0
2015-08-11T12:44:00.000000Z,0.7099609375,0.7099609375,1.0
2015-08-11T12:44:05.000000Z,0.7099609375,0.7099609375,2.0
2015-08-11T12:44:10.000000Z,0.7099609375,0.7099609375,1.0
2015-08-11T12:44:15.000000Z,0.7099609375,0.7099609375,1.0
2015-08-11T12:44:20.000000Z,0.7099609375,0.7099609375,1.0
2015-08-11T12:44:30.000000Z,0.7099609375,0.7099609375,4.0
2015-08-11T12:44:35.000000Z,0.7099609375,0.7099609375,2.0
2015-08-11T12:44:40.000000Z,0.7099609375,0.7099609375,3.0
2015-08-11T12:44:45.000000Z,0.7099609375,0.7099609375,2.0
2015-08-11T12:44:50.000000Z,0.7099609375,0.7099609375,5.0
2015-08-11T12:44:55.000000Z,0.7099609375,0.7099609375,5.0
2015-08-11T12:45:00.000000Z,0.7099609375,0.7099609375,2.0
2015-08-11T12:45:05.000000Z,0.7099609375,0.7099609375,2.0
2015-08-11T12:45:10.000000Z,0.7099609375,0.7099609375,3.0
2015-08-11T12:45:15.000000Z,0.7099609375,0.7099609375,3.0
2015-08-11T12:45:20.000000Z,0.7099609375,0.7099609375,1.0
2015-08-11T12:45:25.000000Z,0.7099609375,0.7099609375,1.0
2015-08-11T12:45:30.000000Z,0.7099609375,0.7099609375,3.0
2015-08-11T12:45:35.000000Z,0.7099609375,0.7099609375,1.0
2015-08-11T12:45:45.000000Z,0.7099609375,0.7099609375,4.0
2015-08-11T12:45:50.000000Z,0.7099609375,0.7099609375,2.0
2015-08-11T12:45:55.000000Z,0.7099609375,0.7099609375,1.0
2015-08-11T12:46:00.000000Z,0.7099609375,0.7099609375,1.0
2015-08-11T12:46:05.000000Z,0.7099609375,0.7099609375,4.0
2015-08-11T12:46:10.000000Z,0.7099609375,0.7099609375,1.0
2015-08-11T12:46:15.000000Z,0.7099609375,0.7099609375,3.0
2015-08-11T12:46:20.000000Z,0.7099609375,0.7099609375,5.0
2015-08-11T12:46:30.000000Z,0.71044921875,0.7099609375,5.0
2015-08-11T12:46:35.000000Z,0.71044921875,0.7099609375,1.0
2015-08-11T12:46:45.000000Z,0.71044921875,0.7099609375,3.0
2015-08-11T12:46:50.000000Z,0.71044921875,0.71044921875,5.0
2015-08-11T12:46:55.000000Z,0.71044921875,0.71044921875,1.0
2015-08-11T12:47:00.000000Z,0.71044921875,0.7099609375,4.0
2015-08-11T12:47:05.000000Z,0.71044921875,0.7099609375,5.0
2015-08-11T12:47:25.000000Z,0.71044921875,0.71044921875,3.0
2015-08-11T12:47:40.000000Z,0.71044921875,0.71044921875,2.0
2015-08-11T12:47:50.000000Z,0.71044921875,0.71044921875,3.0
2015-08-11T12:47:55.000000Z,0.71044921875,0.71044921875,1.0
2015-08-11T12:48:00.000000Z,0.71044921875,0.71044921875,3.0
2015-08-11T12:48:05.000000Z,0.71044921875,0.71044921875,1.0
2015-08-11T12:48:10.000000Z,0.71044921875,0.71044921875,2.0
2015-08-11T12:48:15.000000Z,0.71044921875,0.71044921875,1.0
2015-08-11T12:48:20.000000Z,0.71044921875,0.71044921875,2.0
2015-08-11T12:48:25.000000Z,0.71044921875,0.71044921875,2.0
2015-08-11T12:48:30.000000Z,0.71044921875,0.71044921875,1.0
2015-08-11T12:48:55.000000Z,0.71044921875,0.71044921875,1.0
2015-08-11T12:49:00.000000Z,0.71044921875,0.71044921875,2.0
2015-08-11T12:49:05.000000Z,0.71044921875,0.71044921875,2.0
2015-08-11T12:49:15.000000Z,0.71044921875,0.71044921875,1.0
2015-08-11T12:49:20.000000Z,0.71044921875,0.71044921875,3.0
2015-08-11T12:49:25.000000Z,0.71044921875,0.71044921875,1.0
2015-08-11T12:49:30.000000Z,0.71044921875,0.71044921875,2.0
2015-08-11T12:49:35.000000Z,0.71044921875,0.71044921875,3.0
2015-08-11T12:49:40.000000Z,0.71044921875,0.71044921875,6.0
2015-08-11T12:49:45.000000Z,0.71044921875,0.71044921875,4.0
2015-08-11T12:49:50.000000Z,0.71044921875,0.71044921875,1.0
2015-08-11T12:49:55.000000Z,0.71044921875,0.71044921875,2.0
2015-08-11T12:50:00.000000Z,0.71044921875,0.71044921875,1.0
2015-08-11T12:50:10.000000Z,0.71044921875,0.71044921875,1.0
2015-08-11T12:50:15.000000Z,0.71044921875,0.71044921875,1.0
2015-08-11T12:50:20.000000Z,0.71044921875,0.71044921875,1.0
2015-08-11T12:50:25.000000Z,0.71044921875,0.71044921875,2.0
2015-08-11T12:50:30.000000Z,0.71044921875,0.71044921875,1.0
2015-08-11T12:50:35.000000Z,0.71044921875,0.71044921875,4.0
2015-08-11T12:50:40.000000Z,0.71044921875,0.71044921875,1.0
2015-08-11T12:50:50.000000Z,0.71044921875,0.71044921875,2.0
2015-08-11T12:50:55.000000Z,0.71044921875,0.71044921875,3.0
2015-08-11T12:51:05.000000Z,0.71044921875,0.71044921875,4.0
2015-08-11T12:51:10.000000Z,0.71044921875,0.71044921875,1.0
2015-08-11T12:51:15.000000Z,0.71044921875,0.71044921875,2.0
2015-08-11T12:51:20.000000Z,0.71044921875,0.71044921875,1.0
2015-08-11T12:51:25.000000Z,0.71044921875,0.71044921875,3.0
2015-08-11T12:51:30.000000Z,0.71044921875,0.71044921875,1.0
2015-08-11T12:51:35.000000Z,0.71044921875,0.71044921875,6.0
2015-08-11T12:51:40.000000Z,0.7109375,0.71044921875,6.0
2015-08-11T12:51:45.000000Z,0.7109375,0.71044921875,2.0
2015-08-11T12:51:50.000000Z,0.7109375,0.71044921875,5.0
2015-08-11T12:51:55.000000Z,0.7109375,0.71044921875,2.0
2015-08-11T12:52:00.000000Z,0.7109375,0.71044921875,2.0
2015-08-11T12:52:10.000000Z,0.7109375,0.7109375,5.0
2015-08-11T12:52:15.000000Z,0.7109375,0.71044921875,5.0
2015-08-11T12:52:20.000000Z,0.7109375,0.71044921875,1.0
2015-08-11T12:52:25.000000Z,0.7109375,0.71044921875,6.0
2015-08-11T12:52:30.000000Z,0.7109375,0.71044921875,1.0
2015-08-11T12:52:35.000000Z,0.7109375,0.71044921875,1.0
2015-08-11T12:52:40.000000Z,0.7109375,0.71044921875,1.0
2015-08-11T12:52:45.000000Z,0.7109375,0.71044921875,2.0
2015-08-11T12:52:55.000000Z,0.7109375,0.71044921875,2.0
2015-08-11T12:53:00.000000Z,0.71044921875,0.71044921875,3.0
2015-08-11T12:53:05.000000Z,0.71044921875,0.71044921875,2.0
2015-08-11T12:53:10.000000Z,0.71044921875,0.71044921875,4.0
2015-08-11T12:53:15.000000Z,0.71044921875,0.71044921875,1.0
2015-08-11T12:53:20.000000Z,0.71044921875,0.71044921875,1.0
2015-08-11T12:53:25.000000Z,0.71044921875,0.71044921875,1.0
2015-08-11T12:53:30.000000Z,0.71044921875,0.71044921875,2.0
2015-08-11T12:53:40.000000Z,0.71044921875,0.71044921875,2.0
2015-08-11T12:53:45.000000Z,0.71044921875,0.71044921875,4.0
2015-08-11T12:53:50.000000Z,0.71044921875,0.71044921875,1.0
2015-08-11T12:53:55.000000Z,0.71044921875,0.71044921875,3.0
2015-08-11T12:54:00.000000Z,0.71044921875,0.71044921875,1.0
2015-08-11T12:54:05.000000Z,0.71044921875,0.71044921875,2.0
2015-08-11T12:54:15.000000Z,0.71044921875,0.71044921875,2.0
2015-08-11T12:54:30.000000Z,0.71044921875,0.71044921875,2.0
2015-08-11T12:54:35.000000Z,0.71044921875,0.71044921875,1.0
2015-08-11T12:54:45.000000Z,0.71044921875,0.71044921875,2.0
2015-08-11T12:54:50.000000Z,0.71044921875,0.71044921875,2.0
2015-08-11T12:54:55.000000Z,0.71044921875,0.71044921875,1.0
2015-08-11T12:55:00.000000Z,0.71044921875,0.71044921875,5.0
2015-08-11T12:55:05.000000Z,0.71044921875,0.71044921875,2.0
2015-08-11T12:55:10.000000Z,0.71044921875,0.71044921875,1.0
2015-08-11T12:55:15.000000Z,0.71044921875,0.71044921875,1.0
2015-08-11T12:55:20.000000Z,0.71044921875,0.71044921875,2.0
2015-08-11T12:55:30.000000Z,0.71044921875,0.71044921875,1.0
2015-08-11T12:55:40.000000Z,0.71044921875,0.71044921875,1.0
2015-08-11T12:55:45.000000Z,0.71044921875,0.71044921875,3.0
2015-08-11T12:55:50.000000Z,0.71044921875,0.71044921875,1.0
2015-08-11T12:55:55.000000Z,0.71044921875,0.71044921875,1.0
2015-08-11T12:56:05.000000Z,0.71044921875,0.71044921875,2.0
2015-08-11T12:56:10.000000Z,0.71044921875,0.71044921875,4.0
2015-08-11T12:56:15.000000Z,0.71044921875,0.71044921875,1.0
2015-08-11T12:56:20.000000Z,0.71044921875,0.71044921875,3.0
2015-08-11T12:56:25.000000Z,0.71044921875,0.71044921875,3.0
2015-08-11T12:56:55.000000Z,0.71044921875,0.71044921875,1.0
2015-08-11T12:57:00.000000Z,0.71044921875,0.71044921875,1.0
2015-08-11T12:57:05.000000Z,0.71044921875,0.71044921875,2.0
2015-08-11T12:57:15.000000Z,0.71044921875,0.71044921875,4.0
2015-08-11T12:57:20.000000Z,0.71044921875,0.71044921875,1.0
2015-08-11T12:57:25.000000Z,0.71044921875,0.71044921875,1.0
2015-08-11T12:57:30.000000Z,0.71044921875,0.71044921875,3.0
2015-08-11T12:57:40.000000Z,0.71044921875,0.71044921875,1.0
2015-08-11T12:57:55.000000Z,0.71044921875,0.71044921875,3.0
2015-08-11T12:58:00.000000Z,0.71044921875,0.71044921875,2.0
2015-08-11T12:58:05.000000Z,0.71044921875,0.71044921875,7.0
2015-08-11T12:58:10.000000Z,0.71044921875,0.71044921875,1.0
2015-08-11T12:58:15.000000Z,0.71044921875,0.71044921875,1.0
2015-08-11T12:58:20.000000Z,0.71044921875,0.71044921875,1.0
2015-08-11T12:58:25.000000Z,0.71044921875,0.71044921875,4.0
2015-08-11T12:58:30.000000Z,0.71044921875,0.71044921875,2.0
2015-08-11T12:58:35.000000Z,0.71044921875,0.71044921875,6.0
2015-08-11T12:58:40.000000Z,0.71044921875,0.71044921875,1.0
2015-08-11T12:58:45.000000Z,0.71044921875,0.71044921875,1.0
2015-08-11T12:58:50.000000Z,0.71044921875,0.71044921875,1.0
2015-08-11T12:58:55.000000Z,0.71044921875,0.71044921875,1.0
2015-08-11T12:59:00.000000Z,0.71044921875,0.71044921875,3.0
2015-08-11T12:59:05.000000Z,0.71044921875,0.71044921875,2.0
2015-08-11T12:59:10.000000Z,0.71044921875,0.71044921875,1.0
2015-08-11T12:59:15.000000Z,0.7109375,0.71044921875,3.0
2015-08-11T12:59:20.000000Z,0.7109375,0.71044921875,2.0
2015-08-11T12:59:25.000000Z,0.7109375,0.71044921875,1.0
2015-08-11T12:59:30.000000Z,0.7109375,0.71044921875,2.0
2015-08-11T12:59:35.000000Z,0.7109375,0.71044921875,2.0
2015-08-11T12:59:45.000000Z,0.7109375,0.71044921875,4.0
2015-08-11T12:59:50.000000Z,0.7109375,0.71044921875,1.0
2015-08-11T12:59:55.000000Z,0.7109375,0.71044921875,1.0
2015-08-11T13:00:00.000000Z,0.7109375,0.71044921875,3.0
2015-08-11T13:00:05.000000Z,0.71044921875,0.71044921875,6.0
2015-08-11T13:00:10.000000Z,0.71044921875,0.71044921875,2.0
2015-08-11T13:00:15.000000Z,0.71044921875,0.71044921875,1.0
2015-08-11T13:00:20.000000Z,0.71044921875,0.71044921875,3.0
2015-08-11T13:00:25.000000Z,0.71044921875,0.71044921875,1.0
2015-08-11T13:00:35.000000Z,0.71044921875,0.71044921875,2.0
2015-08-11T13:00:40.000000Z,0.71044921875,0.71044921875,3.0
2015-08-11T13:00:45.000000Z,0.71044921875,0.71044921875,2.0
2015-08-11T13:00:50.000000Z,0.71044921875,0.71044921875,4.0
2015-08-11T13:01:00.000000Z,0.71044921875,0.71044921875,4.0
2015-08-11T13:01:10.000000Z,0.71044921875,0.71044921875,3.0
2015-08-11T13:01:40.000000Z,0.71044921875,0.71044921875,1.0
2015-08-11T13:01:45.000000Z,0.71044921875,0.71044921875,5.0
2015-08-11T13:01:50.000000Z,0.71044921875,0.71044921875,3.0
2015-08-11T13:02:00.000000Z,0.71044921875,0.71044921875,2.0
2015-08-11T13:02:05.000000Z,0.71044921875,0.71044921875,2.0
2015-08-11T13:02:10.000000Z,0.71044921875,0.71044921875,4.0
2015-08-11T13:02:15.000000Z,0.71044921875,0.71044921875,3.0
2015-08-11T13:02:20.000000Z,0.71044921875,0.71044921875,4.0
2015-08-11T13:02:40.000000Z,0.71044921875,0.71044921875,2.0
2015-08-11T13:02:45.000000Z,0.71044921875,0.71044921875,2.0
2015-08-11T13:02:50.000000Z,0.71044921875,0.71044921875,1.0
2015-08-11T13:03:05.000000Z,0.71044921875,0.71044921875,1.0
2015-08-11T13:03:10.000000Z,0.71044921875,0.71044921875,1.0
2015-08-11T13:03:15.000000Z,0.71044921875,0.71044921875,2.0
2015-08-11T13:03:20.000000Z,0.71044921875,0.71044921875,2.0
2015-08-11T13:03:25.000000Z,0.71044921875,0.71044921875,2.0
2015-08-11T13:03:30.000000Z,0.71044921875,0.71044921875,2.0
2015-08-11T13:03:40.000000Z,0.71044921875,0.71044921875,2.0
2015-08-11T13:03:50.000000Z,0.71044921875,0.71044921875,2.0
2015-08-11T13:04:05.000000Z,0.71044921875,0.71044921875,2.0
2015-08-11T13:04:15.000000Z,0.71044921875,0.71044921875,1.0
2015-08-11T13:04:30.000000Z,0.71044921875,0.71044921875,1.0
2015-08-11T13:04:35.000000Z,0.71044921875,0.71044921875,1.0
2015-08-11T13:04:40.000000Z,0.7109375,0.71044921875,3.0
2015-08-11T13:04:45.000000Z,0.7109375,0.71044921875,2.0
2015-08-11T13:05:00.000000Z,0.7109375,0.71044921875,2.0
2015-08-11T13:05:05.000000Z,0.7109375,0.71044921875,5.0
2015-08-11T13:05:10.000000Z,0.7109375,0.71044921875,4.0
2015-08-11T13:05:15.000000Z,0.7109375,0.71044921875,4.0
2015-08-11T13:05:20.000000Z,0.71044921875,0.71044921875,3.0
2015-08-11T13:05:25.000000Z,0.71044921875,0.71044921875,4.0
2015-08-11T13:05:30.000000Z,0.71044921875,0.71044921875,1.0
2015-08-11T13:05:35.000000Z,0.71044921875,0.71044921875,2.0
2015-08-11T13:05:45.000000Z,0.71044921875,0.71044921875,1.0
2015-08-11T13:05:50.000000Z,0.71044921875,0.71044921875,2.0
2015-08-11T13:05:55.000000Z,0.71044921875,0.71044921875,1.0
2015-08-11T13:06:00.000000Z,0.71044921875,0.71044921875,2.0
2015-08-11T13:06:05.000000Z,0.71044921875,0.71044921875,3.0
2015-08-11T13:06:15.000000Z,0.71044921875,0.71044921875,2.0
2015-08-11T13:06:20.000000Z,0.71044921875,0.71044921875,1.0
2015-08-11T13:06:35.000000Z,0.71044921875,0.71044921875,2.0
2015-08-11T13:06:40.000000Z,0.71044921875,0.71044921875,2.0
2015-08-11T13:06:45.000000Z,0.71044921875,0.71044921875,2.0
2015-08-11T13:06:50.000000Z,0.71044921875,0.71044921875,2.0
2015-08-11T13:06:55.000000Z,0.71044921875,0.71044921875,2.0
2015-08-11T13:07:10.000000Z,0.71044921875,0.71044921875,2.0
2015-08-11T13:07:15.000000Z,0.71044921875,0.7099609375,4.0
2015-08-11T13:07:20.000000Z,0.71044921875,0.71044921875,2.0
2015-08-11T13:07:25.000000Z,0.71044921875,0.7099609375,3.0
2015-08-11T13:07:30.000000Z,0.71044921875,0.7099609375,2.0
2015-08-11T13:07:35.000000Z,0.71044921875,0.7099609375,1.0
2015-08-11T13:07:40.000000Z,0.71044921875,0.7099609375,5.0
2015-08-11T13:07:45.000000Z,0.71044921875,0.7099609375,3.0
2015-08-11T13:07:50.000000Z,0.71044921875,0.7099609375,1.0
2015-08-11T13:07:55.000000Z,0.71044921875,0.7099609375,1.0
2015-08-11T13:08:00.000000Z,0.71044921875,0.7099609375,1.0
2015-08-11T13:08:05.000000Z,0.7099609375,0.7099609375,3.0
2015-08-11T13:08:10.000000Z,0.7099609375,0.7099609375,5.0
2015-08-11T13:08:15.000000Z,0.71044921875,0.7099609375,2.0
2015-08-11T13:08:20.000000Z,0.71044921875,0.7099609375,1.0
2015-08-11T13:08:25.000000Z,0.71044921875,0.7099609375,1.0
2015-08-11T13:08:30.000000Z,0.71044921875,0.7099609375,1.0
2015-08-11T13:08:35.000000Z,0.71044921875,0.7099609375,2.0
2015-08-11T13:08:40.000000Z,0.71044921875,0.7099609375,1.0
2015-08-11T13:08:45.000000Z,0.71044921875,0.7099609375,1.0
2015-08-11T13:08:55.000000Z,0.71044921875,0.7099609375,1.0
2015-08-11T13:09:00.000000Z,0.71044921875,0.71044921875,3.0
2015-08-11T13:09:05.000000Z,0.71044921875,0.71044921875,1.0
2015-08-11T13:09:20.000000Z,0.71044921875,0.71044921875,2.0
2015-08-11T13:09:25.000000Z,0.71044921875,0.71044921875,3.0
2015-08-11T13:09:30.000000Z,0.71044921875,0.71044921875,2.0
2015-08-11T13:09:35.000000Z,0.71044921875,0.71044921875,3.0
2015-08-11T13:09:45.000000Z,0.71044921875,0.71044921875,2.0
2015-08-11T13:09:50.000000Z,0.71044921875,0.71044921875,2.0
2015-08-11T13:09:55.000000Z,0.71044921875,0.71044921875,2.0
2015-08-11T13:10:05.000000Z,0.71044921875,0.71044921875,3.0
2015-08-11T13:10:10.000000Z,0.71044921875,0.71044921875,1.0
2015-08-11T13:10:15.000000Z,0.71044921875,0.71044921875,2.0
2015-08-11T13:10:20.000000Z,0.71044921875,0.71044921875,4.0
2015-08-11T13:10:25.000000Z,0.71044921875,0.71044921875,3.0
2015-08-11T13:10:30.000000Z,0.71044921875,0.71044921875,2.0
2015-08-11T13:10:35.000000Z,0.71044921875,0.71044921875,1.0
2015-08-11T13:10:45.000000Z,0.71044921875,0.71044921875,2.0
2015-08-11T13:10:55.000000Z,0.71044921875,0.71044921875,4.0
2015-08-11T13:11:00.000000Z,0.71044921875,0.71044921875,2.0
2015-08-11T13:11:05.000000Z,0.71044921875,0.71044921875,1.0
2015-08-11T13:11:10.000000Z,0.71044921875,0.71044921875,1.0
2015-08-11T13:11:15.000000Z,0.71044921875,0.71044921875,4.0
2015-08-11T13:11:20.000000Z,0.71044921875,0.71044921875,1.0
2015-08-11T13:11:30.000000Z,0.7109375,0.71044921875,3.0
2015-08-11T13:11:35.000000Z,0.7109375,0.71044921875,3.0
2015-08-11T13:11:40.000000Z,0.7109375,0.71044921875,2.0
2015-08-11T13:11:45.000000Z,0.7109375,0.71044921875,2.0
2015-08-11T13:11:50.000000Z,0.71044921875,0.71044921875,1.0
2015-08-11T13:12:00.000000Z,0.71044921875,0.71044921875,1.0
2015-08-11T13:12:05.000000Z,0.71044921875,0.71044921875,1.0
2015-08-11T13:12:10.000000Z,0.71044921875,0.71044921875,4.0
2015-08-11T13:12:15.000000Z,0.71044921875,0.71044921875,1.0
2015-08-11T13:12:20.000000Z,0.71044921875,0.71044921875,1.0
2015-08-11T13:12:25.000000Z,0.71044921875,0.71044921875,1.0
2015-08-11T13:12:35.000000Z,0.71044921875,0.71044921875,4.0
2015-08-11T13:12:40.000000Z,0.71044921875,0.71044921875,1.0
2015-08-11T13:12:50.000000Z,0.71044921875,0.71044921875,1.0
2015-08-11T13:13:00.000000Z,0.71044921875,0.71044921875,5.0
2015-08-11T13:13:05.000000Z,0.71044921875,0.71044921875,2.0
2015-08-11T13:13:10.000000Z,0.71044921875,0.71044921875,3.0
2015-08-11T13:13:15.000000Z,0.71044921875,0.71044921875,2.0
2015-08-11T13:13:20.000000Z,0.71044921875,0.71044921875,1.0
2015-08-11T13:13:25.000000Z,0.71044921875,0.71044921875,1.0
2015-08-11T13:13:30.000000Z,0.71044921875,0.71044921875,1.0
2015-08-11T13:13:35.000000Z,0.71044921875,0.71044921875,3.0
2015-08-11T13:13:40.000000Z,0.71044921875,0.71044921875,2.0
2015-08-11T13:13:45.000000Z,0.71044921875,0.71044921875,1.0
2015-08-11T13:14:00.000000Z,0.71044921875,0.71044921875,1.0
2015-08-11T13:14:05.000000Z,0.71044921875,0.71044921875,2.0
2015-08-11T13:14:15.000000Z,0.71044921875,0.71044921875,3.0
2015-08-11T13:14:20.000000Z,0.71044921875,0.71044921875,5.0
2015-08-11T13:14:25.000000Z,0.71044921875,0.71044921875,1.0
2015-08-11T13:14:35.000000Z,0.71044921875,0.71044921875,3.0
2015-08-11T13:14:45.000000Z,0.71044921875,0.71044921875,2.0
2015-08-11T13:14:55.000000Z,0.71044921875,0.71044921875,1.0
2015-08-11T13:15:05.000000Z,0.71044921875,0.71044921875,5.0
2015-08-11T13:15:15.000000Z,0.71044921875,0.71044921875,1.0
2015-08-11T13:15:20.000000Z,0.71044921875,0.71044921875,4.0
2015-08-11T13:15:25.000000Z,0.71044921875,0.71044921875,2.0
2015-08-11T13:15:35.000000Z,0.71044921875,0.71044921875,4.0
2015-08-11T13:16:10.000000Z,0.71044921875,0.71044921875,2.0
2015-08-11T13:16:15.000000Z,0.71044921875,0.71044921875,1.0
2015-08-11T13:16:20.000000Z,0.7109375,0.71044921875,1.0
2015-08-11T13:16:30.000000Z,0.7109375,0.71044921875,5.0
2015-08-11T13:16:35.000000Z,0.7109375,0.71044921875,1.0
2015-08-11T13:16:40.000000Z,0.7109375,0.71044921875,1.0
2015-08-11T13:16:50.000000Z,0.71044921875,0.71044921875,3.0
2015-08-11T13:16:55.000000Z,0.7109375,0.71044921875,1.0
2015-08-11T13:17:00.000000Z,0.7109375,0.71044921875,2.0
2015-08-11T13:17:05.000000Z,0.7109375,0.71044921875,4.0
2015-08-11T13:17:10.000000Z,0.7109375,0.71044921875,2.0
2015-08-11T13:17:15.000000Z,0.7109375,0.71044921875,1.0
2015-08-11T13:17:20.000000Z,0.7109375,0.71044921875,1.0
2015-08-11T13:17:25.000000Z,0.7109375,0.71044921875,4.0
2015-08-11T13:17:30.000000Z,0.7109375,0.7109375,12.0
2015-08-11T13:17:35.000000Z,0.7109375,0.7109375,15.0
2015-08-11T13:17:40.000000Z,0.7109375,0.7109375,2.0
2015-08-11T13:17:45.000000Z,0.7109375,0.7109375,5.0
2015-08-11T13:17:50.000000Z,0.7109375,0.7109375,1.0
2015-08-11T13:17:55.000000Z,0.7109375,0.7109375,1.0
2015-08-11T13:18:10.000000Z,0.71142578125,0.7109375,14.0
2015-08-11T13:18:15.000000Z,0.71142578125,0.7109375,1.0
2015-08-11T13:18:20.000000Z,0.71142578125,0.7109375,2.0
2015-08-11T13:18:25.000000Z,0.71142578125,0.7109375,1.0
2015-08-11T13:18:30.000000Z,0.71142578125,0.7109375,3.0
2015-08-11T13:18:35.000000Z,0.71142578125,0.71142578125,4.0
2015-08-11T13:18:40.000000Z,0.71142578125,0.7109375,4.0
2015-08-11T13:18:45.000000Z,0.71142578125,0.7109375,1.0
2015-08-11T13:18:50.000000Z,0.71142578125,0.7109375,5.0
2015-08-11T13:19:00.000000Z,0.71142578125,0.7109375,4.0
2015-08-11T13:19:05.000000Z,0.71142578125,0.7109375,3.0
2015-08-11T13:19:10.000000Z,0.71142578125,0.7109375,1.0
2015-08-11T13:19:15.000000Z,0.71142578125,0.7109375,1.0
2015-08-11T13:19:20.000000Z,0.71142578125,0.7109375,2.0
2015-08-11T13:19:25.000000Z,0.71142578125,0.7109375,3.0
2015-08-11T13:19:30.000000Z,0.71142578125,0.7109375,1.0
2015-08-11T13:19:35.000000Z,0.7109375,0.7109375,3.0
2015-08-11T13:19:40.000000Z,0.7109375,0.7109375,5.0
2015-08-11T13:19:45.000000Z,0.71142578125,0.7109375,4.0
2015-08-11T13:19:50.000000Z,0.7109375,0.7109375,3.0
2015-08-11T13:19:55.000000Z,0.7109375,0.7109375,1.0
2015-08-11T13:20:00.000000Z,0.7109375,0.7109375,1.0
2015-08-11T13:20:05.000000Z,0.7109375,0.7109375,1.0
2015-08-11T13:20:20.000000Z,0.7109375,0.7109375,3.0
2015-08-11T13:20:30.000000Z,0.7109375,0.7109375,3.0
2015-08-11T13:20:45.000000Z,0.7109375,0.7109375,1.0
2015-08-11T13:20:50.000000Z,0.7109375,0.7109375,3.0
2015-08-11T13:20:55.000000Z,0.7109375,0.7109375,1.0
2015-08-11T13:21:05.000000Z,0.7109375,0.7109375,2.0
2015-08-11T13:21:10.000000Z,0.7109375,0.7109375,1.0
2015-08-11T13:21:25.000000Z,0.7109375,0.7109375,2.0
2015-08-11T13:21:30.000000Z,0.7109375,0.7109375,1.0
2015-08-11T13:21:35.000000Z,0.7109375,0.7109375,2.0
2015-08-11T13:21:40.000000Z,0.7109375,0.7109375,2.0
2015-08-11T13:21:55.000000Z,0.7109375,0.7109375,1.0
2015-08-11T13:22:00.000000Z,0.7109375,0.7109375,2.0
2015-08-11T13:22:05.000000Z,0.7109375,0.7109375,2.0
2015-08-11T13:22:15.000000Z,0.71142578125,0.7109375,4.0
2015-08-11T13:22:20.000000Z,0.71142578125,0.7109375,1.0
2015-08-11T13:22:25.000000Z,0.71142578125,0.7109375,1.0
2015-08-11T13:22:30.000000Z,0.7109375,0.7109375,1.0
2015-08-11T13:22:35.000000Z,0.7109375,0.7109375,2.0
2015-08-11T13:22:40.000000Z,0.7109375,0.7109375,1.0
2015-08-11T13:22:45.000000Z,0.7109375,0.7109375,3.0
2015-08-11T13:22:50.000000Z,0.7109375,0.7109375,5.0
2015-08-11T13:22:55.000000Z,0.7109375,0.7109375,1.0
2015-08-11T13:23:00.000000Z,0.7109375,0.7109375,1.0
2015-08-11T13:23:05.000000Z,0.7109375,0.7109375,2.0
2015-08-11T13:23:10.000000Z,0.7109375,0.7109375,2.0
2015-08-11T13:23:15.000000Z,0.7109375,0.7109375,1.0
2015-08-11T13:23:20.000000Z,0.7109375,0.7109375,3.0
2015-08-11T13:23:30.000000Z,0.7109375,0.7109375,2.0
2015-08-11T13:23:35.000000Z,0.7109375,0.7109375,1.0
2015-08-11T13:23:40.000000Z,0.7109375,0.7109375,1.0
2015-08-11T13:23:50.000000Z,0.7109375,0.7109375,2.0
2015-08-11T13:23:55.000000Z,0.7109375,0.7109375,1.0
2015-08-11T13:24:00.000000Z,0.71142578125,0.7109375,3.0
2015-08-11T13:24:10.000000Z,0.71142578125,0.7109375,2.0
2015-08-11T13:24:15.000000Z,0.71142578125,0.7109375,1.0
2015-08-11T13:24:20.000000Z,0.71142578125,0.7109375,1.0
2015-08-11T13:24:30.000000Z,0.71142578125,0.7109375,2.0
2015-08-11T13:24:35.000000Z,0.71142578125,0.7109375,1.0
2015-08-11T13:24:40.000000Z,0.71142578125,0.7109375,1.0
2015-08-11T13:24:45.000000Z,0.71142578125,0.7109375,4.0
2015-08-11T13:24:50.000000Z,0.71142578125,0.71142578125,1.0
2015-08-11T13:25:05.000000Z,0.71142578125,0.71142578125,4.0
2015-08-11T13:25:10.000000Z,0.71142578125,0.71142578125,2.0
2015-08-11T13:25:15.000000Z,0.71142578125,0.71142578125,3.0
2015-08-11T13:25:20.000000Z,0.71142578125,0.71142578125,7.0
2015-08-11T13:25:25.000000Z,0.71142578125,0.71142578125,2.0
2015-08-11T13:25:30.000000Z,0.71142578125,0.71142578125,3.0
2015-08-11T13:25:40.000000Z,0.71142578125,0.71142578125,1.0
2015-08-11T13:25:45.000000Z,0.71142578125,0.71142578125,3.0
2015-08-11T13:25:50.000000Z,0.71142578125,0.71142578125,2.0
2015-08-11T13:25:55.000000Z,0.71142578125,0.71142578125,1.0
2015-08-11T13:26:05.000000Z,0.71142578125,0.71142578125,1.0
2015-08-11T13:26:15.000000Z,0.71142578125,0.71142578125,1.0
2015-08-11T13:26:30.000000Z,0.71142578125,0.71142578125,3.0
2015-08-11T13:26:35.000000Z,0.71142578125,0.71142578125,1.0
2015-08-11T13:26:40.000000Z,0.71142578125,0.71142578125,2.0
2015-08-11T13:26:45.000000Z,0.71142578125,0.71142578125,2.0
2015-08-11T13:26:50.000000Z,0.71142578125,0.71142578125,2.0
2015-08-11T13:27:00.000000Z,0.71142578125,0.71142578125,5.0
2015-08-11T13:27:05.000000Z,0.71142578125,0.71142578125,1.0
2015-08-11T13:27:10.000000Z,0.71142578125,0.71142578125,1.0
2015-08-11T13:27:35.000000Z,0.71142578125,0.71142578125,1.0
2015-08-11T13:27:40.000000Z,0.71142578125,0.71142578125,1.0
2015-08-11T13:27:45.000000Z,0.71142578125,0.71142578125,2.0
2015-08-11T13:27:55.000000Z,0.71142578125,0.71142578125,1.0
2015-08-11T13:28:00.000000Z,0.71142578125,0.71142578125,2.0
2015-08-11T13:28:05.000000Z,0.71142578125,0.71142578125,2.0
2015-08-11T13:28:10.000000Z,0.71142578125,0.71142578125,2.0
2015-08-11T13:28:20.000000Z,0.71142578125,0.71142578125,1.0
2015-08-11T13:28:30.000000Z,0.71142578125,0.71142578125,1.0
2015-08-11T13:28:35.000000Z,0.71142578125,0.71142578125,1.0
2015-08-11T13:28:45.000000Z,0.71142578125,0.71142578125,1.0
2015-08-11T13:28:55.000000Z,0.71142578125,0.71142578125,2.0
2015-08-11T13:29:00.000000Z,0.71142578125,0.71142578125,1.0
2015-08-11T13:29:05.000000Z,0.71142578125,0.71142578125,1.0
2015-08-11T13:29:10.000000Z,0.7119140625,0.71142578125,1.0
2015-08-11T13:29:20.000000Z,0.7119140625,0.7119140625,6.0
2015-08-11T13:29:25.000000Z,0.7119140625,0.71142578125,3.0
2015-08-11T13:29:30.000000Z,0.7119140625,0.71142578125,2.0
2015-08-11T13:29:35.000000Z,0.7119140625,0.71142578125,1.0
2015-08-11T13:29:40.000000Z,0.7119140625,0.71142578125,1.0
2015-08-11T13:29:50.000000Z,0.7119140625,0.71142578125,1.0
2015-08-11T13:29:55.000000Z,0.7119140625,0.71142578125,2.0
2015-08-11T13:30:00.000000Z,0.7119140625,0.71142578125,2.0
2015-08-11T13:30:10.000000Z,0.7119140625,0.71142578125,2.0
2015-08-11T13:30:15.000000Z,0.7119140625,0.71142578125,1.0
2015-08-11T13:30:20.000000Z,0.71142578125,0.71142578125,5.0
2015-08-11T13:30:30.000000Z,0.7119140625,0.71142578125,2.0
2015-08-11T13:30:35.000000Z,0.71142578125,0.71142578125,4.0
2015-08-11T13:30:45.000000Z,0.71142578125,0.71142578125,2.0
2015-08-11T13:30:50.000000Z,0.71142578125,0.71142578125,1.0
2015-08-11T13:30:55.000000Z,0.71142578125,0.71142578125,2.0
2015-08-11T13:31:00.000000Z,0.71142578125,0.71142578125,3.0
2015-08-11T13:31:05.000000Z,0.71142578125,0.71142578125,3.0
2015-08-11T13:31:10.000000Z,0.71142578125,0.71142578125,7.0
2015-08-11T13:31:15.000000Z,0.71142578125,0.71142578125,2.0
2015-08-11T13:31:20.000000Z,0.71142578125,0.71142578125,1.0
2015-08-11T13:31:25.000000Z,0.71142578125,0.71142578125,5.0
2015-08-11T13:31:30.000000Z,0.71142578125,0.71142578125,2.0
2015-08-11T13:31:35.000000Z,0.71142578125,0.71142578125,2.0
2015-08-11T13:31:40.000000Z,0.71142578125,0.71142578125,1.0
2015-08-11T13:31:45.000000Z,0.71142578125,0.71142578125,1.0
2015-08-11T13:31:50.000000Z,0.71142578125,0.71142578125,1.0
2015-08-11T13:31:55.000000Z,0.71142578125,0.71142578125,2.0
2015-08-11T13:32:00.000000Z,0.71142578125,0.71142578125,1.0
2015-08-11T13:32:05.000000Z,0.71142578125,0.71142578125,3.0
2015-08-11T13:32:10.000000Z,0.71142578125,0.71142578125,1.0
2015-08-11T13:32:15.000000Z,0.71142578125,0.71142578125,2.0
2015-08-11T13:32:20.000000Z,0.71142578125,0.71142578125,2.0
2015-08-11T13:32:25.000000Z,0.71142578125,0.71142578125,1.0
2015-08-11T13:32:30.000000Z,0.71142578125,0.71142578125,1.0
2015-08-11T13:32:35.000000Z,0.71142578125,0.71142578125,2.0
2015-08-11T13:33:00.000000Z,0.71142578125,0.71142578125,1.0
2015-08-11T13:33:05.000000Z,0.71142578125,0.71142578125,2.0
2015-08-11T13:33:15.000000Z,0.71142578125,0.71142578125,3.0
2015-08-11T13:33:20.000000Z,0.71142578125,0.71142578125,1.0
2015-08-11T13:33:30.000000Z,0.71142578125,0.71142578125,1.0
2015-08-11T13:33:35.000000Z,0.71142578125,0.71142578125,3.0
2015-08-11T13:33:40.000000Z,0.71142578125,0.71142578125,1.0
2015-08-11T13:33:45.000000Z,0.71142578125,0.71142578125,1.0
2015-08-11T13:33:50.000000Z,0.71142578125,0.71142578125,1.0
2015-08-11T13:34:00.000000Z,0.71142578125,0.71142578125,1.0
2015-08-11T13:34:05.000000Z,0.71142578125,0.71142578125,6.0
2015-08-11T13:34:10.000000Z,0.71142578125,0.71142578125,2.0
2015-08-11T13:34:15.000000Z,0.71142578125,0.71142578125,3.0
2015-08-11T13:34:20.000000Z,0.71142578125,0.71142578125,2.0
2015-08-11T13:34:25.000000Z,0.71142578125,0.71142578125,4.0
2015-08-11T13:34:30.000000Z,0.71142578125,0.71142578125,2.0
2015-08-11T13:34:35.000000Z,0.71142578125,0.71142578125,3.0
2015-08-11T13:34:40.000000Z,0.71142578125,0.71142578125,6.0
2015-08-11T13:34:55.000000Z,0.71142578125,0.7109375,2.0
2015-08-11T13:35:00.000000Z,0.71142578125,0.7109375,3.0
2015-08-11T13:35:05.000000Z,0.7109375,0.7109375,2.0
2015-08-11T13:35:10.000000Z,0.71142578125,0.7109375,1.0
2015-08-11T13:35:15.000000Z,0.71142578125,0.7109375,2.0
2015-08-11T13:35:20.000000Z,0.71142578125,0.7109375,2.0
2015-08-11T13:35:25.000000Z,0.71142578125,0.7109375,4.0
2015-08-11T13:35:30.000000Z,0.71142578125,0.7109375,3.0
2015-08-11T13:35:35.000000Z,0.71142578125,0.7109375,3.0
2015-08-11T13:35:40.000000Z,0.71142578125,0.7109375,1.0
2015-08-11T13:35:45.000000Z,0.7109375,0.7109375,5.0
2015-08-11T13:35:50.000000Z,0.7109375,0.7109375,1.0
2015-08-11T13:35:55.000000Z,0.7109375,0.7109375,2.0
2015-08-11T13:36:05.000000Z,0.7109375,0.7109375,2.0
2015-08-11T13:36:10.000000Z,0.7109375,0.7109375,2.0
2015-08-11T13:36:15.000000Z,0.7109375,0.7109375,2.0
2015-08-11T13:36:20.000000Z,0.7109375,0.7109375,2.0
2015-08-11T13:36:30.000000Z,0.7109375,0.7109375,3.0
2015-08-11T13:36:35.000000Z,0.7109375,0.7109375,4.0
2015-08-11T13:36:40.000000Z,0.7109375,0.7109375,4.0
2015-08-11T13:36:50.000000Z,0.7109375,0.7109375,3.0
2015-08-11T13:36:55.000000Z,0.7109375,0.7109375,1.0
2015-08-11T13:37:05.000000Z,0.7109375,0.7109375,1.0
2015-08-11T13:37:20.000000Z,0.7109375,0.7109375,3.0
2015-08-11T13:37:30.000000Z,0.7109375,0.7109375,3.0
2015-08-11T13:37:35.000000Z,0.7109375,0.7109375,1.0
2015-08-11T13:37:40.000000Z,0.7109375,0.7109375,1.0
2015-08-11T13:37:45.000000Z,0.7109375,0.7109375,1.0
2015-08-11T13:37:55.000000Z,0.7109375,0.7109375,1.0
2015-08-11T13:38:00.000000Z,0.7109375,0.7109375,4.0
2015-08-11T13:38:05.000000Z,0.7109375,0.7109375,4.0
2015-08-11T13:38:10.000000Z,0.7109375,0.7109375,2.0
2015-08-11T13:38:15.000000Z,0.7109375,0.7109375,2.0
2015-08-11T13:38:20.000000Z,0.7109375,0.7109375,1.0
2015-08-11T13:38:25.000000Z,0.7109375,0.7109375,2.0
2015-08-11T13:38:30.000000Z,0.7109375,0.7109375,2.0
2015-08-11T13:38:35.000000Z,0.7109375,0.7109375,1.0
2015-08-11T13:38:45.000000Z,0.7109375,0.7109375,4.0
2015-08-11T13:38:50.000000Z,0.7109375,0.7109375,2.0
2015-08-11T13:38:55.000000Z,0.7109375,0.7109375,1.0
2015-08-11T13:39:00.000000Z,0.7109375,0.7109375,3.0
2015-08-11T13:39:05.000000Z,0.7109375,0.71044921875,4.0
2015-08-11T13:39:10.000000Z,0.7109375,0.71044921875,4.0
2015-08-11T13:39:15.000000Z,0.7109375,0.71044921875,10.0
2015-08-11T13:39:35.000000Z,0.7109375,0.71044921875,1.0
2015-08-11T13:39:40.000000Z,0.7109375,0.71044921875,2.0
2015-08-11T13:39:50.000000Z,0.7109375,0.71044921875,2.0
2015-08-11T13:39:55.000000Z,0.7109375,0.71044921875,1.0
2015-08-11T13:40:05.000000Z,0.7109375,0.71044921875,1.0
2015-08-11T13:40:10.000000Z,0.7109375,0.7109375,2.0
2015-08-11T13:40:15.000000Z,0.7109375,0.7109375,1.0
2015-08-11T13:40:25.000000Z,0.7109375,0.71044921875,5.0
2015-08-11T13:40:30.000000Z,0.7109375,0.7109375,3.0
2015-08-11T13:40:35.000000Z,0.7109375,0.7109375,4.0
2015-08-11T13:40:40.000000Z,0.7109375,0.7109375,7.0
2015-08-11T13:40:45.000000Z,0.7109375,0.7109375,2.0
2015-08-11T13:40:50.000000Z,0.7109375,0.7109375,8.0
2015-08-11T13:40:55.000000Z,0.7109375,0.7109375,3.0
2015-08-11T13:41:00.000000Z,0.7109375,0.7109375,3.0
2015-08-11T13:41:05.000000Z,0.7109375,0.71044921875,5.0
2015-08-11T13:41:10.000000Z,0.7109375,0.71044921875,2.0
2015-08-11T13:41:15.000000Z,0.7109375,0.71044921875,3.0
2015-08-11T13:41:20.000000Z,0.7109375,0.71044921875,1.0
2015-08-11T13:41:25.000000Z,0.7109375,0.71044921875,1.0
2015-08-11T13:41:30.000000Z,0.7109375,0.71044921875,2.0
2015-08-11T13:41:35.000000Z,0.71044921875,0.71044921875,9.0
2015-08-11T13:41:40.000000Z,0.71044921875,0.71044921875,3.0
2015-08-11T13:41:45.000000Z,0.71044921875,0.71044921875,3.0
2015-08-11T13:41:50.000000Z,0.71044921875,0.71044921875,3.0
2015-08-11T13:41:55.000000Z,0.71044921875,0.71044921875,1.0
2015-08-11T13:42:00.000000Z,0.71044921875,0.71044921875,2.0
2015-08-11T13:42:05.000000Z,0.71044921875,0.71044921875,1.0
2015-08-11T13:42:10.000000Z,0.71044921875,0.71044921875,3.0
2015-08-11T13:42:15.000000Z,0.71044921875,0.71044921875,3.0
2015-08-11T13:42:20.000000Z,0.71044921875,0.71044921875,2.0
2015-08-11T13:42:25.000000Z,0.71044921875,0.71044921875,2.0
2015-08-11T13:42:30.000000Z,0.71044921875,0.71044921875,1.0
2015-08-11T13:42:35.000000Z,0.71044921875,0.71044921875,1.0
2015-08-11T13:42:40.000000Z,0.71044921875,0.71044921875,2.0
2015-08-11T13:42:50.000000Z,0.71044921875,0.71044921875,2.0
2015-08-11T13:42:55.000000Z,0.71044921875,0.71044921875,1.0
2015-08-11T13:43:05.000000Z,0.71044921875,0.71044921875,1.0
2015-08-11T13:43:10.000000Z,0.71044921875,0.71044921875,1.0
2015-08-11T13:43:15.000000Z,0.71044921875,0.71044921875,2.0
2015-08-11T13:43:20.000000Z,0.71044921875,0.71044921875,3.0
2015-08-11T13:43:25.000000Z,0.71044921875,0.71044921875,1.0
2015-08-11T13:43:30.000000Z,0.71044921875,0.71044921875,1.0
2015-08-11T13:43:35.000000Z,0.71044921875,0.71044921875,1.0
2015-08-11T13:43:45.000000Z,0.71044921875,0.71044921875,4.0
2015-08-11T13:43:50.000000Z,0.71044921875,0.7099609375,2.0
2015-08-11T13:43:55.000000Z,0.71044921875,0.7099609375,1.0
2015-08-11T13:44:00.000000Z,0.71044921875,0.7099609375,1.0
2015-08-11T13:44:05.000000Z,0.71044921875,0.7099609375,2.0
2015-08-11T13:44:10.000000Z,0.71044921875,0.7099609375,2.0
2015-08-11T13:44:15.000000Z,0.71044921875,0.7099609375,1.0
2015-08-11T13:44:20.000000Z,0.7099609375,0.7099609375,7.0
2015-08-11T13:44:25.000000Z,0.7099609375,0.7099609375,5.0
2015-08-11T13:44:30.000000Z,0.7099609375,0.7099609375,2.0
2015-08-11T13:44:35.000000Z,0.7099609375,0.7099609375,5.0
2015-08-11T13:44:40.000000Z,0.7099609375,0.7099609375,5.0
2015-08-11T13:44:45.000000Z,0.7099609375,0.7099609375,7.0
2015-08-11T13:44:50.000000Z,0.7099609375,0.7099609375,5.0
2015-08-11T13:44:55.000000Z,0.7099609375,0.7099609375,1.0
2015-08-11T13:45:05.000000Z,0.7099609375,0.7099609375,5.0
2015-08-11T13:45:10.000000Z,0.7099609375,0.7099609375,2.0
2015-08-11T13:45:15.000000Z,0.7099609375,0.7099609375,1.0
2015-08-11T13:45:20.000000Z,0.7099609375,0.7099609375,1.0
2015-08-11T13:45:30.000000Z,0.7099609375,0.7099609375,2.0
2015-08-11T13:45:35.000000Z,0.7099609375,0.7099609375,2.0
2015-08-11T13:45:45.000000Z,0.71044921875,0.7099609375,3.0
2015-08-11T13:45:50.000000Z,0.7099609375,0.7099609375,5.0
2015-08-11T13:45:55.000000Z,0.7099609375,0.7099609375,2.0
2015-08-11T13:46:00.000000Z,0.7099609375,0.7099609375,1.0
2015-08-11T13:46:05.000000Z,0.7099609375,0.7099609375,3.0
2015-08-11T13:46:10.000000Z,0.7099609375,0.7099609375,4.0
2015-08-11T13:46:15.000000Z,0.7099609375,0.7099609375,3.0
2015-08-11T13:46:20.000000Z,0.7099609375,0.7099609375,1.0
2015-08-11T13:46:35.000000Z,0.7099609375,0.7099609375,4.0
2015-08-11T13:46:40.000000Z,0.7099609375,0.7099609375,1.0
2015-08-11T13:46:45.000000Z,0.7099609375,0.7099609375,1.0
2015-08-11T13:46:50.000000Z,0.7099609375,0.7099609375,1.0
2015-08-11T13:46:55.000000Z,0.7099609375,0.7099609375,1.0
2015-08-11T13:47:00.000000Z,0.71044921875,0.7099609375,4.0
2015-08-11T13:47:10.000000Z,0.71044921875,0.7099609375,1.0
2015-08-11T13:47:15.000000Z,0.7099609375,0.7099609375,2.0
2015-08-11T13:47:20.000000Z,0.71044921875,0.7099609375,1.0
2015-08-11T13:47:25.000000Z,0.7099609375,0.7099609375,2.0
2015-08-11T13:47:35.000000Z,0.7099609375,0.7099609375,3.0
2015-08-11T13:47:40.000000Z,0.71044921875,0.7099609375,5.0
2015-08-11T13:47:45.000000Z,0.71044921875,0.7099609375,5.0
2015-08-11T13:47:50.000000Z,0.7099609375,0.7099609375,3.0
2015-08-11T13:48:00.000000Z,0.7099609375,0.7099609375,2.0
2015-08-11T13:48:05.000000Z,0.7099609375,0.7099609375,2.0
2015-08-11T13:48:10.000000Z,0.71044921875,0.7099609375,5.0
2015-08-11T13:48:15.000000Z,0.7099609375,0.7099609375,1.0
2015-08-11T13:48:20.000000Z,0.7099609375,0.7099609375,3.0
2015-08-11T13:48:25.000000Z,0.7099609375,0.7099609375,2.0
2015-08-11T13:48:30.000000Z,0.7099609375,0.7099609375,1.0
2015-08-11T13:48:35.000000Z,0.7099609375,0.7099609375,3.0
2015-08-11T13:48:40.000000Z,0.7099609375,0.7099609375,2.0
2015-08-11T13:48:50.000000Z,0.7099609375,0.7099609375,3.0
2015-08-11T13:49:00.000000Z,0.7099609375,0.7099609375,3.0
2015-08-11T13:49:05.000000Z,0.7099609375,0.7099609375,1.0
2015-08-11T13:49:10.000000Z,0.7099609375,0.7099609375,2.0
2015-08-11T13:49:15.000000Z,0.71044921875,0.7099609375,3.0
2015-08-11T13:49:20.000000Z,0.7099609375,0.7099609375,3.0
2015-08-11T13:49:25.000000Z,0.71044921875,0.7099609375,3.0
2015-08-11T13:49:30.000000Z,0.7099609375,0.7099609375,1.0
2015-08-11T13:49:35.000000Z,0.7099609375,0.7099609375,2.0
2015-08-11T13:49:40.000000Z,0.71044921875,0.7099609375,2.0
2015-08-11T13:49:45.000000Z,0.7099609375,0.7099609375,1.0
2015-08-11T13:49:50.000000Z,0.7099609375,0.7099609375,1.0
2015-08-11T13:50:00.000000Z,0.7099609375,0.7099609375,5.0
2015-08-11T13:50:05.000000Z,0.7099609375,0.7099609375,1.0
2015-08-11T13:50:10.000000Z,0.7099609375,0.7099609375,1.0
2015-08-11T13:50:15.000000Z,0.7099609375,0.7099609375,1.0
2015-08-11T13:50:20.000000Z,0.7099609375,0.7099609375,1.0
2015-08-11T13:50:30.000000Z,0.7099609375,0.7099609375,3.0
2015-08-11T13:50:35.000000Z,0.7099609375,0.7099609375,2.0
2015-08-11T13:50:45.000000Z,0.7099609375,0.7099609375,4.0
2015-08-11T13:50:55.000000Z,0.7099609375,0.7099609375,2.0
2015-08-11T13:51:00.000000Z,0.7099609375,0.7099609375,1.0
2015-08-11T13:51:05.000000Z,0.7099609375,0.7099609375,1.0
2015-08-11T13:51:10.000000Z,0.7099609375,0.7099609375,1.0
2015-08-11T13:51:15.000000Z,0.7099609375,0.7099609375,1.0
2015-08-11T13:51:20.000000Z,0.7099609375,0.7099609375,1.0
2015-08-11T13:51:30.000000Z,0.7099609375,0.7099609375,2.0
2015-08-11T13:51:35.000000Z,0.7099609375,0.7099609375,1.0
2015-08-11T13:51:40.000000Z,0.7099609375,0.7099609375,1.0
2015-08-11T13:51:45.000000Z,0.7099609375,0.7099609375,1.0
2015-08-11T13:51:50.000000Z,0.7099609375,0.7099609375,1.0
2015-08-11T13:52:05.000000Z,0.7099609375,0.7099609375,1.0
2015-08-11T13:52:10.000000Z,0.7099609375,0.7099609375,2.0
2015-08-11T13:52:25.000000Z,0.7099609375,0.7099609375,2.0
2015-08-11T13:52:35.000000Z,0.7099609375,0.7099609375,1.0
2015-08-11T13:52:40.000000Z,0.7099609375,0.7099609375,1.0
2015-08-11T13:52:55.000000Z,0.7099609375,0.7099609375,1.0
2015-08-11T13:53:10.000000Z,0.7099609375,0.7099609375,2.0
2015-08-11T13:53:15.000000Z,0.7099609375,0.7099609375,2.0
2015-08-11T13:53:25.000000Z,0.7099609375,0.7099609375,3.0
2015-08-11T13:53:35.000000Z,0.7099609375,0.7099609375,2.0
2015-08-11T13:53:55.000000Z,0.7099609375,0.7099609375,1.0
2015-08-11T13:54:05.000000Z,0.7099609375,0.7099609375,2.0
2015-08-11T13:54:25.000000Z,0.7099609375,0.7099609375,2.0
2015-08-11T13:54:30.000000Z,0.7099609375,0.7099609375,1.0
2015-08-11T13:54:40.000000Z,0.7099609375,0.7099609375,2.0
2015-08-11T13:54:45.000000Z,0.7099609375,0.7099609375,1.0
2015-08-11T13:54:50.000000Z,0.7099609375,0.7099609375,1.0
2015-08-11T13:54:55.000000Z,0.7099609375,0.7099609375,1.0
2015-08-11T13:55:00.000000Z,0.7099609375,0.7099609375,2.0
2015-08-11T13:55:10.000000Z,0.7099609375,0.7099609375,1.0
2015-08-11T13:55:25.000000Z,0.7099609375,0.7099609375,1.0
2015-08-11T13:55:35.000000Z,0.7099609375,0.7099609375,1.0
2015-08-11T13:55:55.000000Z,0.7099609375,0.7099609375,1.0
2015-08-11T13:56:00.000000Z,0.7099609375,0.7099609375,1.0
2015-08-11T13:56:05.000000Z,0.7099609375,0.7099609375,1.0
2015-08-11T13:56:10.000000Z,0.7099609375,0.7099609375,2.0
2015-08-11T13:56:35.000000Z,0.7099609375,0.7099609375,2.0
2015-08-11T13:56:40.000000Z,0.7099609375,0.7099609375,1.0
2015-08-11T13:57:15.000000Z,0.7099609375,0.7099609375,1.0
2015-08-11T13:57:20.000000Z,0.7099609375,0.7099609375,2.0
2015-08-11T13:57:25.000000Z,0.7099609375,0.7099609375,1.0
2015-08-11T13:57:30.000000Z,0.7099609375,0.7099609375,5.0
2015-08-11T13:57:35.000000Z,0.7099609375,0.7099609375,4.0
2015-08-11T13:57:50.000000Z,0.7099609375,0.7099609375,1.0
2015-08-11T13:57:55.000000Z,0.7099609375,0.7099609375,3.0
2015-08-11T13:58:05.000000Z,0.7099609375,0.7099609375,1.0
2015-08-11T13:58:20.000000Z,0.7099609375,0.7099609375,1.0
2015-08-11T13:58:30.000000Z,0.7099609375,0.7099609375,1.0
2015-08-11T13:58:40.000000Z,0.7099609375,0.7099609375,1.0
2015-08-11T13:58:45.000000Z,0.7099609375,0.7099609375,1.0
2015-08-11T13:58:55.000000Z,0.7099609375,0.7099609375,1.0
2015-08-11T13:59:00.000000Z,0.7099609375,0.7099609375,3.0
2015-08-11T13:59:15.000000Z,0.7099609375,0.7099609375,2.0
2015-08-11T13:59:25.000000Z,0.7099609375,0.7099609375,1.0
2015-08-11T13:59:30.000000Z,0.7099609375,0.7099609375,2.0
2015-08-11T13:59:35.000000Z,0.7099609375,0.7099609375,1.0
2015-08-11T13:59:45.000000Z,0.7099609375,0.7099609375,1.0
2015-08-11T13:59:50.000000Z,0.7099609375,0.7099609375,2.0
2015-08-11T14:00:00.000000Z,0.7099609375,0.7099609375,3.0
2015-08-11T14:00:05.000000Z,0.7099609375,0.7099609375,2.0
2015-08-11T14:00:15.000000Z,0.7099609375,0.7099609375,1.0
2015-08-11T14:00:20.000000Z,0.7099609375,0.7099609375,1.0
2015-08-11T14:00:25.000000Z,0.7099609375,0.7099609375,1.0
2015-08-11T14:00:30.000000Z,0.7099609375,0.7099609375,1.0
2015-08-11T14:00:45.000000Z,0.7099609375,0.7099609375,3.0
2015-08-11T14:00:50.000000Z,0.71044921875,0.7099609375,4.0
2015-08-11T14:00:55.000000Z,0.71044921875,0.7099609375,1.0
2015-08-11T14:01:00.000000Z,0.7099609375,0.7099609375,2.0
2015-08-11T14:01:10.000000Z,0.7099609375,0.7099609375,3.0
2015-08-11T14:01:15.000000Z,0.7099609375,0.7099609375,4.0
2015-08-11T14:01:20.000000Z,0.7099609375,0.7099609375,1.0
2015-08-11T14:01:25.000000Z,0.7099609375,0.7099609375,1.0
2015-08-11T14:01:30.000000Z,0.7099609375,0.7099609375,1.0
2015-08-11T14:01:40.000000Z,0.7099609375,0.7099609375,1.0
2015-08-11T14:01:45.000000Z,0.7099609375,0.7099609375,1.0
2015-08-11T14:01:50.000000Z,0.7099609375,0.7099609375,1.0
2015-08-11T14:01:55.000000Z,0.7099609375,0.7099609375,1.0
2015-08-11T14:02:00.000000Z,0.7099609375,0.7099609375,1.0
2015-08-11T14:02:05.000000Z,0.7099609375,0.7099609375,2.0
2015-08-11T14:02:10.000000Z,0.7099609375,0.7099609375,2.0
2015-08-11T14:02:15.000000Z,0.7099609375,0.7099609375,2.0
2015-08-11T14:02:25.000000Z,0.7099609375,0.7099609375,1.0
2015-08-11T14:02:35.000000Z,0.7099609375,0.7099609375,3.0
2015-08-11T14:02:40.000000Z,0.7099609375,0.7099609375,1.0
2015-08-11T14:02:45.000000Z,0.7099609375,0.7099609375,1.0
2015-08-11T14:02:50.000000Z,0.7099609375,0.7099609375,2.0
2015-08-11T14:03:00.000000Z,0.7099609375,0.7099609375,4.0
2015-08-11T14:03:05.000000Z,0.7099609375,0.7099609375,1.0
2015-08-11T14:03:10.000000Z,0.7099609375,0.7099609375,1.0
2015-08-11T14:03:20.000000Z,0.7099609375,0.7099609375,1.0
2015-08-11T14:03:25.000000Z,0.7099609375,0.7099609375,3.0
2015-08-11T14:03:30.000000Z,0.7099609375,0.7099609375,1.0
2015-08-11T14:03:35.000000Z,0.7099609375,0.7099609375,1.0
2015-08-11T14:03:40.000000Z,0.7099609375,0.7099609375,2.0
2015-08-11T14:03:45.000000Z,0.7099609375,0.7099609375,1.0
2015-08-11T14:03:50.000000Z,0.7099609375,0.7099609375,5.0
2015-08-11T14:03:55.000000Z,0.7099609375,0.7099609375,3.0
2015-08-11T14:04:00.000000Z,0.7099609375,0.7099609375,2.0
2015-08-11T14:04:05.000000Z,0.7099609375,0.7099609375,2.0
2015-08-11T14:04:10.000000Z,0.7099609375,0.7099609375,2.0
2015-08-11T14:04:15.000000Z,0.7099609375,0.7099609375,3.0
2015-08-11T14:04:20.000000Z,0.7099609375,0.7099609375,1.0
2015-08-11T14:04:25.000000Z,0.7099609375,0.7099609375,4.0
2015-08-11T14:04:35.000000Z,0.7099609375,0.7099609375,1.0
2015-08-11T14:04:45.000000Z,0.7099609375,0.7099609375,1.0
2015-08-11T14:05:05.000000Z,0.7099609375,0.7099609375,2.0
2015-08-11T14:05:20.000000Z,0.7099609375,0.7099609375,2.0
2015-08-11T14:05:25.000000Z,0.7099609375,0.7099609375,2.0
2015-08-11T14:05:30.000000Z,0.7099609375,0.7099609375,1.0
2015-08-11T14:05:55.000000Z,0.7099609375,0.7099609375,2.0
2015-08-11T14:06:05.000000Z,0.7099609375,0.7099609375,1.0
2015-08-11T14:06:10.000000Z,0.7099609375,0.7099609375,3.0
2015-08-11T14:06:25.000000Z,0.7099609375,0.7099609375,2.0
2015-08-11T14:06:35.000000Z,0.7099609375,0.7099609375,2.0
2015-08-11T14:06:45.000000Z,0.7099609375,0.7099609375,1.0
2015-08-11T14:06:50.000000Z,0.7099609375,0.7099609375,1.0
2015-08-11T14:07:00.000000Z,0.7099609375,0.7099609375,1.0
2015-08-11T14:07:10.000000Z,0.7099609375,0.7099609375,2.0
2015-08-11T14:07:15.000000Z,0.7099609375,0.7099609375,2.0
2015-08-11T14:07:25.000000Z,0.7099609375,0.7099609375,1.0
2015-08-11T14:07:30.000000Z,0.7099609375,0.7099609375,1.0
2015-08-11T14:07:35.000000Z,0.7099609375,0.7099609375,1.0
2015-08-11T14:07:40.000000Z,0.7099609375,0.7099609375,1.0
2015-08-11T14:07:45.000000Z,0.7099609375,0.7099609375,2.0
2015-08-11T14:07:55.000000Z,0.7099609375,0.7099609375,1.0
2015-08-11T14:08:00.000000Z,0.7099609375,0.7099609375,1.0
2015-08-11T14:08:05.000000Z,0.7099609375,0.7099609375,5.0
2015-08-11T14:08:10.000000Z,0.7099609375,0.7099609375,2.0
2015-08-11T14:08:15.000000Z,0.7099609375,0.7099609375,2.0
2015-08-11T14:08:20.000000Z,0.7099609375,0.7099609375,1.0
2015-08-11T14:08:25.000000Z,0.7099609375,0.7099609375,2.0
2015-08-11T14:08:30.000000Z,0.7099609375,0.7099609375,2.0
2015-08-11T14:08:40.000000Z,0.7099609375,0.7099609375,1.0
2015-08-11T14:08:45.000000Z,0.7099609375,0.7099609375,1.0
2015-08-11T14:08:55.000000Z,0.7099609375,0.7099609375,2.0
2015-08-11T14:09:00.000000Z,0.7099609375,0.7099609375,1.0
2015-08-11T14:09:15.000000Z,0.7099609375,0.7099609375,1.0
2015-08-11T14:09:20.000000Z,0.7099609375,0.7099609375,2.0
2015-08-11T14:09:25.000000Z,0.7099609375,0.7099609375,1.0
2015-08-11T14:09:30.000000Z,0.7099609375,0.7099609375,1.0
2015-08-11T14:09:35.000000Z,0.7099609375,0.7099609375,2.0
2015-08-11T14:09:40.000000Z,0.7099609375,0.7099609375,1.0
2015-08-11T14:09:50.000000Z,0.7099609375,0.7099609375,2.0
2015-08-11T14:10:00.000000Z,0.7099609375,0.7099609375,1.0
2015-08-11T14:10:05.000000Z,0.7099609375,0.7099609375,2.0
2015-08-11T14:10:10.000000Z,0.7099609375,0.7099609375,3.0
2015-08-11T14:10:15.000000Z,0.7099609375,0.7099609375,1.0
2015-08-11T14:10:20.000000Z,0.7099609375,0.7099609375,1.0
2015-08-11T14:10:25.000000Z,0.7099609375,0.7099609375,6.0
2015-08-11T14:10:35.000000Z,0.7099609375,0.7099609375,1.0
2015-08-11T14:10:45.000000Z,0.7099609375,0.7099609375,1.0
2015-08-11T14:10:50.000000Z,0.7099609375,0.7099609375,3.0
2015-08-11T14:10:55.000000Z,0.7099609375,0.7099609375,1.0
2015-08-11T14:11:00.000000Z,0.7099609375,0.7099609375,4.0
2015-08-11T14:11:05.000000Z,0.7099609375,0.7099609375,6.0
2015-08-11T14:11:10.000000Z,0.71044921875,0.7099609375,3.0
2015-08-11T14:11:15.000000Z,0.71044921875,0.7099609375,4.0
2015-08-11T14:11:20.000000Z,0.71044921875,0.7099609375,3.0
2015-08-11T14:11:25.000000Z,0.7099609375,0.7099609375,1.0
2015-08-11T14:11:30.000000Z,0.71044921875,0.7099609375,5.0
2015-08-11T14:11:35.000000Z,0.71044921875,0.7099609375,1.0
2015-08-11T14:11:40.000000Z,0.71044921875,0.7099609375,5.0
2015-08-11T14:11:45.000000Z,0.71044921875,0.7099609375,3.0
2015-08-11T14:11:55.000000Z,0.71044921875,0.71044921875,2.0
2015-08-11T14:12:15.000000Z,0.71044921875,0.7099609375,2.0
2015-08-11T14:12:20.000000Z,0.71044921875,0.7099609375,1.0
2015-08-11T14:12:25.000000Z,0.71044921875,0.7099609375,5.0
2015-08-11T14:12:30.000000Z,0.71044921875,0.71044921875,3.0
2015-08-11T14:12:35.000000Z,0.71044921875,0.7099609375,3.0
2015-08-11T14:12:40.000000Z,0.71044921875,0.71044921875,8.0
2015-08-11T14:12:45.000000Z,0.71044921875,0.71044921875,6.0
2015-08-11T14:12:50.000000Z,0.71044921875,0.7099609375,2.0
2015-08-11T14:12:55.000000Z,0.71044921875,0.71044921875,1.0
2015-08-11T14:13:00.000000Z,0.71044921875,0.71044921875,2.0
2015-08-11T14:13:05.000000Z,0.71044921875,0.71044921875,5.0
2015-08-11T14:13:10.000000Z,0.71044921875,0.71044921875,3.0
2015-08-11T14:13:15.000000Z,0.71044921875,0.71044921875,2.0
2015-08-11T14:13:20.000000Z,0.71044921875,0.71044921875,2.0
2015-08-11T14:13:25.000000Z,0.71044921875,0.71044921875,1.0
2015-08-11T14:13:30.000000Z,0.71044921875,0.7099609375,2.0
2015-08-11T14:13:35.000000Z,0.71044921875,0.7099609375,3.0
2015-08-11T14:13:40.000000Z,0.71044921875,0.7099609375,4.0
2015-08-11T14:13:45.000000Z,0.71044921875,0.7099609375,1.0
2015-08-11T14:13:50.000000Z,0.71044921875,0.7099609375,4.0
2015-08-11T14:14:00.000000Z,0.7099609375,0.7099609375,1.0
2015-08-11T14:14:05.000000Z,0.71044921875,0.7099609375,3.0
2015-08-11T14:14:15.000000Z,0.71044921875,0.7099609375,2.0
2015-08-11T14:14:30.000000Z,0.71044921875,0.7099609375,2.0
2015-08-11T14:14:50.000000Z,0.71044921875,0.7099609375,1.0
2015-08-11T14:14:55.000000Z,0.71044921875,0.7099609375,1.0
2015-08-11T14:15:00.000000Z,0.71044921875,0.7099609375,2.0
2015-08-11T14:15:05.000000Z,0.71044921875,0.7099609375,3.0
2015-08-11T14:15:20.000000Z,0.71044921875,0.7099609375,2.0
2015-08-11T14:15:25.000000Z,0.71044921875,0.7099609375,4.0
2015-08-11T14:15:30.000000Z,0.71044921875,0.7099609375,2.0
2015-08-11T14:15:35.000000Z,0.71044921875,0.7099609375,1.0
2015-08-11T14:15:40.000000Z,0.71044921875,0.7099609375,2.0
2015-08-11T14:15:45.000000Z,0.71044921875,0.7099609375,1.0
2015-08-11T14:15:50.000000Z,0.71044921875,0.7099609375,4.0
2015-08-11T14:15:55.000000Z,0.71044921875,0.7099609375,1.0
2015-08-11T14:16:00.000000Z,0.71044921875,0.7099609375,3.0
2015-08-11T14:16:05.000000Z,0.71044921875,0.7099609375,6.0
2015-08-11T14:16:10.000000Z,0.7099609375,0.7099609375,2.0
2015-08-11T14:16:15.000000Z,0.71044921875,0.7099609375,2.0
2015-08-11T14:16:30.000000Z,0.71044921875,0.7099609375,3.0
2015-08-11T14:16:35.000000Z,0.71044921875,0.7099609375,1.0
2015-08-11T14:16:40.000000Z,0.71044921875,0.7099609375,2.0
2015-08-11T14:17:05.000000Z,0.71044921875,0.7099609375,2.0
2015-08-11T14:17:20.000000Z,0.71044921875,0.7099609375,2.0
2015-08-11T14:17:25.000000Z,0.71044921875,0.7099609375,1.0
2015-08-11T14:17:30.000000Z,0.71044921875,0.7099609375,1.0
2015-08-11T14:17:35.000000Z,0.71044921875,0.7099609375,1.0
2015-08-11T14:17:40.000000Z,0.71044921875,0.7099609375,1.0
2015-08-11T14:17:45.000000Z,0.71044921875,0.71044921875,2.0
2015-08-11T14:18:00.000000Z,0.71044921875,0.71044921875,2.0
2015-08-11T14:18:05.000000Z,0.71044921875,0.71044921875,3.0
2015-08-11T14:18:10.000000Z,0.71044921875,0.7099609375,3.0
2015-08-11T14:18:15.000000Z,0.71044921875,0.71044921875,5.0
2015-08-11T14:18:30.000000Z,0.71044921875,0.71044921875,1.0
2015-08-11T14:18:40.000000Z,0.71044921875,0.71044921875,2.0
2015-08-11T14:18:50.000000Z,0.71044921875,0.7099609375,3.0
2015-08-11T14:18:55.000000Z,0.71044921875,0.7099609375,3.0
2015-08-11T14:19:00.000000Z,0.71044921875,0.7099609375,1.0
2015-08-11T14:19:05.000000Z,0.71044921875,0.7099609375,2.0
2015-08-11T14:19:10.000000Z,0.71044921875,0.7099609375,1.0
2015-08-11T14:19:15.000000Z,0.71044921875,0.7099609375,1.0
2015-08-11T14:19:20.000000Z,0.71044921875,0.7099609375,1.0
2015-08-11T14:19:25.000000Z,0.71044921875,0.7099609375,2.0
2015-08-11T14:19:30.000000Z,0.71044921875,0.7099609375,3.0
2015-08-11T14:19:35.000000Z,0.71044921875,0.7099609375,1.0
2015-08-11T14:19:40.000000Z,0.71044921875,0.7099609375,3.0
2015-08-11T14:19:45.000000Z,0.71044921875,0.7099609375,3.0
2015-08-11T14:19:50.000000Z,0.71044921875,0.7099609375,1.0
2015-08-11T14:19:55.000000Z,0.7099609375,0.7099609375,2.0
2015-08-11T14:20:00.000000Z,0.7099609375,0.7099609375,1.0
2015-08-11T14:20:05.000000Z,0.7099609375,0.7099609375,1.0
2015-08-11T14:20:10.000000Z,0.7099609375,0.7099609375,1.0
2015-08-11T14:20:15.000000Z,0.7099609375,0.7099609375,1.0
2015-08-11T14:20:25.000000Z,0.7099609375,0.7099609375,2.0
2015-08-11T14:20:30.000000Z,0.7099609375,0.7099609375,5.0
2015-08-11T14:20:35.000000Z,0.7099609375,0.7099609375,4.0
2015-08-11T14:20:40.000000Z,0.7099609375,0.7099609375,3.0
2015-08-11T14:20:45.000000Z,0.7099609375,0.7099609375,2.0
2015-08-11T14:20:50.000000Z,0.7099609375,0.7099609375,4.0
2015-08-11T14:20:55.000000Z,0.7099609375,0.7099609375,2.0
2015-08-11T14:21:00.000000Z,0.7099609375,0.7099609375,6.0
2015-08-11T14:21:05.000000Z,0.7099609375,0.7099609375,3.0
2015-08-11T14:21:15.000000Z,0.7099609375,0.7099609375,1.0
2015-08-11T14:21:20.000000Z,0.7099609375,0.7099609375,2.0
2015-08-11T14:21:25.000000Z,0.7099609375,0.7099609375,8.0
2015-08-11T14:21:30.000000Z,0.7099609375,0.7099609375,9.0
2015-08-11T14:21:35.000000Z,0.7099609375,0.70947265625,4.0
2015-08-11T14:21:40.000000Z,0.7099609375,0.70947265625,5.0
2015-08-11T14:21:45.000000Z,0.7099609375,0.70947265625,3.0
2015-08-11T14:21:50.000000Z,0.70947265625,0.70947265625,4.0
2015-08-11T14:21:55.000000Z,0.70947265625,0.70947265625,5.0
2015-08-11T14:22:00.000000Z,0.70947265625,0.70947265625,2.0
2015-08-11T14:22:10.000000Z,0.7099609375,0.70947265625,1.0
2015-08-11T14:22:15.000000Z,0.70947265625,0.70947265625,3.0
2015-08-11T14:22:20.000000Z,0.7099609375,0.70947265625,4.0
2015-08-11T14:22:25.000000Z,0.7099609375,0.7099609375,4.0
2015-08-11T14:22:30.000000Z,0.7099609375,0.7099609375,5.0
2015-08-11T14:22:35.000000Z,0.7099609375,0.70947265625,1.0
2015-08-11T14:22:40.000000Z,0.7099609375,0.70947265625,7.0
2015-08-11T14:22:45.000000Z,0.7099609375,0.70947265625,3.0
2015-08-11T14:22:55.000000Z,0.7099609375,0.70947265625,3.0
2015-08-11T14:23:00.000000Z,0.70947265625,0.70947265625,5.0
2015-08-11T14:23:05.000000Z,0.7099609375,0.70947265625,3.0
2015-08-11T14:23:10.000000Z,0.7099609375,0.70947265625,4.0
2015-08-11T14:23:15.000000Z,0.7099609375,0.70947265625,4.0
2015-08-11T14:23:20.000000Z,0.7099609375,0.70947265625,5.0
2015-08-11T14:23:25.000000Z,0.7099609375,0.70947265625,2.0
2015-08-11T14:23:30.000000Z,0.7099609375,0.70947265625,5.0
2015-08-11T14:23:35.000000Z,0.7099609375,0.70947265625,1.0
2015-08-11T14:23:40.000000Z,0.7099609375,0.70947265625,1.0
2015-08-11T14:23:45.000000Z,0.70947265625,0.70947265625,6.0
2015-08-11T14:23:50.000000Z,0.70947265625,0.70947265625,7.0
2015-08-11T14:23:55.000000Z,0.70947265625,0.708984375,18.0
2015-08-11T14:24:00.000000Z,0.70947265625,0.70947265625,9.0
2015-08-11T14:24:05.000000Z,0.70947265625,0.708984375,6.0
2015-08-11T14:24:10.000000Z,0.70947265625,0.708984375,11.0
2015-08-11T14:24:15.000000Z,0.70947265625,0.708984375,3.0
2015-08-11T14:24:20.000000Z,0.70947265625,0.708984375,8.0
2015-08-11T14:24:25.000000Z,0.70947265625,0.70947265625,2.0
2015-08-11T14:24:30.000000Z,0.70947265625,0.70947265625,3.0
2015-08-11T14:24:35.000000Z,0.70947265625,0.70947265625,3.0
2015-08-11T14:24:40.000000Z,0.70947265625,0.70947265625,3.0
2015-08-11T14:24:45.000000Z,0.70947265625,0.70947265625,3.0
2015-08-11T14:24:55.000000Z,0.70947265625,0.70947265625,7.0
2015-08-11T14:25:00.000000Z,0.70947265625,0.70947265625,13.0
2015-08-11T14:25:05.000000Z,0.70947265625,0.708984375,2.0
2015-08-11T14:25:10.000000Z,0.70947265625,0.70947265625,3.0
2015-08-11T14:25:15.000000Z,0.70947265625,0.708984375,3.0
2015-08-11T14:25:20.000000Z,0.70947265625,0.708984375,1.0
2015-08-11T14:25:25.000000Z,0.70947265625,0.708984375,3.0
2015-08-11T14:25:30.000000Z,0.70947265625,0.708984375,3.0
2015-08-11T14:25:40.000000Z,0.70947265625,0.708984375,1.0
2015-08-11T14:25:45.000000Z,0.708984375,0.708984375,1.0
2015-08-11T14:25:50.000000Z,0.708984375,0.708984375,3.0
2015-08-11T14:25:55.000000Z,0.70947265625,0.708984375,5.0
2015-08-11T14:26:00.000000Z,0.70947265625,0.708984375,1.0
2015-08-11T14:26:05.000000Z,0.70947265625,0.708984375,1.0
2015-08-11T14:26:30.000000Z,0.70947265625,0.708984375,3.0
2015-08-11T14:26:35.000000Z,0.70947265625,0.708984375,1.0
2015-08-11T14:26:45.000000Z,0.70947265625,0.70947265625,1.0
2015-08-11T14:26:50.000000Z,0.70947265625,0.708984375,2.0
2015-08-11T14:27:00.000000Z,0.70947265625,0.70947265625,1.0
2015-08-11T14:27:05.000000Z,0.70947265625,0.70947265625,1.0
2015-08-11T14:27:15.000000Z,0.70947265625,0.70947265625,2.0
2015-08-11T14:27:20.000000Z,0.70947265625,0.70947265625,4.0
2015-08-11T14:27:25.000000Z,0.70947265625,0.70947265625,3.0
2015-08-11T14:27:30.000000Z,0.70947265625,0.70947265625,2.0
2015-08-11T14:27:35.000000Z,0.70947265625,0.70947265625,3.0
2015-08-11T14:27:40.000000Z,0.70947265625,0.70947265625,1.0
2015-08-11T14:27:45.000000Z,0.70947265625,0.70947265625,3.0
2015-08-11T14:27:50.000000Z,0.70947265625,0.70947265625,1.0
2015-08-11T14:27:55.000000Z,0.70947265625,0.70947265625,1.0
2015-08-11T14:28:00.000000Z,0.70947265625,0.70947265625,2.0
2015-08-11T14:28:10.000000Z,0.70947265625,0.70947265625,2.0
2015-08-11T14:28:20.000000Z,0.70947265625,0.70947265625,5.0
2015-08-11T14:28:25.000000Z,0.70947265625,0.70947265625,4.0
2015-08-11T14:28:30.000000Z,0.70947265625,0.70947265625,1.0
2015-08-11T14:28:35.000000Z,0.70947265625,0.70947265625,2.0
2015-08-11T14:28:50.000000Z,0.70947265625,0.70947265625,1.0
2015-08-11T14:29:00.000000Z,0.70947265625,0.70947265625,3.0
2015-08-11T14:29:05.000000Z,0.70947265625,0.70947265625,3.0
2015-08-11T14:29:10.000000Z,0.70947265625,0.70947265625,2.0
2015-08-11T14:29:20.000000Z,0.70947265625,0.70947265625,2.0
2015-08-11T14:29:25.000000Z,0.70947265625,0.70947265625,1.0
2015-08-11T14:29:30.000000Z,0.70947265625,0.70947265625,1.0
2015-08-11T14:29:40.000000Z,0.70947265625,0.70947265625,5.0
2015-08-11T14:29:45.000000Z,0.70947265625,0.70947265625,3.0
2015-08-11T14:29:55.000000Z,0.70947265625,0.70947265625,1.0
2015-08-11T14:30:00.000000Z,0.70947265625,0.70947265625,2.0
2015-08-11T14:30:05.000000Z,0.70947265625,0.70947265625,3.0
2015-08-11T14:30:10.000000Z,0.70947265625,0.70947265625,3.0
2015-08-11T14:30:25.000000Z,0.70947265625,0.70947265625,3.0
2015-08-11T14:30:30.000000Z,0.70947265625,0.70947265625,1.0
2015-08-11T14:30:35.000000Z,0.70947265625,0.70947265625,2.0
2015-08-11T14:30:45.000000Z,0.70947265625,0.70947265625,2.0
2015-08-11T14:30:50.000000Z,0.70947265625,0.70947265625,1.0
2015-08-11T14:31:00.000000Z,0.70947265625,0.70947265625,1.0
2015-08-11T14:31:05.000000Z,0.70947265625,0.70947265625,1.0
2015-08-11T14:31:10.000000Z,0.70947265625,0.70947265625,1.0
2015-08-11T14:31:15.000000Z,0.70947265625,0.70947265625,2.0
2015-08-11T14:31:30.000000Z,0.70947265625,0.70947265625,1.0
2015-08-11T14:31:35.000000Z,0.70947265625,0.70947265625,1.0
2015-08-11T14:31:40.000000Z,0.70947265625,0.708984375,2.0
2015-08-11T14:31:55.000000Z,0.70947265625,0.708984375,3.0
2015-08-11T14:32:00.000000Z,0.70947265625,0.708984375,3.0
2015-08-11T14:32:05.000000Z,0.70947265625,0.708984375,2.0
2015-08-11T14:32:10.000000Z,0.70947265625,0.708984375,2.0
2015-08-11T14:32:15.000000Z,0.70947265625,0.708984375,1.0
2015-08-11T14:32:20.000000Z,0.70947265625,0.70947265625,4.0
2015-08-11T14:32:25.000000Z,0.70947265625,0.70947265625,1.0
2015-08-11T14:32:30.000000Z,0.70947265625,0.70947265625,2.0
2015-08-11T14:32:35.000000Z,0.70947265625,0.70947265625,1.0
2015-08-11T14:32:40.000000Z,0.70947265625,0.70947265625,1.0
2015-08-11T14:32:50.000000Z,0.70947265625,0.70947265625,2.0
2015-08-11T14:32:55.000000Z,0.70947265625,0.70947265625,1.0
2015-08-11T14:33:00.000000Z,0.70947265625,0.70947265625,5.0
2015-08-11T14:33:05.000000Z,0.70947265625,0.70947265625,1.0
2015-08-11T14:33:10.000000Z,0.70947265625,0.70947265625,2.0
2015-08-11T14:33:15.000000Z,0.70947265625,0.70947265625,2.0
2015-08-11T14:33:25.000000Z,0.70947265625,0.70947265625,1.0
2015-08-11T14:33:35.000000Z,0.70947265625,0.70947265625,1.0
2015-08-11T14:33:40.000000Z,0.70947265625,0.70947265625,2.0
2015-08-11T14:33:45.000000Z,0.70947265625,0.70947265625,1.0
2015-08-11T14:34:05.000000Z,0.70947265625,0.70947265625,1.0
2015-08-11T14:34:10.000000Z,0.70947265625,0.70947265625,1.0
2015-08-11T14:34:30.000000Z,0.70947265625,0.70947265625,1.0
2015-08-11T14:34:35.000000Z,0.70947265625,0.70947265625,2.0
2015-08-11T14:34:40.000000Z,0.70947265625,0.70947265625,2.0
2015-08-11T14:34:55.000000Z,0.70947265625,0.70947265625,2.0
2015-08-11T14:35:00.000000Z,0.70947265625,0.70947265625,1.0
2015-08-11T14:35:10.000000Z,0.70947265625,0.70947265625,2.0
2015-08-11T14:35:25.000000Z,0.70947265625,0.70947265625,2.0
2015-08-11T14:35:35.000000Z,0.70947265625,0.708984375,3.0
2015-08-11T14:35:40.000000Z,0.70947265625,0.708984375,2.0
2015-08-11T14:35:45.000000Z,0.70947265625,0.708984375,1.0
2015-08-11T14:35:50.000000Z,0.70947265625,0.708984375,3.0
2015-08-11T14:35:55.000000Z,0.70947265625,0.708984375,2.0
2015-08-11T14:36:05.000000Z,0.70947265625,0.708984375,2.0
2015-08-11T14:36:10.000000Z,0.70947265625,0.708984375,1.0
2015-08-11T14:36:15.000000Z,0.70947265625,0.708984375,1.0
2015-08-11T14:36:20.000000Z,0.708984375,0.708984375,1.0
2015-08-11T14:36:25.000000Z,0.708984375,0.708984375,13.0
2015-08-11T14:36:30.000000Z,0.708984375,0.708984375,3.0
2015-08-11T14:36:35.000000Z,0.708984375,0.708984375,5.0
2015-08-11T14:36:40.000000Z,0.708984375,0.708984375,2.0
2015-08-11T14:36:45.000000Z,0.708984375,0.708984375,2.0
2015-08-11T14:36:50.000000Z,0.708984375,0.708984375,2.0
2015-08-11T14:36:55.000000Z,0.708984375,0.708984375,4.0
2015-08-11T14:37:05.000000Z,0.708984375,0.708984375,2.0
2015-08-11T14:37:10.000000Z,0.708984375,0.708984375,2.0
2015-08-11T14:37:15.000000Z,0.708984375,0.708984375,2.0
2015-08-11T14:37:30.000000Z,0.708984375,0.708984375,1.0
2015-08-11T14:37:35.000000Z,0.708984375,0.708984375,1.0
2015-08-11T14:37:40.000000Z,0.708984375,0.708984375,5.0
2015-08-11T14:37:45.000000Z,0.708984375,0.708984375,3.0
2015-08-11T14:37:50.000000Z,0.708984375,0.708984375,2.0
2015-08-11T14:37:55.000000Z,0.708984375,0.708984375,2.0
2015-08-11T14:38:05.000000Z,0.708984375,0.708984375,3.0
2015-08-11T14:38:10.000000Z,0.708984375,0.708984375,2.0
2015-08-11T14:38:15.000000Z,0.708984375,0.708984375,1.0
2015-08-11T14:38:20.000000Z,0.708984375,0.708984375,1.0
2015-08-11T14:38:25.000000Z,0.708984375,0.708984375,1.0
2015-08-11T14:38:30.000000Z,0.708984375,0.708984375,1.0
2015-08-11T14:38:40.000000Z,0.708984375,0.708984375,2.0
2015-08-11T14:38:45.000000Z,0.708984375,0.708984375,1.0
2015-08-11T14:38:50.000000Z,0.708984375,0.708984375,5.0
2015-08-11T14:38:55.000000Z,0.708984375,0.708984375,2.0
2015-08-11T14:39:00.000000Z,0.708984375,0.708984375,4.0
2015-08-11T14:39:05.000000Z,0.708984375,0.708984375,2.0
2015-08-11T14:39:10.000000Z,0.708984375,0.708984375,1.0
2015-08-11T14:39:15.000000Z,0.708984375,0.708984375,1.0
2015-08-11T14:39:25.000000Z,0.708984375,0.708984375,1.0
2015-08-11T14:39:30.000000Z,0.708984375,0.708984375,1.0
2015-08-11T14:39:35.000000Z,0.708984375,0.708984375,1.0
2015-08-11T14:39:50.000000Z,0.70947265625,0.708984375,5.0
2015-08-11T14:39:55.000000Z,0.708984375,0.708984375,3.0
2015-08-11T14:40:00.000000Z,0.708984375,0.708984375,2.0
2015-08-11T14:40:05.000000Z,0.70947265625,0.708984375,6.0
2015-08-11T14:40:15.000000Z,0.70947265625,0.708984375,3.0
2015-08-11T14:40:20.000000Z,0.70947265625,0.708984375,1.0
2015-08-11T14:40:25.000000Z,0.70947265625,0.708984375,1.0
2015-08-11T14:40:30.000000Z,0.70947265625,0.708984375,1.0
2015-08-11T14:40:45.000000Z,0.70947265625,0.70947265625,7.0
2015-08-11T14:40:55.000000Z,0.70947265625,0.708984375,3.0
2015-08-11T14:41:00.000000Z,0.70947265625,0.708984375,5.0
2015-08-11T14:41:05.000000Z,0.70947265625,0.708984375,1.0
2015-08-11T14:41:10.000000Z,0.70947265625,0.708984375,3.0
2015-08-11T14:41:15.000000Z,0.70947265625,0.708984375,1.0
2015-08-11T14:41:20.000000Z,0.70947265625,0.708984375,3.0
2015-08-11T14:41:25.000000Z,0.70947265625,0.708984375,2.0
2015-08-11T14:41:30.000000Z,0.70947265625,0.708984375,3.0
2015-08-11T14:41:35.000000Z,0.70947265625,0.70947265625,1.0
2015-08-11T14:41:40.000000Z,0.70947265625,0.70947265625,1.0
2015-08-11T14:41:45.000000Z,0.70947265625,0.70947265625,1.0
2015-08-11T14:41:50.000000Z,0.70947265625,0.708984375,4.0
2015-08-11T14:41:55.000000Z,0.70947265625,0.70947265625,5.0
2015-08-11T14:42:15.000000Z,0.70947265625,0.70947265625,1.0
2015-08-11T14:42:20.000000Z,0.70947265625,0.70947265625,6.0
2015-08-11T14:42:25.000000Z,0.70947265625,0.708984375,1.0
2015-08-11T14:42:30.000000Z,0.70947265625,0.708984375,3.0
2015-08-11T14:42:40.000000Z,0.70947265625,0.708984375,1.0
2015-08-11T14:42:50.000000Z,0.70947265625,0.708984375,1.0
2015-08-11T14:42:55.000000Z,0.70947265625,0.708984375,2.0
2015-08-11T14:43:00.000000Z,0.708984375,0.708984375,1.0
2015-08-11T14:43:05.000000Z,0.708984375,0.708984375,3.0
2015-08-11T14:43:10.000000Z,0.708984375,0.708984375,2.0
2015-08-11T14:43:15.000000Z,0.708984375,0.708984375,4.0
2015-08-11T14:43:20.000000Z,0.708984375,0.708984375,1.0
2015-08-11T14:43:30.000000Z,0.708984375,0.708984375,1.0
2015-08-11T14:43:35.000000Z,0.708984375,0.708984375,5.0
2015-08-11T14:43:40.000000Z,0.708984375,0.708984375,1.0
2015-08-11T14:43:45.000000Z,0.708984375,0.708984375,2.0
2015-08-11T14:44:00.000000Z,0.708984375,0.708984375,1.0
2015-08-11T14:44:05.000000Z,0.708984375,0.708984375,2.0
2015-08-11T14:44:15.000000Z,0.708984375,0.708984375,1.0
2015-08-11T14:44:20.000000Z,0.708984375,0.708984375,2.0
2015-08-11T14:44:40.000000Z,0.708984375,0.708984375,1.0
2015-08-11T14:44:45.000000Z,0.708984375,0.708984375,5.0
2015-08-11T14:44:55.000000Z,0.708984375,0.708984375,2.0
2015-08-11T14:45:00.000000Z,0.708984375,0.708984375,2.0
2015-08-11T14:45:05.000000Z,0.708984375,0.708984375,2.0
2015-08-11T14:45:10.000000Z,0.708984375,0.708984375,1.0
2015-08-11T14:45:15.000000Z,0.708984375,0.708984375,1.0
2015-08-11T14:45:20.000000Z,0.708984375,0.708984375,1.0
2015-08-11T14:45:30.000000Z,0.708984375,0.708984375,1.0
2015-08-11T14:45:35.000000Z,0.708984375,0.708984375,1.0
2015-08-11T14:45:40.000000Z,0.708984375,0.70849609375,10.0
2015-08-11T14:45:45.000000Z,0.708984375,0.70849609375,3.0
2015-08-11T14:45:50.000000Z,0.708984375,0.70849609375,1.0
2015-08-11T14:45:55.000000Z,0.70849609375,0.70849609375,3.0
2015-08-11T14:46:00.000000Z,0.708984375,0.70849609375,3.0
2015-08-11T14:46:05.000000Z,0.70849609375,0.70849609375,3.0
2015-08-11T14:46:10.000000Z,0.70849609375,0.70849609375,3.0
2015-08-11T14:46:15.000000Z,0.708984375,0.70849609375,4.0
2015-08-11T14:46:20.000000Z,0.708984375,0.70849609375,1.0
2015-08-11T14:46:25.000000Z,0.70849609375,0.70849609375,1.0
2015-08-11T14:46:30.000000Z,0.70849609375,0.70849609375,1.0
2015-08-11T14:46:40.000000Z,0.70849609375,0.70849609375,1.0
2015-08-11T14:46:45.000000Z,0.70849609375,0.70849609375,2.0
2015-08-11T14:46:50.000000Z,0.708984375,0.70849609375,2.0
2015-08-11T14:46:55.000000Z,0.708984375,0.70849609375,1.0
2015-08-11T14:47:20.000000Z,0.708984375,0.70849609375,3.0
2015-08-11T14:47:30.000000Z,0.708984375,0.70849609375,1.0
2015-08-11T14:47:35.000000Z,0.708984375,0.70849609375,1.0
2015-08-11T14:47:50.000000Z,0.708984375,0.70849609375,1.0
2015-08-11T14:48:15.000000Z,0.708984375,0.70849609375,1.0
2015-08-11T14:48:25.000000Z,0.708984375,0.70849609375,1.0
2015-08-11T14:48:35.000000Z,0.708984375,0.70849609375,2.0
2015-08-11T14:48:40.000000Z,0.708984375,0.70849609375,8.0
2015-08-11T14:48:45.000000Z,0.708984375,0.708984375,4.0
2015-08-11T14:48:50.000000Z,0.708984375,0.708984375,4.0
2015-08-11T14:48:55.000000Z,0.708984375,0.708984375,2.0
2015-08-11T14:49:00.000000Z,0.708984375,0.708984375,5.0
2015-08-11T14:49:05.000000Z,0.708984375,0.708984375,4.0
2015-08-11T14:49:10.000000Z,0.708984375,0.708984375,8.0
2015-08-11T14:49:15.000000Z,0.708984375,0.708984375,8.0
2015-08-11T14:49:20.000000Z,0.708984375,0.708984375,4.0
2015-08-11T14:49:25.000000Z,0.708984375,0.708984375,2.0
2015-08-11T14:49:30.000000Z,0.708984375,0.708984375,3.0
2015-08-11T14:49:35.000000Z,0.708984375,0.708984375,2.0
2015-08-11T14:49:40.000000Z,0.708984375,0.708984375,5.0
2015-08-11T14:49:45.000000Z,0.708984375,0.708984375,2.0
2015-08-11T14:49:55.000000Z,0.708984375,0.708984375,2.0
2015-08-11T14:50:00.000000Z,0.708984375,0.708984375,1.0
2015-08-11T14:50:05.000000Z,0.708984375,0.708984375,3.0
2015-08-11T14:50:10.000000Z,0.708984375,0.708984375,1.0
2015-08-11T14:50:15.000000Z,0.708984375,0.708984375,1.0
2015-08-11T14:50:20.000000Z,0.708984375,0.708984375,1.0
2015-08-11T14:50:25.000000Z,0.708984375,0.708984375,3.0
2015-08-11T14:50:40.000000Z,0.708984375,0.708984375,2.0
2015-08-11T14:50:50.000000Z,0.708984375,0.708984375,2.0
2015-08-11T14:50:55.000000Z,0.70947265625,0.708984375,8.0
2015-08-11T14:51:00.000000Z,0.70947265625,0.708984375,4.0
2015-08-11T14:51:35.000000Z,0.70947265625,0.708984375,1.0
2015-08-11T14:51:40.000000Z,0.70947265625,0.708984375,2.0
2015-08-11T14:51:45.000000Z,0.70947265625,0.708984375,2.0
2015-08-11T14:51:50.000000Z,0.70947265625,0.708984375,1.0
2015-08-11T14:51:55.000000Z,0.708984375,0.708984375,3.0
2015-08-11T14:52:00.000000Z,0.708984375,0.708984375,3.0
2015-08-11T14:52:05.000000Z,0.708984375,0.708984375,2.0
2015-08-11T14:52:10.000000Z,0.708984375,0.708984375,2.0
2015-08-11T14:52:15.000000Z,0.708984375,0.708984375,2.0
2015-08-11T14:52:20.000000Z,0.708984375,0.708984375,1.0
2015-08-11T14:52:25.000000Z,0.708984375,0.708984375,1.0
2015-08-11T14:52:35.000000Z,0.708984375,0.708984375,1.0
