time,closeAsk,closeBid,volume
2015-08-11T16:13:00.000000Z,125.0,125.0,6.0
2015-08-11T16:13:10.000000Z,125.0,124.9375,9.0
2015-08-11T16:13:15.000000Z,125.0,124.9375,5.0
2015-08-11T16:13:20.000000Z,125.0,124.9375,2.0
2015-08-11T16:13:25.000000Z,125.0,124.9375,3.0
2015-08-11T16:13:30.000000Z,125.0,125.0,4.0
2015-08-11T16:13:35.000000Z,125.0,125.0,4.0
2015-08-11T16:13:50.000000Z,125.0,125.0,3.0
2015-08-11T16:13:55.000000Z,125.0,125.0,2.0
2015-08-11T16:14:00.000000Z,125.0,125.0,5.0
2015-08-11T16:14:05.000000Z,125.0,125.0,2.0
2015-08-11T16:14:15.000000Z,125.0,125.0,5.0
2015-08-11T16:14:20.000000Z,125.0,125.0,8.0
2015-08-11T16:14:25.000000Z,125.0,125.0,3.0
2015-08-11T16:14:30.000000Z,125.0,125.0,18.0
2015-08-11T16:14:35.000000Z,125.0,125.0,12.0
2015-08-11T16:14:40.000000Z,125.0,125.0,19.0
2015-08-11T16:14:45.000000Z,125.0,125.0,1.0
2015-08-11T16:14:50.000000Z,125.0,125.0,22.0
2015-08-11T16:14:55.000000Z,125.0,125.0,2.0
2015-08-11T16:15:00.000000Z,125.0,125.0,2.0
2015-08-11T16:15:05.000000Z,125.0,125.0,7.0
2015-08-11T16:15:10.000000Z,125.0,125.0,13.0
2015-08-11T16:15:15.000000Z,125.0,125.0,21.0
2015-08-11T16:15:20.000000Z,125.0,125.0,5.0
2015-08-11T16:15:25.000000Z,125.0,125.0,10.0
2015-08-11T16:15:30.000000Z,125.0,125.0,7.0
2015-08-11T16:15:40.000000Z,125.0,125.0,8.0
2015-08-11T16:15:45.000000Z,125.0,125.0,7.0
2015-08-11T16:15:50.000000Z,125.0,125.0,7.0
2015-08-11T16:15:55.000000Z,125.0,125.0,2.0
2015-08-11T16:16:00.000000Z,125.0,125.0,1.0
2015-08-11T16:16:05.000000Z,125.0,125.0,5.0
2015-08-11T16:16:10.000000Z,125.0,125.0,8.0
2015-08-11T16:16:15.000000Z,125.0,125.0,1.0
2015-08-11T16:16:25.000000Z,125.0,125.0,5.0
2015-08-11T16:16:30.000000Z,125.0,125.0,2.0
2015-08-11T16:16:40.000000Z,125.0,125.0,2.0
2015-08-11T16:16:50.000000Z,125.0,125.0,8.0
2015-08-11T16:16:55.000000Z,125.0,125.0,2.0
2015-08-11T16:17:00.000000Z,125.0,125.0,3.0
2015-08-11T16:17:05.000000Z,125.0,125.0,5.0
2015-08-11T16:17:10.000000Z,125.0,125.0,9.0
2015-08-11T16:17:15.000000Z,125.0,125.0,7.0
2015-08-11T16:17:20.000000Z,125.0,125.0,4.0
2015-08-11T16:17:25.000000Z,125.0,125.0,4.0
2015-08-11T16:17:30.000000Z,125.0,125.0,3.0
2015-08-11T16:17:35.000000Z,125.0625,125.0,16.0
2015-08-11T16:17:40.000000Z,125.0625,125.0,2.0
2015-08-11T16:17:45.000000Z,125.0,125.0,2.0
2015-08-11T16:17:50.000000Z,125.0625,125.0,8.0
2015-08-11T16:17:55.000000Z,125.0,125.0,14.0
2015-08-11T16:18:00.000000Z,125.0,125.0,3.0
2015-08-11T16:18:05.000000Z,125.0625,125.0,7.0
2015-08-11T16:18:10.000000Z,125.0625,125.0,3.0
2015-08-11T16:18:25.000000Z,125.0625,125.0,4.0
2015-08-11T16:18:30.000000Z,125.0625,125.0,7.0
2015-08-11T16:18:35.000000Z,125.0,125.0,4.0
2015-08-11T16:18:40.000000Z,125.0625,125.0,1.0
2015-08-11T16:18:50.000000Z,125.0625,125.0,2.0
2015-08-11T16:18:55.000000Z,125.0625,125.0,1.0
2015-08-11T16:19:20.000000Z,125.0625,125.0,2.0
2015-08-11T16:19:30.000000Z,125.0625,125.0,2.0
2015-08-11T16:19:35.000000Z,125.0625,125.0,1.0
2015-08-11T16:19:40.000000Z,125.0625,125.0,4.0
2015-08-11T16:19:45.000000Z,125.0625,125.0625,11.0
2015-08-11T16:19:50.000000Z,125.0625,125.0625,13.0
2015-08-11T16:19:55.000000Z,125.0625,125.0625,1.0
2015-08-11T16:20:00.000000Z,125.0625,125.0625,3.0
2015-08-11T16:20:05.000000Z,125.0625,125.0625,9.0
2015-08-11T16:20:10.000000Z,125.0625,125.0625,24.0
2015-08-11T16:20:15.000000Z,125.0625,125.0625,18.0
2015-08-11T16:20:20.000000Z,125.0625,125.0625,18.0
2015-08-11T16:20:25.000000Z,125.0625,125.0625,3.0
2015-08-11T16:20:30.000000Z,125.0625,125.0625,9.0
2015-08-11T16:20:35.000000Z,125.0625,125.0625,8.0
2015-08-11T16:20:40.000000Z,125.0625,125.0625,3.0
2015-08-11T16:20:50.000000Z,125.0625,125.0625,3.0
2015-08-11T16:20:55.000000Z,125.0625,125.0625,16.0
2015-08-11T16:21:00.000000Z,125.0625,125.0625,9.0
2015-08-11T16:21:05.000000Z,125.0625,125.0625,7.0
2015-08-11T16:21:10.000000Z,125.0625,125.0625,12.0
2015-08-11T16:21:15.000000Z,125.0625,125.0625,7.0
2015-08-11T16:21:20.000000Z,125.125,125.0625,8.0
2015-08-11T16:21:25.000000Z,125.125,125.125,24.0
2015-08-11T16:21:30.000000Z,125.125,125.125,38.0
2015-08-11T16:21:35.000000Z,125.1875,125.125,36.0
2015-08-11T16:21:40.000000Z,125.1875,125.125,24.0
2015-08-11T16:21:45.000000Z,125.125,125.125,28.0
2015-08-11T16:21:50.000000Z,125.125,125.125,11.0
2015-08-11T16:21:55.000000Z,125.125,125.125,9.0
2015-08-11T16:22:00.000000Z,125.125,125.125,1.0
2015-08-11T16:22:05.000000Z,125.125,125.125,18.0
2015-08-11T16:22:10.000000Z,125.125,125.125,1.0
2015-08-11T16:22:15.000000Z,125.125,125.125,1.0
2015-08-11T16:22:20.000000Z,125.125,125.125,10.0
2015-08-11T16:22:25.000000Z,125.125,125.125,5.0
2015-08-11T16:22:30.000000Z,125.125,125.125,4.0
2015-08-11T16:22:35.000000Z,125.1875,125.125,5.0
2015-08-11T16:22:45.000000Z,125.1875,125.125,2.0
2015-08-11T16:22:50.000000Z,125.1875,125.125,3.0
2015-08-11T16:23:00.000000Z,125.1875,125.125,3.0
2015-08-11T16:23:05.000000Z,125.1875,125.125,1.0
2015-08-11T16:23:10.000000Z,125.1875,125.125,5.0
2015-08-11T16:23:15.000000Z,125.1875,125.125,7.0
2015-08-11T16:23:20.000000Z,125.1875,125.1875,15.0
2015-08-11T16:23:25.000000Z,125.1875,125.1875,7.0
2015-08-11T16:23:30.000000Z,125.1875,125.1875,11.0
2015-08-11T16:23:35.000000Z,125.1875,125.125,6.0
2015-08-11T16:23:40.000000Z,125.1875,125.125,2.0
2015-08-11T16:23:45.000000Z,125.1875,125.125,3.0
2015-08-11T16:23:50.000000Z,125.1875,125.125,5.0
2015-08-11T16:23:55.000000Z,125.1875,125.125,2.0
2015-08-11T16:24:15.000000Z,125.1875,125.125,6.0
2015-08-11T16:24:20.000000Z,125.1875,125.1875,2.0
2015-08-11T16:24:25.000000Z,125.1875,125.1875,2.0
2015-08-11T16:24:30.000000Z,125.1875,125.1875,5.0
2015-08-11T16:24:35.000000Z,125.1875,125.125,8.0
2015-08-11T16:24:40.000000Z,125.1875,125.1875,1.0
2015-08-11T16:24:45.000000Z,125.1875,125.1875,3.0
2015-08-11T16:24:50.000000Z,125.1875,125.1875,6.0
2015-08-11T16:24:55.000000Z,125.1875,125.1875,6.0
2015-08-11T16:25:00.000000Z,125.1875,125.1875,7.0
2015-08-11T16:25:05.000000Z,125.1875,125.1875,2.0
2015-08-11T16:25:10.000000Z,125.1875,125.1875,5.0
2015-08-11T16:25:15.000000Z,125.1875,125.1875,6.0
2015-08-11T16:25:20.000000Z,125.1875,125.1875,3.0
2015-08-11T16:25:25.000000Z,125.1875,125.1875,2.0
2015-08-11T16:25:35.000000Z,125.1875,125.1875,1.0
2015-08-11T16:25:40.000000Z,125.1875,125.1875,1.0
2015-08-11T16:25:45.000000Z,125.1875,125.1875,6.0
2015-08-11T16:25:50.000000Z,125.1875,125.1875,5.0
2015-08-11T16:25:55.000000Z,125.1875,125.1875,13.0
2015-08-11T16:26:00.000000Z,125.1875,125.1875,9.0
2015-08-11T16:26:05.000000Z,125.1875,125.1875,9.0
2015-08-11T16:26:10.000000Z,125.1875,125.1875,4.0
2015-08-11T16:26:15.000000Z,125.1875,125.1875,9.0
2015-08-11T16:26:20.000000Z,125.1875,125.1875,8.0
2015-08-11T16:26:25.000000Z,125.1875,125.1875,3.0
2015-08-11T16:26:30.000000Z,125.1875,125.125,20.0
2015-08-11T16:26:35.000000Z,125.1875,125.125,22.0
2015-08-11T16:26:40.000000Z,125.1875,125.125,8.0
2015-08-11T16:26:55.000000Z,125.1875,125.125,5.0
2015-08-11T16:27:00.000000Z,125.125,125.125,3.0
2015-08-11T16:27:05.000000Z,125.125,125.125,8.0
2015-08-11T16:27:15.000000Z,125.1875,125.125,4.0
2015-08-11T16:27:20.000000Z,125.1875,125.125,2.0
2015-08-11T16:27:25.000000Z,125.1875,125.125,4.0
2015-08-11T16:27:30.000000Z,125.1875,125.125,4.0
2015-08-11T16:27:35.000000Z,125.1875,125.125,3.0
2015-08-11T16:27:40.000000Z,125.1875,125.125,5.0
2015-08-11T16:27:45.000000Z,125.1875,125.125,4.0
2015-08-11T16:27:50.000000Z,125.1875,125.125,1.0
2015-08-11T16:28:00.000000Z,125.1875,125.125,3.0
2015-08-11T16:28:10.000000Z,125.1875,125.125,7.0
2015-08-11T16:28:15.000000Z,125.1875,125.125,4.0
2015-08-11T16:28:20.000000Z,125.1875,125.1875,8.0
2015-08-11T16:28:25.000000Z,125.1875,125.1875,5.0
2015-08-11T16:28:35.000000Z,125.1875,125.125,12.0
2015-08-11T16:28:40.000000Z,125.1875,125.125,3.0
2015-08-11T16:28:45.000000Z,125.1875,125.125,7.0
2015-08-11T16:28:50.000000Z,125.1875,125.1875,4.0
2015-08-11T16:28:55.000000Z,125.1875,125.1875,9.0
2015-08-11T16:29:00.000000Z,125.1875,125.1875,6.0
2015-08-11T16:29:05.000000Z,125.1875,125.125,9.0
2015-08-11T16:29:10.000000Z,125.1875,125.1875,2.0
2015-08-11T16:29:15.000000Z,125.1875,125.1875,5.0
2015-08-11T16:29:20.000000Z,125.1875,125.1875,7.0
2015-08-11T16:29:25.000000Z,125.1875,125.1875,5.0
2015-08-11T16:29:30.000000Z,125.1875,125.1875,6.0
2015-08-11T16:29:35.000000Z,125.1875,125.125,3.0
2015-08-11T16:29:40.000000Z,125.1875,125.1875,8.0
2015-08-11T16:29:45.000000Z,125.1875,125.1875,3.0
2015-08-11T16:30:00.000000Z,125.1875,125.125,18.0
2015-08-11T16:30:05.000000Z,125.1875,125.125,1.0
2015-08-11T16:30:10.000000Z,125.1875,125.125,3.0
2015-08-11T16:30:15.000000Z,125.1875,125.1875,3.0
2015-08-11T16:30:20.000000Z,125.1875,125.1875,3.0
2015-08-11T16:30:25.000000Z,125.1875,125.1875,3.0
2015-08-11T16:30:30.000000Z,125.1875,125.125,8.0
2015-08-11T16:30:35.000000Z,125.1875,125.125,8.0
2015-08-11T16:30:40.000000Z,125.1875,125.125,7.0
2015-08-11T16:30:45.000000Z,125.1875,125.1875,3.0
2015-08-11T16:30:50.000000Z,125.1875,125.1875,1.0
2015-08-11T16:30:55.000000Z,125.1875,125.1875,3.0
2015-08-11T16:31:00.000000Z,125.1875,125.1875,5.0
2015-08-11T16:31:05.000000Z,125.1875,125.1875,9.0
2015-08-11T16:31:10.000000Z,125.1875,125.1875,4.0
2015-08-11T16:31:15.000000Z,125.1875,125.1875,12.0
2015-08-11T16:31:20.000000Z,125.1875,125.1875,6.0
2015-08-11T16:31:25.000000Z,125.1875,125.1875,21.0
2015-08-11T16:31:30.000000Z,125.1875,125.1875,13.0
2015-08-11T16:31:35.000000Z,125.1875,125.1875,18.0
2015-08-11T16:31:40.000000Z,125.1875,125.1875,7.0
2015-08-11T16:31:45.000000Z,125.1875,125.1875,6.0
2015-08-11T16:31:50.000000Z,125.1875,125.1875,15.0
2015-08-11T16:31:55.000000Z,125.1875,125.1875,12.0
2015-08-11T16:32:00.000000Z,125.1875,125.1875,6.0
2015-08-11T16:32:05.000000Z,125.1875,125.1875,7.0
2015-08-11T16:32:10.000000Z,125.1875,125.1875,6.0
2015-08-11T16:32:15.000000Z,125.1875,125.1875,6.0
2015-08-11T16:32:20.000000Z,125.1875,125.1875,6.0
2015-08-11T16:32:25.000000Z,125.1875,125.1875,8.0
2015-08-11T16:32:30.000000Z,125.1875,125.1875,2.0
2015-08-11T16:32:40.000000Z,125.1875,125.1875,2.0
2015-08-11T16:32:50.000000Z,125.1875,125.1875,1.0
2015-08-11T16:33:00.000000Z,125.1875,125.1875,13.0
2015-08-11T16:33:05.000000Z,125.1875,125.1875,2.0
2015-08-11T16:33:10.000000Z,125.1875,125.1875,3.0
2015-08-11T16:33:20.000000Z,125.1875,125.1875,6.0
2015-08-11T16:33:25.000000Z,125.1875,125.1875,7.0
2015-08-11T16:33:30.000000Z,125.1875,125.1875,5.0
2015-08-11T16:33:35.000000Z,125.1875,125.1875,1.0
2015-08-11T16:33:40.000000Z,125.1875,125.1875,7.0
2015-08-11T16:33:45.000000Z,125.1875,125.1875,6.0
2015-08-11T16:33:50.000000Z,125.1875,125.1875,10.0
2015-08-11T16:33:55.000000Z,125.1875,125.1875,4.0
2015-08-11T16:34:00.000000Z,125.1875,125.1875,3.0
2015-08-11T16:34:05.000000Z,125.1875,125.1875,2.0
2015-08-11T16:34:15.000000Z,125.1875,125.1875,1.0
2015-08-11T16:34:20.000000Z,125.1875,125.1875,4.0
2015-08-11T16:34:25.000000Z,125.1875,125.1875,6.0
2015-08-11T16:34:30.000000Z,125.1875,125.1875,9.0
2015-08-11T16:34:35.000000Z,125.1875,125.1875,1.0
2015-08-11T16:34:40.000000Z,125.1875,125.1875,2.0
2015-08-11T16:34:50.000000Z,125.1875,125.1875,3.0
2015-08-11T16:34:55.000000Z,125.1875,125.1875,14.0
2015-08-11T16:35:00.000000Z,125.1875,125.1875,7.0
2015-08-11T16:35:05.000000Z,125.1875,125.1875,4.0
2015-08-11T16:35:15.000000Z,125.1875,125.1875,1.0
2015-08-11T16:35:25.000000Z,125.1875,125.1875,2.0
2015-08-11T16:35:30.000000Z,125.1875,125.1875,9.0
2015-08-11T16:35:35.000000Z,125.1875,125.1875,10.0
2015-08-11T16:35:40.000000Z,125.1875,125.1875,1.0
2015-08-11T16:35:45.000000Z,125.1875,125.1875,3.0
2015-08-11T16:35:55.000000Z,125.1875,125.1875,5.0
2015-08-11T16:36:00.000000Z,125.1875,125.1875,2.0
2015-08-11T16:36:05.000000Z,125.1875,125.1875,8.0
2015-08-11T16:36:10.000000Z,125.1875,125.1875,3.0
2015-08-11T16:36:15.000000Z,125.1875,125.1875,3.0
2015-08-11T16:36:25.000000Z,125.1875,125.1875,4.0
2015-08-11T16:36:35.000000Z,125.1875,125.1875,2.0
2015-08-11T16:36:40.000000Z,125.1875,125.1875,3.0
2015-08-11T16:37:00.000000Z,125.1875,125.1875,1.0
2015-08-11T16:37:05.000000Z,125.1875,125.1875,4.0
2015-08-11T16:37:10.000000Z,125.1875,125.1875,1.0
2015-08-11T16:37:15.000000Z,125.1875,125.1875,17.0
2015-08-11T16:37:20.000000Z,125.1875,125.1875,4.0
2015-08-11T16:37:25.000000Z,125.1875,125.1875,13.0
2015-08-11T16:37:30.000000Z,125.1875,125.1875,6.0
2015-08-11T16:37:35.000000Z,125.1875,125.1875,4.0
2015-08-11T16:37:40.000000Z,125.1875,125.1875,5.0
2015-08-11T16:37:45.000000Z,125.1875,125.1875,7.0
2015-08-11T16:37:55.000000Z,125.1875,125.1875,8.0
2015-08-11T16:38:00.000000Z,125.1875,125.1875,3.0
2015-08-11T16:38:05.000000Z,125.1875,125.1875,1.0
2015-08-11T16:38:10.000000Z,125.1875,125.1875,5.0
2015-08-11T16:38:15.000000Z,125.1875,125.1875,15.0
2015-08-11T16:38:20.000000Z,125.1875,125.1875,1.0
2015-08-11T16:38:25.000000Z,125.1875,125.1875,1.0
2015-08-11T16:38:35.000000Z,125.1875,125.1875,10.0
2015-08-11T16:38:40.000000Z,125.1875,125.1875,6.0
2015-08-11T16:38:45.000000Z,125.1875,125.1875,3.0
2015-08-11T16:39:00.000000Z,125.1875,125.1875,8.0
2015-08-11T16:39:05.000000Z,125.1875,125.1875,4.0
2015-08-11T16:39:10.000000Z,125.1875,125.1875,2.0
2015-08-11T16:39:15.000000Z,125.1875,125.1875,2.0
2015-08-11T16:39:20.000000Z,125.1875,125.1875,2.0
2015-08-11T16:39:35.000000Z,125.1875,125.125,7.0
2015-08-11T16:39:45.000000Z,125.1875,125.125,5.0
2015-08-11T16:39:50.000000Z,125.1875,125.1875,6.0
2015-08-11T16:39:55.000000Z,125.1875,125.1875,12.0
2015-08-11T16:40:00.000000Z,125.1875,125.1875,3.0
2015-08-11T16:40:05.000000Z,125.1875,125.1875,7.0
2015-08-11T16:40:10.000000Z,125.1875,125.125,3.0
2015-08-11T16:40:15.000000Z,125.1875,125.125,1.0
2015-08-11T16:40:20.000000Z,125.1875,125.1875,6.0
2015-08-11T16:40:25.000000Z,125.1875,125.1875,5.0
2015-08-11T16:40:30.000000Z,125.1875,125.1875,1.0
2015-08-11T16:40:35.000000Z,125.1875,125.1875,5.0
2015-08-11T16:40:40.000000Z,125.1875,125.1875,3.0
2015-08-11T16:40:45.000000Z,125.1875,125.1875,3.0
2015-08-11T16:40:55.000000Z,125.1875,125.1875,4.0
2015-08-11T16:41:00.000000Z,125.1875,125.1875,3.0
2015-08-11T16:41:05.000000Z,125.1875,125.125,6.0
2015-08-11T16:41:10.000000Z,125.1875,125.125,6.0
2015-08-11T16:41:15.000000Z,125.1875,125.125,12.0
2015-08-11T16:41:30.000000Z,125.1875,125.1875,3.0
2015-08-11T16:41:40.000000Z,125.1875,125.125,2.0
2015-08-11T16:41:45.000000Z,125.1875,125.125,3.0
2015-08-11T16:41:55.000000Z,125.1875,125.125,6.0
2015-08-11T16:42:10.000000Z,125.1875,125.1875,2.0
2015-08-11T16:42:25.000000Z,125.1875,125.1875,2.0
2015-08-11T16:42:35.000000Z,125.1875,125.1875,3.0
2015-08-11T16:42:40.000000Z,125.1875,125.1875,1.0
2015-08-11T16:42:45.000000Z,125.1875,125.1875,1.0
2015-08-11T16:43:00.000000Z,125.1875,125.1875,1.0
2015-08-11T16:43:05.000000Z,125.1875,125.1875,3.0
2015-08-11T16:43:10.000000Z,125.1875,125.1875,1.0
2015-08-11T16:43:15.000000Z,125.1875,125.1875,2.0
2015-08-11T16:43:20.000000Z,125.1875,125.1875,2.0
2015-08-11T16:43:45.000000Z,125.1875,125.1875,1.0
2015-08-11T16:43:50.000000Z,125.1875,125.1875,2.0
2015-08-11T16:43:55.000000Z,125.1875,125.1875,1.0
2015-08-11T16:44:00.000000Z,125.1875,125.1875,4.0
2015-08-11T16:44:10.000000Z,125.1875,125.1875,5.0
2015-08-11T16:44:15.000000Z,125.1875,125.125,10.0
2015-08-11T16:44:20.000000Z,125.1875,125.125,5.0
2015-08-11T16:44:25.000000Z,125.1875,125.125,7.0
2015-08-11T16:44:30.000000Z,125.1875,125.125,9.0
2015-08-11T16:44:35.000000Z,125.1875,125.125,2.0
2015-08-11T16:44:40.000000Z,125.1875,125.125,1.0
2015-08-11T16:44:45.000000Z,125.1875,125.125,2.0
2015-08-11T16:44:50.000000Z,125.1875,125.125,7.0
2015-08-11T16:44:55.000000Z,125.1875,125.1875,10.0
2015-08-11T16:45:00.000000Z,125.1875,125.1875,12.0
2015-08-11T16:45:05.000000Z,125.1875,125.1875,1.0
2015-08-11T16:45:10.000000Z,125.1875,125.1875,3.0
2015-08-11T16:45:15.000000Z,125.1875,125.1875,6.0
2015-08-11T16:45:20.000000Z,125.1875,125.1875,5.0
2015-08-11T16:45:25.000000Z,125.1875,125.1875,1.0
2015-08-11T16:45:40.000000Z,125.1875,125.1875,4.0
2015-08-11T16:45:45.000000Z,125.1875,125.1875,10.0
2015-08-11T16:45:55.000000Z,125.1875,125.1875,2.0
2015-08-11T16:46:00.000000Z,125.1875,125.1875,1.0
2015-08-11T16:46:15.000000Z,125.1875,125.1875,1.0
2015-08-11T16:46:20.000000Z,125.1875,125.1875,2.0
2015-08-11T16:46:30.000000Z,125.1875,125.1875,3.0
2015-08-11T16:46:40.000000Z,125.1875,125.1875,2.0
2015-08-11T16:46:45.000000Z,125.1875,125.1875,3.0
2015-08-11T16:46:50.000000Z,125.1875,125.1875,1.0
2015-08-11T16:47:05.000000Z,125.1875,125.1875,1.0
2015-08-11T16:47:10.000000Z,125.1875,125.1875,3.0
2015-08-11T16:47:20.000000Z,125.1875,125.1875,1.0
2015-08-11T16:47:25.000000Z,125.1875,125.1875,2.0
2015-08-11T16:47:40.000000Z,125.1875,125.125,20.0
2015-08-11T16:47:45.000000Z,125.1875,125.125,1.0
2015-08-11T16:47:50.000000Z,125.1875,125.1875,10.0
2015-08-11T16:47:55.000000Z,125.1875,125.1875,2.0
2015-08-11T16:48:00.000000Z,125.1875,125.1875,4.0
2015-08-11T16:48:10.000000Z,125.1875,125.1875,2.0
2015-08-11T16:48:15.000000Z,125.1875,125.1875,1.0
2015-08-11T16:48:20.000000Z,125.1875,125.1875,1.0
2015-08-11T16:48:25.000000Z,125.1875,125.1875,4.0
2015-08-11T16:48:30.000000Z,125.1875,125.1875,1.0
2015-08-11T16:48:35.000000Z,125.1875,125.1875,3.0
2015-08-11T16:48:40.000000Z,125.1875,125.1875,1.0
2015-08-11T16:48:45.000000Z,125.1875,125.1875,2.0
2015-08-11T16:48:50.000000Z,125.1875,125.1875,8.0
2015-08-11T16:48:55.000000Z,125.1875,125.1875,10.0
2015-08-11T16:49:00.000000Z,125.1875,125.1875,7.0
2015-08-11T16:49:05.000000Z,125.1875,125.1875,2.0
2015-08-11T16:49:10.000000Z,125.1875,125.125,3.0
2015-08-11T16:49:15.000000Z,125.1875,125.1875,2.0
2015-08-11T16:49:20.000000Z,125.1875,125.1875,6.0
2015-08-11T16:49:25.000000Z,125.1875,125.1875,3.0
2015-08-11T16:49:30.000000Z,125.1875,125.1875,6.0
2015-08-11T16:49:35.000000Z,125.1875,125.1875,1.0
2015-08-11T16:49:50.000000Z,125.1875,125.1875,1.0
2015-08-11T16:49:55.000000Z,125.1875,125.1875,1.0
2015-08-11T16:50:00.000000Z,125.1875,125.125,4.0
2015-08-11T16:50:10.000000Z,125.1875,125.1875,1.0
2015-08-11T16:50:20.000000Z,125.1875,125.1875,2.0
2015-08-11T16:50:30.000000Z,125.1875,125.1875,2.0
2015-08-11T16:50:35.000000Z,125.1875,125.1875,2.0
2015-08-11T16:50:40.000000Z,125.1875,125.1875,4.0
2015-08-11T16:50:45.000000Z,125.1875,125.1875,4.0
2015-08-11T16:50:55.000000Z,125.1875,125.1875,1.0
2015-08-11T16:51:00.000000Z,125.1875,125.1875,3.0
2015-08-11T16:51:05.000000Z,125.1875,125.1875,1.0
2015-08-11T16:51:15.000000Z,125.1875,125.125,5.0
2015-08-11T16:51:20.000000Z,125.1875,125.125,1.0
2015-08-11T16:51:25.000000Z,125.1875,125.1875,8.0
2015-08-11T16:51:30.000000Z,125.1875,125.1875,1.0
2015-08-11T16:51:45.000000Z,125.1875,125.1875,3.0
2015-08-11T16:51:50.000000Z,125.1875,125.1875,2.0
2015-08-11T16:51:55.000000Z,125.1875,125.1875,4.0
2015-08-11T16:52:00.000000Z,125.1875,125.1875,9.0
2015-08-11T16:52:15.000000Z,125.1875,125.1875,3.0
2015-08-11T16:52:20.000000Z,125.1875,125.1875,4.0
2015-08-11T16:52:25.000000Z,125.1875,125.1875,1.0
2015-08-11T16:52:30.000000Z,125.1875,125.1875,4.0
2015-08-11T16:52:40.000000Z,125.1875,125.1875,7.0
2015-08-11T16:52:45.000000Z,125.1875,125.1875,3.0
2015-08-11T16:52:50.000000Z,125.1875,125.1875,1.0
2015-08-11T16:52:55.000000Z,125.1875,125.1875,3.0
2015-08-11T16:53:10.000000Z,125.1875,125.1875,3.0
2015-08-11T16:53:15.000000Z,125.1875,125.1875,5.0
2015-08-11T16:53:25.000000Z,125.1875,125.1875,5.0
2015-08-11T16:53:30.000000Z,125.1875,125.1875,6.0
2015-08-11T16:53:35.000000Z,125.1875,125.1875,1.0
2015-08-11T16:53:40.000000Z,125.1875,125.1875,1.0
2015-08-11T16:53:45.000000Z,125.1875,125.1875,1.0
2015-08-11T16:53:50.000000Z,125.1875,125.1875,1.0
2015-08-11T16:54:00.000000Z,125.1875,125.1875,5.0
2015-08-11T16:54:05.000000Z,125.1875,125.1875,15.0
2015-08-11T16:54:10.000000Z,125.1875,125.1875,8.0
2015-08-11T16:54:15.000000Z,125.1875,125.1875,6.0
2015-08-11T16:54:25.000000Z,125.1875,125.1875,2.0
2015-08-11T16:54:30.000000Z,125.1875,125.1875,16.0
2015-08-11T16:54:35.000000Z,125.1875,125.1875,13.0
2015-08-11T16:54:40.000000Z,125.1875,125.1875,9.0
2015-08-11T16:54:45.000000Z,125.1875,125.1875,7.0
2015-08-11T16:54:50.000000Z,125.1875,125.1875,8.0
2015-08-11T16:54:55.000000Z,125.1875,125.1875,1.0
2015-08-11T16:55:00.000000Z,125.1875,125.1875,3.0
2015-08-11T16:55:20.000000Z,125.1875,125.125,7.0
2015-08-11T16:55:25.000000Z,125.1875,125.125,4.0
2015-08-11T16:55:30.000000Z,125.1875,125.125,4.0
2015-08-11T16:55:35.000000Z,125.1875,125.125,2.0
2015-08-11T16:55:50.000000Z,125.1875,125.125,3.0
2015-08-11T16:55:55.000000Z,125.1875,125.125,14.0
2015-08-11T16:56:00.000000Z,125.1875,125.125,1.0
2015-08-11T16:56:10.000000Z,125.1875,125.125,3.0
2015-08-11T16:56:15.000000Z,125.1875,125.125,9.0
2015-08-11T16:56:20.000000Z,125.1875,125.125,4.0
2015-08-11T16:56:25.000000Z,125.1875,125.125,4.0
2015-08-11T16:56:30.000000Z,125.1875,125.125,3.0
2015-08-11T16:56:35.000000Z,125.1875,125.125,13.0
2015-08-11T16:56:40.000000Z,125.125,125.125,10.0
2015-08-11T16:56:45.000000Z,125.125,125.125,1.0
2015-08-11T16:56:50.000000Z,125.125,125.125,3.0
2015-08-11T16:56:55.000000Z,125.125,125.125,1.0
2015-08-11T16:57:25.000000Z,125.125,125.125,4.0
2015-08-11T16:57:35.000000Z,125.125,125.125,1.0
2015-08-11T16:57:40.000000Z,125.125,125.125,2.0
2015-08-11T16:57:55.000000Z,125.125,125.125,2.0
2015-08-11T16:58:05.000000Z,125.125,125.125,5.0
2015-08-11T16:58:10.000000Z,125.125,125.125,4.0
2015-08-11T16:58:15.000000Z,125.125,125.125,8.0
2015-08-11T16:58:20.000000Z,125.125,125.125,3.0
2015-08-11T16:58:25.000000Z,125.125,125.125,4.0
2015-08-11T16:58:35.000000Z,125.125,125.125,2.0
2015-08-11T16:58:55.000000Z,125.125,125.125,4.0
2015-08-11T16:59:00.000000Z,125.125,125.125,4.0
2015-08-11T16:59:05.000000Z,125.125,125.125,1.0
2015-08-11T16:59:15.000000Z,125.125,125.125,3.0
2015-08-11T16:59:25.000000Z,125.125,125.125,3.0
2015-08-11T16:59:30.000000Z,125.125,125.125,5.0
2015-08-11T16:59:50.000000Z,125.125,125.125,11.0
2015-08-11T16:59:55.000000Z,125.125,125.125,5.0
2015-08-11T17:00:00.000000Z,125.125,125.125,6.0
2015-08-11T17:00:05.000000Z,125.125,125.125,5.0
2015-08-11T17:00:10.000000Z,125.125,125.125,2.0
2015-08-11T17:00:40.000000Z,125.125,125.125,2.0
2015-08-11T17:00:45.000000Z,125.125,125.125,5.0
2015-08-11T17:00:50.000000Z,125.125,125.125,8.0
2015-08-11T17:01:00.000000Z,125.125,125.125,2.0
2015-08-11T17:01:10.000000Z,125.125,125.125,4.0
2015-08-11T17:01:15.000000Z,125.125,125.125,4.0
2015-08-11T17:01:20.000000Z,125.125,125.125,8.0
2015-08-11T17:01:25.000000Z,125.125,125.125,5.0
2015-08-11T17:01:30.000000Z,125.125,125.125,3.0
2015-08-11T17:01:35.000000Z,125.125,125.125,1.0
2015-08-11T17:01:40.000000Z,125.125,125.125,5.0
2015-08-11T17:01:45.000000Z,125.125,125.125,3.0
2015-08-11T17:01:50.000000Z,125.125,125.125,15.0
2015-08-11T17:01:55.000000Z,125.125,125.125,10.0
2015-08-11T17:02:00.000000Z,125.125,125.125,2.0
2015-08-11T17:02:10.000000Z,125.125,125.125,15.0
2015-08-11T17:02:15.000000Z,125.125,125.125,1.0
2015-08-11T17:02:20.000000Z,125.125,125.125,2.0
2015-08-11T17:02:25.000000Z,125.125,125.125,6.0
2015-08-11T17:02:30.000000Z,125.125,125.125,2.0
2015-08-11T17:02:35.000000Z,125.125,125.125,2.0
2015-08-11T17:02:40.000000Z,125.125,125.125,3.0
2015-08-11T17:02:45.000000Z,125.125,125.125,1.0
2015-08-11T17:02:55.000000Z,125.125,125.125,1.0
2015-08-11T17:03:00.000000Z,125.125,125.125,3.0
2015-08-11T17:03:15.000000Z,125.125,125.125,3.0
2015-08-11T17:03:20.000000Z,125.125,125.0625,9.0
2015-08-11T17:03:25.000000Z,125.125,125.125,5.0
2015-08-11T17:04:05.000000Z,125.125,125.125,6.0
2015-08-11T17:04:10.000000Z,125.125,125.125,1.0
2015-08-11T17:04:15.000000Z,125.125,125.0625,2.0
2015-08-11T17:04:20.000000Z,125.125,125.125,2.0
2015-08-11T17:04:25.000000Z,125.125,125.125,12.0
2015-08-11T17:04:40.000000Z,125.125,125.125,7.0
2015-08-11T17:04:45.000000Z,125.125,125.125,1.0
2015-08-11T17:04:50.000000Z,125.125,125.0625,2.0
2015-08-11T17:05:00.000000Z,125.125,125.125,1.0
2015-08-11T17:05:05.000000Z,125.125,125.0625,2.0
2015-08-11T17:05:10.000000Z,125.125,125.125,1.0
2015-08-11T17:05:15.000000Z,125.125,125.125,5.0
2015-08-11T17:05:20.000000Z,125.125,125.125,1.0
2015-08-11T17:05:25.000000Z,125.125,125.125,1.0
2015-08-11T17:05:30.000000Z,125.125,125.125,1.0
2015-08-11T17:05:35.000000Z,125.125,125.0625,1.0
2015-08-11T17:05:40.000000Z,125.125,125.0625,3.0
2015-08-11T17:05:55.000000Z,125.125,125.0625,8.0
2015-08-11T17:06:05.000000Z,125.125,125.0625,1.0
2015-08-11T17:06:10.000000Z,125.125,125.0625,7.0
2015-08-11T17:06:15.000000Z,125.125,125.0625,4.0
2015-08-11T17:06:20.000000Z,125.0625,125.0625,4.0
2015-08-11T17:06:25.000000Z,125.0625,125.0625,5.0
2015-08-11T17:06:35.000000Z,125.0625,125.0625,2.0
2015-08-11T17:06:45.000000Z,125.0625,125.0625,4.0
2015-08-11T17:06:50.000000Z,125.0625,125.0625,6.0
2015-08-11T17:07:00.000000Z,125.0625,125.0625,6.0
2015-08-11T17:07:05.000000Z,125.0625,125.0625,4.0
2015-08-11T17:07:20.000000Z,125.0625,125.0625,11.0
2015-08-11T17:07:25.000000Z,125.0625,125.0625,6.0
2015-08-11T17:07:30.000000Z,125.0625,125.0625,11.0
2015-08-11T17:07:35.000000Z,125.0625,125.0625,10.0
2015-08-11T17:07:40.000000Z,125.0625,125.0625,12.0
2015-08-11T17:07:45.000000Z,125.0625,125.0625,1.0
2015-08-11T17:07:50.000000Z,125.0625,125.0625,1.0
2015-08-11T17:07:55.000000Z,125.0625,125.0625,3.0
2015-08-11T17:08:00.000000Z,125.0625,125.0625,2.0
2015-08-11T17:08:05.000000Z,125.0625,125.0625,1.0
2015-08-11T17:08:10.000000Z,125.0625,125.0625,2.0
2015-08-11T17:08:25.000000Z,125.0625,125.0625,8.0
2015-08-11T17:08:30.000000Z,125.0625,125.0625,3.0
2015-08-11T17:08:35.000000Z,125.0625,125.0625,6.0
2015-08-11T17:08:40.000000Z,125.0625,125.0625,3.0
2015-08-11T17:08:45.000000Z,125.0625,125.0625,4.0
2015-08-11T17:08:50.000000Z,125.0625,125.0625,3.0
2015-08-11T17:09:00.000000Z,125.0625,125.0625,4.0
2015-08-11T17:09:15.000000Z,125.0625,125.0625,18.0
2015-08-11T17:09:20.000000Z,125.0625,125.0625,2.0
2015-08-11T17:09:30.000000Z,125.0625,125.0625,3.0
2015-08-11T17:09:35.000000Z,125.0625,125.0625,4.0
2015-08-11T17:09:40.000000Z,125.0625,125.0625,2.0
2015-08-11T17:09:45.000000Z,125.0625,125.0625,11.0
2015-08-11T17:09:50.000000Z,125.0625,125.0625,17.0
2015-08-11T17:09:55.000000Z,125.0625,125.0625,10.0
2015-08-11T17:10:00.000000Z,125.0625,125.0625,6.0
2015-08-11T17:10:05.000000Z,125.0625,125.0625,12.0
2015-08-11T17:10:10.000000Z,125.0625,125.0625,5.0
2015-08-11T17:10:20.000000Z,125.0625,125.0625,2.0
2015-08-11T17:10:25.000000Z,125.0625,125.0625,6.0
2015-08-11T17:10:30.000000Z,125.0625,125.0625,3.0
2015-08-11T17:10:35.000000Z,125.0625,125.0625,2.0
2015-08-11T17:10:40.000000Z,125.0625,125.0625,2.0
2015-08-11T17:10:45.000000Z,125.0625,125.0625,7.0
2015-08-11T17:10:50.000000Z,125.0625,125.0625,1.0
2015-08-11T17:10:55.000000Z,125.0625,125.0625,16.0
2015-08-11T17:11:00.000000Z,125.0625,125.0625,15.0
2015-08-11T17:11:05.000000Z,125.0625,125.0625,2.0
2015-08-11T17:11:10.000000Z,125.0625,125.0625,5.0
2015-08-11T17:11:15.000000Z,125.0625,125.0625,4.0
2015-08-11T17:11:20.000000Z,125.0625,125.0625,5.0
2015-08-11T17:11:25.000000Z,125.0625,125.0625,5.0
2015-08-11T17:11:30.000000Z,125.0625,125.0625,2.0
2015-08-11T17:11:35.000000Z,125.0625,125.0625,1.0
2015-08-11T17:11:50.000000Z,125.0625,125.0625,1.0
2015-08-11T17:11:55.000000Z,125.0625,125.0625,19.0
2015-08-11T17:12:00.000000Z,125.0625,125.0,30.0
2015-08-11T17:12:05.000000Z,125.0625,125.0625,9.0
2015-08-11T17:12:10.000000Z,125.0625,125.0,3.0
2015-08-11T17:12:15.000000Z,125.0625,125.0,7.0
2015-08-11T17:12:20.000000Z,125.0625,125.0,10.0
2015-08-11T17:12:25.000000Z,125.0625,125.0,4.0
2015-08-11T17:12:35.000000Z,125.0,125.0,8.0
2015-08-11T17:12:40.000000Z,125.0625,125.0,10.0
2015-08-11T17:12:45.000000Z,125.0625,125.0,2.0
2015-08-11T17:12:50.000000Z,125.0625,125.0,9.0
2015-08-11T17:13:00.000000Z,125.0625,125.0,11.0
2015-08-11T17:13:05.000000Z,125.0625,125.0,11.0
2015-08-11T17:13:10.000000Z,125.0625,125.0,3.0
2015-08-11T17:13:15.000000Z,125.0625,125.0,4.0
2015-08-11T17:13:20.000000Z,125.0625,125.0,7.0
2015-08-11T17:13:25.000000Z,125.0625,125.0,5.0
2015-08-11T17:13:30.000000Z,125.0625,125.0,14.0
2015-08-11T17:13:35.000000Z,125.0625,125.0625,7.0
2015-08-11T17:13:40.000000Z,125.0625,125.0625,1.0
2015-08-11T17:13:45.000000Z,125.0625,125.0625,7.0
2015-08-11T17:13:50.000000Z,125.0625,125.0625,2.0
2015-08-11T17:13:55.000000Z,125.0625,125.0625,6.0
2015-08-11T17:14:00.000000Z,125.0625,125.0625,7.0
2015-08-11T17:14:05.000000Z,125.0625,125.0625,1.0
2015-08-11T17:14:15.000000Z,125.0625,125.0625,7.0
2015-08-11T17:14:25.000000Z,125.0625,125.0625,2.0
2015-08-11T17:14:35.000000Z,125.0625,125.0625,6.0
2015-08-11T17:14:40.000000Z,125.0625,125.0625,1.0
2015-08-11T17:14:45.000000Z,125.0625,125.0625,7.0
2015-08-11T17:14:55.000000Z,125.0625,125.0625,6.0
2015-08-11T17:15:00.000000Z,125.0625,125.0625,3.0
2015-08-11T17:15:05.000000Z,125.0625,125.0625,2.0
2015-08-11T17:15:10.000000Z,125.0625,125.0625,1.0
2015-08-11T17:15:20.000000Z,125.0625,125.0625,18.0
2015-08-11T17:15:25.000000Z,125.125,125.0625,11.0
2015-08-11T17:15:30.000000Z,125.0625,125.0625,7.0
2015-08-11T17:15:40.000000Z,125.0625,125.0625,10.0
2015-08-11T17:15:45.000000Z,125.0625,125.0625,9.0
2015-08-11T17:15:50.000000Z,125.0625,125.0625,3.0
2015-08-11T17:16:00.000000Z,125.0625,125.0625,2.0
2015-08-11T17:16:05.000000Z,125.0625,125.0625,5.0
2015-08-11T17:16:10.000000Z,125.0625,125.0625,6.0
2015-08-11T17:16:15.000000Z,125.0625,125.0625,10.0
2015-08-11T17:16:20.000000Z,125.0625,125.0625,8.0
2015-08-11T17:16:25.000000Z,125.0625,125.0625,6.0
2015-08-11T17:16:30.000000Z,125.0625,125.0625,4.0
2015-08-11T17:16:40.000000Z,125.0625,125.0625,2.0
2015-08-11T17:16:45.000000Z,125.0625,125.0625,3.0
2015-08-11T17:16:50.000000Z,125.0625,125.0625,10.0
2015-08-11T17:16:55.000000Z,125.0625,125.0625,3.0
2015-08-11T17:17:00.000000Z,125.0625,125.0625,1.0
2015-08-11T17:17:10.000000Z,125.0625,125.0625,3.0
2015-08-11T17:17:15.000000Z,125.0625,125.0625,10.0
2015-08-11T17:17:35.000000Z,125.0625,125.0625,7.0
2015-08-11T17:17:40.000000Z,125.0625,125.0,10.0
2015-08-11T17:17:45.000000Z,125.0625,125.0625,16.0
2015-08-11T17:17:50.000000Z,125.0625,125.0625,9.0
2015-08-11T17:17:55.000000Z,125.0625,125.0625,1.0
2015-08-11T17:18:05.000000Z,125.0625,125.0625,1.0
2015-08-11T17:18:10.000000Z,125.0625,125.0625,8.0
2015-08-11T17:18:15.000000Z,125.0625,125.0625,3.0
2015-08-11T17:18:20.000000Z,125.0625,125.0625,7.0
2015-08-11T17:18:25.000000Z,125.0625,125.0625,1.0
2015-08-11T17:18:35.000000Z,125.0625,125.0625,2.0
2015-08-11T17:18:40.000000Z,125.0625,125.0,10.0
2015-08-11T17:18:50.000000Z,125.0625,125.0,1.0
2015-08-11T17:18:55.000000Z,125.0,125.0,7.0
2015-08-11T17:19:00.000000Z,125.0,125.0,3.0
2015-08-11T17:19:05.000000Z,125.0,125.0,6.0
2015-08-11T17:19:10.000000Z,125.0,125.0,3.0
2015-08-11T17:19:15.000000Z,125.0625,125.0,8.0
2015-08-11T17:19:20.000000Z,125.0625,125.0,6.0
2015-08-11T17:19:25.000000Z,125.0625,125.0,1.0
2015-08-11T17:19:35.000000Z,125.0625,125.0,1.0
2015-08-11T17:19:40.000000Z,125.0625,125.0,7.0
2015-08-11T17:19:45.000000Z,125.0625,125.0,9.0
2015-08-11T17:19:50.000000Z,125.0625,125.0,1.0
2015-08-11T17:20:00.000000Z,125.0625,125.0625,9.0
2015-08-11T17:20:05.000000Z,125.0625,125.0625,2.0
2015-08-11T17:20:10.000000Z,125.0625,125.0625,2.0
2015-08-11T17:20:15.000000Z,125.0625,125.0625,14.0
2015-08-11T17:20:20.000000Z,125.0625,125.0625,3.0
2015-08-11T17:20:25.000000Z,125.0625,125.0625,3.0
2015-08-11T17:20:30.000000Z,125.0625,125.0625,5.0
2015-08-11T17:20:40.000000Z,125.0625,125.0625,2.0
2015-08-11T17:20:45.000000Z,125.0625,125.0625,2.0
2015-08-11T17:20:55.000000Z,125.0625,125.0,10.0
2015-08-11T17:21:00.000000Z,125.0625,125.0,4.0
2015-08-11T17:21:05.000000Z,125.0,125.0,1.0
2015-08-11T17:21:10.000000Z,125.0,125.0,4.0
2015-08-11T17:21:15.000000Z,125.0,125.0,10.0
2015-08-11T17:21:20.000000Z,125.0,125.0,4.0
2015-08-11T17:21:25.000000Z,125.0,125.0,7.0
2015-08-11T17:21:30.000000Z,125.0625,125.0,10.0
2015-08-11T17:21:35.000000Z,125.0,125.0,3.0
2015-08-11T17:21:40.000000Z,125.0,125.0,5.0
2015-08-11T17:21:45.000000Z,125.0,125.0,2.0
2015-08-11T17:21:50.000000Z,125.0625,125.0,11.0
2015-08-11T17:21:55.000000Z,125.0625,125.0,2.0
2015-08-11T17:22:00.000000Z,125.0625,125.0,2.0
2015-08-11T17:22:05.000000Z,125.0625,125.0,4.0
2015-08-11T17:22:20.000000Z,125.0625,125.0,2.0
2015-08-11T17:22:30.000000Z,125.0625,125.0,4.0
2015-08-11T17:22:35.000000Z,125.0625,125.0625,14.0
2015-08-11T17:22:40.000000Z,125.0625,125.0625,7.0
2015-08-11T17:22:45.000000Z,125.0625,125.0625,5.0
2015-08-11T17:22:50.000000Z,125.0625,125.0625,6.0
2015-08-11T17:22:55.000000Z,125.0625,125.0625,1.0
2015-08-11T17:23:05.000000Z,125.0625,125.0625,1.0
2015-08-11T17:23:10.000000Z,125.0625,125.0625,14.0
2015-08-11T17:23:15.000000Z,125.0625,125.0625,10.0
2015-08-11T17:23:20.000000Z,125.0625,125.0625,11.0
2015-08-11T17:23:25.000000Z,125.0625,125.0625,2.0
2015-08-11T17:23:30.000000Z,125.0625,125.0625,2.0
2015-08-11T17:23:35.000000Z,125.0625,125.0625,1.0
2015-08-11T17:23:40.000000Z,125.0625,125.0625,2.0
2015-08-11T17:23:45.000000Z,125.0625,125.0625,1.0
2015-08-11T17:23:50.000000Z,125.0625,125.0625,1.0
2015-08-11T17:24:00.000000Z,125.0625,125.0625,1.0
2015-08-11T17:24:05.000000Z,125.0625,125.0625,4.0
2015-08-11T17:24:20.000000Z,125.0625,125.0625,3.0
2015-08-11T17:24:25.000000Z,125.0625,125.0625,1.0
2015-08-11T17:24:45.000000Z,125.0625,125.0625,4.0
2015-08-11T17:24:55.000000Z,125.0625,125.0625,5.0
2015-08-11T17:25:00.000000Z,125.0625,125.0625,12.0
2015-08-11T17:25:05.000000Z,125.0625,125.0625,3.0
2015-08-11T17:25:15.000000Z,125.0625,125.0625,1.0
2015-08-11T17:25:25.000000Z,125.0625,125.0625,6.0
2015-08-11T17:25:30.000000Z,125.0625,125.0625,2.0
2015-08-11T17:25:35.000000Z,125.0625,125.0625,6.0
2015-08-11T17:25:40.000000Z,125.0625,125.0625,4.0
2015-08-11T17:25:50.000000Z,125.0625,125.0625,4.0
2015-08-11T17:25:55.000000Z,125.0625,125.0625,2.0
2015-08-11T17:26:00.000000Z,125.0625,125.0625,1.0
2015-08-11T17:26:10.000000Z,125.0625,125.0625,4.0
2015-08-11T17:26:15.000000Z,125.0625,125.0625,4.0
2015-08-11T17:26:20.000000Z,125.0625,125.0625,7.0
2015-08-11T17:26:25.000000Z,125.0625,125.0625,5.0
2015-08-11T17:26:35.000000Z,125.0625,125.0625,1.0
2015-08-11T17:26:45.000000Z,125.0625,125.0625,1.0
2015-08-11T17:26:55.000000Z,125.0625,125.0625,1.0
2015-08-11T17:27:05.000000Z,125.0625,125.0625,1.0
2015-08-11T17:27:25.000000Z,125.0625,125.0625,1.0
2015-08-11T17:27:30.000000Z,125.0625,125.0625,5.0
2015-08-11T17:27:35.000000Z,125.0625,125.0625,11.0
2015-08-11T17:27:45.000000Z,125.0625,125.0625,9.0
2015-08-11T17:27:50.000000Z,125.0625,125.0625,3.0
2015-08-11T17:28:15.000000Z,125.0625,125.0625,3.0
2015-08-11T17:28:20.000000Z,125.0625,125.0625,5.0
2015-08-11T17:28:25.000000Z,125.0625,125.0625,6.0
2015-08-11T17:28:30.000000Z,125.0625,125.0625,4.0
2015-08-11T17:28:50.000000Z,125.0625,125.0625,4.0
2015-08-11T17:28:55.000000Z,125.0625,125.0625,3.0
2015-08-11T17:29:00.000000Z,125.0625,125.0625,9.0
2015-08-11T17:29:05.000000Z,125.0625,125.0625,2.0
2015-08-11T17:29:10.000000Z,125.0625,125.0625,7.0
2015-08-11T17:29:15.000000Z,125.0625,125.0625,3.0
2015-08-11T17:29:20.000000Z,125.0625,125.0625,3.0
2015-08-11T17:29:25.000000Z,125.0625,125.0625,3.0
2015-08-11T17:29:30.000000Z,125.0625,125.0625,4.0
2015-08-11T17:29:35.000000Z,125.0625,125.0625,4.0
2015-08-11T17:29:40.000000Z,125.0625,125.0625,5.0
2015-08-11T17:29:45.000000Z,125.0625,125.0625,5.0
2015-08-11T17:29:55.000000Z,125.0625,125.0625,1.0
2015-08-11T17:30:00.000000Z,125.0625,125.0625,3.0
2015-08-11T17:30:15.000000Z,125.0625,125.0625,5.0
2015-08-11T17:30:25.000000Z,125.0625,125.0625,7.0
2015-08-11T17:30:30.000000Z,125.0625,125.0625,5.0
2015-08-11T17:30:35.000000Z,125.0625,125.0625,1.0
2015-08-11T17:30:40.000000Z,125.0625,125.0625,1.0
2015-08-11T17:30:45.000000Z,125.0625,125.0625,3.0
2015-08-11T17:30:50.000000Z,125.0625,125.0625,5.0
2015-08-11T17:30:55.000000Z,125.0625,125.0625,5.0
2015-08-11T17:31:00.000000Z,125.0625,125.0625,2.0
2015-08-11T17:31:05.000000Z,125.0625,125.0625,1.0
2015-08-11T17:31:10.000000Z,125.125,125.0625,7.0
2015-08-11T17:31:15.000000Z,125.125,125.0625,1.0
2015-08-11T17:31:20.000000Z,125.125,125.0625,4.0
2015-08-11T17:31:25.000000Z,125.125,125.0625,11.0
2015-08-11T17:31:45.000000Z,125.125,125.0625,1.0
2015-08-11T17:31:55.000000Z,125.125,125.125,8.0
2015-08-11T17:32:00.000000Z,125.125,125.125,13.0
2015-08-11T17:32:05.000000Z,125.125,125.125,2.0
2015-08-11T17:32:10.000000Z,125.125,125.125,3.0
2015-08-11T17:32:20.000000Z,125.125,125.125,2.0
2015-08-11T17:32:25.000000Z,125.125,125.125,3.0
2015-08-11T17:32:30.000000Z,125.125,125.125,5.0
2015-08-11T17:32:35.000000Z,125.125,125.125,1.0
2015-08-11T17:32:45.000000Z,125.125,125.125,3.0
2015-08-11T17:32:50.000000Z,125.125,125.125,3.0
2015-08-11T17:32:55.000000Z,125.125,125.125,3.0
2015-08-11T17:33:00.000000Z,125.125,125.125,4.0
2015-08-11T17:33:05.000000Z,125.125,125.125,3.0
2015-08-11T17:33:10.000000Z,125.125,125.125,2.0
2015-08-11T17:33:15.000000Z,125.125,125.125,8.0
2015-08-11T17:33:20.000000Z,125.125,125.125,1.0
2015-08-11T17:33:30.000000Z,125.125,125.125,3.0
2015-08-11T17:33:35.000000Z,125.125,125.125,2.0
2015-08-11T17:33:45.000000Z,125.125,125.125,7.0
2015-08-11T17:33:50.000000Z,125.125,125.125,10.0
2015-08-11T17:34:05.000000Z,125.125,125.125,6.0
2015-08-11T17:34:10.000000Z,125.125,125.125,1.0
2015-08-11T17:34:15.000000Z,125.125,125.125,6.0
2015-08-11T17:34:30.000000Z,125.125,125.125,2.0
2015-08-11T17:34:35.000000Z,125.125,125.125,2.0
2015-08-11T17:34:40.000000Z,125.125,125.125,3.0
2015-08-11T17:34:45.000000Z,125.125,125.125,1.0
2015-08-11T17:34:50.000000Z,125.125,125.125,4.0
2015-08-11T17:34:55.000000Z,125.125,125.125,3.0
2015-08-11T17:35:00.000000Z,125.125,125.125,2.0
2015-08-11T17:35:10.000000Z,125.125,125.125,9.0
2015-08-11T17:35:15.000000Z,125.125,125.125,10.0
2015-08-11T17:35:20.000000Z,125.125,125.125,3.0
2015-08-11T17:35:25.000000Z,125.125,125.125,1.0
2015-08-11T17:35:35.000000Z,125.125,125.125,5.0
2015-08-11T17:35:40.000000Z,125.125,125.125,6.0
2015-08-11T17:35:45.000000Z,125.125,125.125,2.0
2015-08-11T17:36:05.000000Z,125.125,125.125,5.0
2015-08-11T17:36:10.000000Z,125.1875,125.125,22.0
2015-08-11T17:36:15.000000Z,125.1875,125.125,4.0
2015-08-11T17:36:20.000000Z,125.1875,125.125,1.0
2015-08-11T17:36:25.000000Z,125.1875,125.125,10.0
2015-08-11T17:36:30.000000Z,125.1875,125.125,2.0
2015-08-11T17:36:35.000000Z,125.1875,125.125,1.0
2015-08-11T17:36:40.000000Z,125.1875,125.1875,8.0
2015-08-11T17:36:45.000000Z,125.1875,125.1875,4.0
2015-08-11T17:36:50.000000Z,125.1875,125.125,4.0
2015-08-11T17:36:55.000000Z,125.1875,125.125,3.0
2015-08-11T17:37:05.000000Z,125.1875,125.1875,9.0
2015-08-11T17:37:10.000000Z,125.1875,125.125,1.0
2015-08-11T17:37:15.000000Z,125.1875,125.125,3.0
2015-08-11T17:37:20.000000Z,125.1875,125.125,2.0
2015-08-11T17:37:25.000000Z,125.1875,125.125,6.0
2015-08-11T17:37:35.000000Z,125.1875,125.125,5.0
2015-08-11T17:37:40.000000Z,125.1875,125.1875,3.0
2015-08-11T17:37:45.000000Z,125.1875,125.1875,1.0
2015-08-11T17:37:50.000000Z,125.1875,125.125,7.0
2015-08-11T17:37:55.000000Z,125.1875,125.125,5.0
2015-08-11T17:38:00.000000Z,125.1875,125.125,8.0
2015-08-11T17:38:10.000000Z,125.1875,125.125,3.0
2015-08-11T17:38:15.000000Z,125.1875,125.125,7.0
2015-08-11T17:38:20.000000Z,125.1875,125.125,7.0
2015-08-11T17:38:25.000000Z,125.1875,125.125,1.0
2015-08-11T17:38:30.000000Z,125.1875,125.125,1.0
2015-08-11T17:38:35.000000Z,125.1875,125.125,5.0
2015-08-11T17:38:40.000000Z,125.1875,125.125,1.0
2015-08-11T17:38:50.000000Z,125.1875,125.125,1.0
2015-08-11T17:39:00.000000Z,125.1875,125.125,5.0
2015-08-11T17:39:05.000000Z,125.1875,125.125,1.0
2015-08-11T17:39:10.000000Z,125.1875,125.125,6.0
2015-08-11T17:39:15.000000Z,125.1875,125.125,3.0
2015-08-11T17:39:20.000000Z,125.1875,125.125,2.0
2015-08-11T17:39:25.000000Z,125.1875,125.125,6.0
2015-08-11T17:39:30.000000Z,125.125,125.125,6.0
2015-08-11T17:39:35.000000Z,125.125,125.125,1.0
2015-08-11T17:39:45.000000Z,125.125,125.125,1.0
2015-08-11T17:39:55.000000Z,125.125,125.125,3.0
2015-08-11T17:40:20.000000Z,125.125,125.125,12.0
2015-08-11T17:40:25.000000Z,125.125,125.125,3.0
2015-08-11T17:40:35.000000Z,125.125,125.125,6.0
2015-08-11T17:40:40.000000Z,125.125,125.125,3.0
2015-08-11T17:40:45.000000Z,125.125,125.125,8.0
2015-08-11T17:40:50.000000Z,125.125,125.125,5.0
2015-08-11T17:40:55.000000Z,125.125,125.125,7.0
2015-08-11T17:41:00.000000Z,125.125,125.125,4.0
2015-08-11T17:41:05.000000Z,125.125,125.125,2.0
2015-08-11T17:41:10.000000Z,125.125,125.125,3.0
2015-08-11T17:41:15.000000Z,125.125,125.125,4.0
2015-08-11T17:41:30.000000Z,125.125,125.125,2.0
2015-08-11T17:41:35.000000Z,125.125,125.125,7.0
2015-08-11T17:41:40.000000Z,125.125,125.125,3.0
2015-08-11T17:41:45.000000Z,125.125,125.125,2.0
2015-08-11T17:41:55.000000Z,125.125,125.125,6.0
2015-08-11T17:42:00.000000Z,125.125,125.125,4.0
2015-08-11T17:42:05.000000Z,125.125,125.125,7.0
2015-08-11T17:42:10.000000Z,125.125,125.125,12.0
2015-08-11T17:42:15.000000Z,125.125,125.125,1.0
2015-08-11T17:42:20.000000Z,125.125,125.125,1.0
2015-08-11T17:42:40.000000Z,125.125,125.125,4.0
2015-08-11T17:42:45.000000Z,125.125,125.125,11.0
2015-08-11T17:42:50.000000Z,125.125,125.125,2.0
2015-08-11T17:42:55.000000Z,125.125,125.125,3.0
2015-08-11T17:43:00.000000Z,125.125,125.125,6.0
2015-08-11T17:43:05.000000Z,125.125,125.125,3.0
2015-08-11T17:43:10.000000Z,125.125,125.125,2.0
2015-08-11T17:43:15.000000Z,125.125,125.125,3.0
2015-08-11T17:43:20.000000Z,125.125,125.125,1.0
2015-08-11T17:43:25.000000Z,125.125,125.125,1.0
2015-08-11T17:43:30.000000Z,125.125,125.125,2.0
2015-08-11T17:43:35.000000Z,125.125,125.125,2.0
2015-08-11T17:43:40.000000Z,125.125,125.125,4.0
2015-08-11T17:43:55.000000Z,125.125,125.125,7.0
2015-08-11T17:44:00.000000Z,125.125,125.125,1.0
2015-08-11T17:44:05.000000Z,125.125,125.125,1.0
2015-08-11T17:44:10.000000Z,125.125,125.125,1.0
2015-08-11T17:44:15.000000Z,125.125,125.125,2.0
2015-08-11T17:44:30.000000Z,125.125,125.125,2.0
2015-08-11T17:44:35.000000Z,125.125,125.125,1.0
2015-08-11T17:44:45.000000Z,125.125,125.125,1.0
2015-08-11T17:44:50.000000Z,125.125,125.125,3.0
2015-08-11T17:44:55.000000Z,125.125,125.125,2.0
2015-08-11T17:45:10.000000Z,125.125,125.125,11.0
2015-08-11T17:45:25.000000Z,125.125,125.125,5.0
2015-08-11T17:45:30.000000Z,125.125,125.125,2.0
2015-08-11T17:45:40.000000Z,125.125,125.125,2.0
2015-08-11T17:45:45.000000Z,125.125,125.125,3.0
2015-08-11T17:45:50.000000Z,125.125,125.125,6.0
2015-08-11T17:45:55.000000Z,125.125,125.125,1.0
2015-08-11T17:46:00.000000Z,125.125,125.125,6.0
2015-08-11T17:46:10.000000Z,125.125,125.125,1.0
2015-08-11T17:46:15.000000Z,125.125,125.125,3.0
2015-08-11T17:46:30.000000Z,125.125,125.125,10.0
2015-08-11T17:46:35.000000Z,125.125,125.125,3.0
2015-08-11T17:46:40.000000Z,125.125,125.125,1.0
2015-08-11T17:46:45.000000Z,125.125,125.125,1.0
2015-08-11T17:46:50.000000Z,125.125,125.125,3.0
2015-08-11T17:46:55.000000Z,125.125,125.125,4.0
2015-08-11T17:47:00.000000Z,125.125,125.125,1.0
2015-08-11T17:47:05.000000Z,125.125,125.125,6.0
2015-08-11T17:47:10.000000Z,125.125,125.125,2.0
2015-08-11T17:47:15.000000Z,125.125,125.125,4.0
2015-08-11T17:47:20.000000Z,125.125,125.125,3.0
2015-08-11T17:47:30.000000Z,125.125,125.125,1.0
2015-08-11T17:47:35.000000Z,125.125,125.125,3.0
2015-08-11T17:47:40.000000Z,125.125,125.125,3.0
2015-08-11T17:47:55.000000Z,125.125,125.125,2.0
2015-08-11T17:48:00.000000Z,125.1875,125.125,2.0
2015-08-11T17:48:05.000000Z,125.1875,125.125,1.0
2015-08-11T17:48:10.000000Z,125.1875,125.125,3.0
2015-08-11T17:48:15.000000Z,125.1875,125.125,8.0
2015-08-11T17:48:20.000000Z,125.125,125.125,6.0
2015-08-11T17:48:25.000000Z,125.125,125.125,1.0
2015-08-11T17:48:35.000000Z,125.125,125.125,1.0
2015-08-11T17:48:40.000000Z,125.125,125.125,1.0
2015-08-11T17:48:45.000000Z,125.125,125.125,3.0
2015-08-11T17:48:55.000000Z,125.125,125.125,13.0
2015-08-11T17:49:00.000000Z,125.125,125.125,3.0
2015-08-11T17:49:05.000000Z,125.125,125.125,2.0
2015-08-11T17:49:20.000000Z,125.1875,125.125,3.0
2015-08-11T17:49:45.000000Z,125.125,125.125,4.0
2015-08-11T17:50:00.000000Z,125.125,125.125,4.0
2015-08-11T17:50:05.000000Z,125.125,125.125,1.0
2015-08-11T17:50:10.000000Z,125.1875,125.125,4.0
2015-08-11T17:50:15.000000Z,125.1875,125.125,3.0
2015-08-11T17:50:20.000000Z,125.1875,125.125,8.0
2015-08-11T17:50:40.000000Z,125.1875,125.125,2.0
2015-08-11T17:50:45.000000Z,125.1875,125.125,1.0
2015-08-11T17:50:50.000000Z,125.1875,125.125,3.0
2015-08-11T17:50:55.000000Z,125.1875,125.125,9.0
2015-08-11T17:51:00.000000Z,125.1875,125.125,3.0
2015-08-11T17:51:05.000000Z,125.1875,125.125,1.0
2015-08-11T17:51:20.000000Z,125.1875,125.125,1.0
2015-08-11T17:51:25.000000Z,125.1875,125.125,2.0
2015-08-11T17:51:30.000000Z,125.1875,125.125,4.0
2015-08-11T17:51:35.000000Z,125.125,125.125,1.0
2015-08-11T17:51:45.000000Z,125.1875,125.125,1.0
2015-08-11T17:51:50.000000Z,125.1875,125.125,3.0
2015-08-11T17:51:55.000000Z,125.1875,125.125,6.0
2015-08-11T17:52:10.000000Z,125.1875,125.125,2.0
2015-08-11T17:52:15.000000Z,125.1875,125.125,1.0
2015-08-11T17:52:20.000000Z,125.1875,125.125,1.0
2015-08-11T17:52:25.000000Z,125.125,125.125,6.0
2015-08-11T17:52:35.000000Z,125.125,125.125,3.0
2015-08-11T17:52:55.000000Z,125.125,125.125,5.0
2015-08-11T17:53:00.000000Z,125.125,125.125,1.0
2015-08-11T17:53:05.000000Z,125.125,125.125,4.0
2015-08-11T17:53:15.000000Z,125.125,125.125,3.0
2015-08-11T17:53:20.000000Z,125.125,125.125,3.0
2015-08-11T17:53:25.000000Z,125.125,125.125,1.0
2015-08-11T17:53:50.000000Z,125.125,125.125,5.0
2015-08-11T17:53:55.000000Z,125.125,125.125,3.0
2015-08-11T17:54:00.000000Z,125.1875,125.125,5.0
2015-08-11T17:54:10.000000Z,125.1875,125.1875,7.0
2015-08-11T17:54:15.000000Z,125.1875,125.1875,2.0
2015-08-11T17:54:20.000000Z,125.1875,125.1875,3.0
2015-08-11T17:54:25.000000Z,125.1875,125.125,6.0
2015-08-11T17:54:30.000000Z,125.1875,125.125,4.0
2015-08-11T17:54:35.000000Z,125.1875,125.125,5.0
2015-08-11T17:54:45.000000Z,125.1875,125.125,2.0
2015-08-11T17:55:00.000000Z,125.1875,125.125,18.0
2015-08-11T17:55:05.000000Z,125.1875,125.125,8.0
2015-08-11T17:55:10.000000Z,125.1875,125.125,3.0
2015-08-11T17:55:15.000000Z,125.1875,125.125,7.0
2015-08-11T17:55:20.000000Z,125.1875,125.125,8.0
2015-08-11T17:55:25.000000Z,125.1875,125.125,5.0
2015-08-11T17:55:30.000000Z,125.1875,125.125,2.0
2015-08-11T17:55:45.000000Z,125.1875,125.125,7.0
2015-08-11T17:55:50.000000Z,125.1875,125.125,2.0
2015-08-11T17:55:55.000000Z,125.1875,125.125,3.0
2015-08-11T17:56:00.000000Z,125.1875,125.125,2.0
2015-08-11T17:56:10.000000Z,125.1875,125.125,2.0
2015-08-11T17:56:15.000000Z,125.1875,125.125,1.0
2015-08-11T17:56:25.000000Z,125.1875,125.125,2.0
2015-08-11T17:56:30.000000Z,125.1875,125.125,2.0
2015-08-11T17:56:40.000000Z,125.1875,125.125,3.0
2015-08-11T17:56:45.000000Z,125.1875,125.125,2.0
2015-08-11T17:56:55.000000Z,125.1875,125.125,7.0
2015-08-11T17:57:05.000000Z,125.125,125.125,10.0
2015-08-11T17:57:10.000000Z,125.125,125.125,5.0
2015-08-11T17:57:15.000000Z,125.125,125.125,4.0
2015-08-11T17:57:20.000000Z,125.125,125.125,8.0
2015-08-11T17:57:30.000000Z,125.125,125.125,1.0
2015-08-11T17:57:35.000000Z,125.125,125.125,3.0
2015-08-11T17:57:40.000000Z,125.125,125.125,2.0
2015-08-11T17:57:45.000000Z,125.125,125.125,1.0
2015-08-11T17:57:50.000000Z,125.125,125.125,4.0
2015-08-11T17:57:55.000000Z,125.125,125.125,1.0
2015-08-11T17:58:00.000000Z,125.125,125.125,1.0
2015-08-11T17:58:05.000000Z,125.125,125.125,11.0
2015-08-11T17:58:10.000000Z,125.125,125.125,8.0
2015-08-11T17:58:15.000000Z,125.125,125.125,2.0
2015-08-11T17:58:30.000000Z,125.125,125.125,8.0
2015-08-11T17:58:35.000000Z,125.125,125.125,2.0
2015-08-11T17:58:40.000000Z,125.125,125.125,1.0
2015-08-11T17:58:45.000000Z,125.125,125.125,5.0
2015-08-11T17:58:50.000000Z,125.125,125.125,4.0
2015-08-11T17:58:55.000000Z,125.125,125.125,3.0
2015-08-11T17:59:00.000000Z,125.125,125.125,3.0
2015-08-11T17:59:10.000000Z,125.125,125.125,1.0
2015-08-11T17:59:15.000000Z,125.125,125.125,1.0
2015-08-11T17:59:30.000000Z,125.125,125.125,1.0
2015-08-11T17:59:35.000000Z,125.125,125.125,3.0
2015-08-11T17:59:50.000000Z,125.125,125.125,4.0
2015-08-11T18:00:00.000000Z,125.125,125.125,6.0
2015-08-11T18:00:05.000000Z,125.125,125.125,2.0
2015-08-11T18:00:10.000000Z,125.125,125.125,2.0
2015-08-11T18:00:15.000000Z,125.125,125.125,1.0
2015-08-11T18:00:20.000000Z,125.125,125.125,3.0
2015-08-11T18:00:25.000000Z,125.125,125.125,5.0
2015-08-11T18:00:30.000000Z,125.125,125.125,4.0
2015-08-11T18:00:35.000000Z,125.125,125.125,1.0
2015-08-11T18:00:40.000000Z,125.125,125.125,2.0
2015-08-11T18:00:45.000000Z,125.125,125.125,1.0
2015-08-11T18:00:50.000000Z,125.125,125.125,4.0
2015-08-11T18:01:00.000000Z,125.125,125.125,1.0
2015-08-11T18:01:05.000000Z,125.125,125.125,8.0
2015-08-11T18:01:15.000000Z,125.125,125.125,4.0
2015-08-11T18:01:25.000000Z,125.125,125.125,1.0
2015-08-11T18:02:00.000000Z,125.125,125.125,4.0
2015-08-11T18:02:05.000000Z,125.125,125.125,4.0
2015-08-11T18:02:20.000000Z,125.125,125.125,1.0
2015-08-11T18:02:30.000000Z,125.125,125.125,1.0
2015-08-11T18:02:40.000000Z,125.125,125.125,4.0
2015-08-11T18:02:45.000000Z,125.125,125.125,3.0
2015-08-11T18:02:50.000000Z,125.125,125.125,3.0
2015-08-11T18:02:55.000000Z,125.125,125.125,4.0
2015-08-11T18:03:00.000000Z,125.125,125.125,6.0
2015-08-11T18:03:05.000000Z,125.125,125.125,2.0
2015-08-11T18:03:10.000000Z,125.125,125.125,2.0
2015-08-11T18:03:15.000000Z,125.125,125.125,1.0
2015-08-11T18:03:20.000000Z,125.125,125.125,10.0
2015-08-11T18:03:25.000000Z,125.125,125.125,5.0
2015-08-11T18:03:30.000000Z,125.125,125.125,5.0
2015-08-11T18:03:35.000000Z,125.125,125.125,1.0
2015-08-11T18:03:40.000000Z,125.125,125.125,1.0
2015-08-11T18:03:45.000000Z,125.125,125.125,9.0
2015-08-11T18:03:50.000000Z,125.125,125.125,6.0
2015-08-11T18:03:55.000000Z,125.125,125.125,1.0
2015-08-11T18:04:00.000000Z,125.125,125.125,1.0
2015-08-11T18:04:05.000000Z,125.125,125.125,4.0
2015-08-11T18:04:10.000000Z,125.125,125.125,4.0
2015-08-11T18:04:20.000000Z,125.125,125.125,1.0
2015-08-11T18:04:25.000000Z,125.125,125.125,4.0
2015-08-11T18:04:40.000000Z,125.125,125.125,1.0
2015-08-11T18:04:45.000000Z,125.125,125.125,3.0
2015-08-11T18:04:50.000000Z,125.125,125.125,4.0
2015-08-11T18:05:00.000000Z,125.125,125.125,13.0
2015-08-11T18:05:05.000000Z,125.125,125.125,6.0
2015-08-11T18:05:10.000000Z,125.125,125.125,5.0
2015-08-11T18:05:15.000000Z,125.125,125.125,3.0
2015-08-11T18:05:25.000000Z,125.125,125.125,2.0
2015-08-11T18:05:30.000000Z,125.125,125.125,6.0
2015-08-11T18:05:40.000000Z,125.125,125.125,6.0
2015-08-11T18:05:45.000000Z,125.125,125.125,2.0
2015-08-11T18:05:50.000000Z,125.125,125.125,5.0
2015-08-11T18:05:55.000000Z,125.125,125.125,5.0
2015-08-11T18:06:00.000000Z,125.125,125.125,4.0
2015-08-11T18:06:05.000000Z,125.125,125.125,2.0
2015-08-11T18:06:10.000000Z,125.125,125.125,1.0
2015-08-11T18:06:20.000000Z,125.125,125.125,7.0
2015-08-11T18:06:25.000000Z,125.125,125.125,1.0
2015-08-11T18:06:30.000000Z,125.125,125.125,1.0
2015-08-11T18:06:35.000000Z,125.125,125.125,7.0
2015-08-11T18:06:40.000000Z,125.125,125.125,1.0
2015-08-11T18:06:45.000000Z,125.125,125.125,4.0
2015-08-11T18:06:50.000000Z,125.125,125.125,6.0
2015-08-11T18:06:55.000000Z,125.125,125.125,4.0
2015-08-11T18:07:00.000000Z,125.125,125.125,3.0
2015-08-11T18:07:05.000000Z,125.125,125.125,1.0
2015-08-11T18:07:10.000000Z,125.125,125.125,4.0
2015-08-11T18:07:15.000000Z,125.125,125.125,1.0
2015-08-11T18:07:20.000000Z,125.125,125.125,1.0
2015-08-11T18:07:25.000000Z,125.125,125.125,3.0
2015-08-11T18:07:30.000000Z,125.125,125.125,2.0
2015-08-11T18:08:00.000000Z,125.125,125.125,4.0
2015-08-11T18:08:20.000000Z,125.125,125.125,1.0
2015-08-11T18:08:25.000000Z,125.125,125.125,3.0
2015-08-11T18:08:30.000000Z,125.125,125.125,4.0
2015-08-11T18:08:35.000000Z,125.125,125.125,5.0
2015-08-11T18:08:40.000000Z,125.125,125.125,1.0
2015-08-11T18:08:45.000000Z,125.125,125.125,5.0
2015-08-11T18:08:50.000000Z,125.125,125.125,3.0
2015-08-11T18:09:05.000000Z,125.125,125.125,1.0
2015-08-11T18:09:10.000000Z,125.125,125.125,1.0
2015-08-11T18:09:30.000000Z,125.125,125.125,3.0
2015-08-11T18:09:35.000000Z,125.125,125.125,2.0
2015-08-11T18:09:40.000000Z,125.125,125.125,2.0
2015-08-11T18:09:50.000000Z,125.125,125.125,2.0
2015-08-11T18:10:00.000000Z,125.125,125.125,4.0
2015-08-11T18:10:05.000000Z,125.125,125.125,3.0
2015-08-11T18:10:10.000000Z,125.125,125.125,1.0
2015-08-11T18:10:15.000000Z,125.125,125.125,2.0
2015-08-11T18:10:35.000000Z,125.125,125.125,4.0
2015-08-11T18:10:40.000000Z,125.125,125.125,2.0
2015-08-11T18:10:45.000000Z,125.125,125.125,3.0
2015-08-11T18:11:10.000000Z,125.125,125.125,9.0
2015-08-11T18:11:20.000000Z,125.125,125.125,2.0
2015-08-11T18:11:25.000000Z,125.125,125.125,2.0
2015-08-11T18:11:40.000000Z,125.125,125.125,1.0
2015-08-11T18:11:45.000000Z,125.125,125.125,3.0
2015-08-11T18:12:00.000000Z,125.125,125.125,3.0
2015-08-11T18:12:05.000000Z,125.125,125.125,1.0
2015-08-11T18:12:10.000000Z,125.125,125.125,3.0
2015-08-11T18:12:15.000000Z,125.125,125.125,2.0
2015-08-11T18:12:25.000000Z,125.125,125.125,8.0
2015-08-11T18:12:35.000000Z,125.125,125.125,4.0
2015-08-11T18:12:40.000000Z,125.125,125.125,4.0
2015-08-11T18:12:50.000000Z,125.125,125.125,1.0
2015-08-11T18:13:10.000000Z,125.125,125.125,1.0
2015-08-11T18:13:15.000000Z,125.125,125.125,2.0
2015-08-11T18:13:20.000000Z,125.125,125.125,1.0
2015-08-11T18:13:35.000000Z,125.125,125.125,2.0
2015-08-11T18:13:50.000000Z,125.125,125.125,2.0
2015-08-11T18:13:55.000000Z,125.125,125.125,1.0
2015-08-11T18:14:00.000000Z,125.125,125.125,12.0
2015-08-11T18:14:05.000000Z,125.125,125.125,1.0
2015-08-11T18:14:20.000000Z,125.125,125.125,1.0
2015-08-11T18:14:25.000000Z,125.125,125.125,3.0
2015-08-11T18:14:30.000000Z,125.125,125.125,2.0
2015-08-11T18:14:50.000000Z,125.125,125.125,10.0
2015-08-11T18:14:55.000000Z,125.125,125.125,2.0
2015-08-11T18:15:00.000000Z,125.125,125.125,1.0
2015-08-11T18:15:30.000000Z,125.125,125.125,4.0
2015-08-11T18:15:35.000000Z,125.125,125.125,11.0
2015-08-11T18:15:45.000000Z,125.125,125.125,2.0
2015-08-11T18:15:50.000000Z,125.125,125.125,4.0
2015-08-11T18:15:55.000000Z,125.125,125.125,1.0
2015-08-11T18:16:00.000000Z,125.125,125.125,1.0
2015-08-11T18:16:05.000000Z,125.125,125.125,6.0
2015-08-11T18:16:10.000000Z,125.125,125.125,4.0
2015-08-11T18:16:15.000000Z,125.125,125.125,7.0
2015-08-11T18:16:20.000000Z,125.125,125.125,1.0
2015-08-11T18:16:30.000000Z,125.125,125.125,3.0
2015-08-11T18:16:35.000000Z,125.125,125.125,1.0
2015-08-11T18:16:40.000000Z,125.125,125.125,1.0
2015-08-11T18:16:50.000000Z,125.125,125.125,11.0
2015-08-11T18:17:00.000000Z,125.125,125.125,7.0
2015-08-11T18:17:05.000000Z,125.125,125.125,7.0
2015-08-11T18:17:10.000000Z,125.125,125.125,6.0
2015-08-11T18:17:20.000000Z,125.125,125.125,2.0
2015-08-11T18:17:40.000000Z,125.125,125.125,1.0
2015-08-11T18:17:45.000000Z,125.125,125.125,1.0
2015-08-11T18:17:55.000000Z,125.125,125.125,1.0
2015-08-11T18:18:00.000000Z,125.125,125.125,2.0
2015-08-11T18:19:25.000000Z,125.125,125.125,1.0
2015-08-11T18:19:45.000000Z,125.125,125.125,7.0
2015-08-11T18:19:50.000000Z,125.125,125.125,4.0
2015-08-11T18:19:55.000000Z,125.125,125.125,5.0
2015-08-11T18:20:00.000000Z,125.125,125.125,7.0
2015-08-11T18:20:05.000000Z,125.125,125.125,3.0
2015-08-11T18:20:10.000000Z,125.125,125.125,3.0
2015-08-11T18:20:20.000000Z,125.125,125.125,6.0
2015-08-11T18:20:25.000000Z,125.125,125.125,3.0
2015-08-11T18:20:30.000000Z,125.125,125.125,1.0
2015-08-11T18:20:45.000000Z,125.125,125.125,1.0
2015-08-11T18:21:00.000000Z,125.125,125.125,1.0
2015-08-11T18:21:05.000000Z,125.125,125.125,7.0
2015-08-11T18:21:10.000000Z,125.125,125.125,2.0
2015-08-11T18:21:15.000000Z,125.125,125.125,4.0
2015-08-11T18:21:20.000000Z,125.1875,125.125,2.0
2015-08-11T18:21:25.000000Z,125.125,125.125,7.0
2015-08-11T18:21:50.000000Z,125.125,125.125,1.0
2015-08-11T18:22:05.000000Z,125.125,125.125,3.0
2015-08-11T18:22:10.000000Z,125.125,125.125,1.0
2015-08-11T18:22:15.000000Z,125.125,125.125,1.0
2015-08-11T18:22:20.000000Z,125.125,125.125,2.0
2015-08-11T18:22:25.000000Z,125.125,125.125,1.0
2015-08-11T18:22:35.000000Z,125.125,125.125,7.0
2015-08-11T18:22:40.000000Z,125.125,125.125,4.0
2015-08-11T18:22:45.000000Z,125.125,125.125,8.0
2015-08-11T18:22:55.000000Z,125.125,125.125,2.0
2015-08-11T18:23:00.000000Z,125.125,125.125,9.0
2015-08-11T18:23:05.000000Z,125.125,125.125,1.0
2015-08-11T18:23:10.000000Z,125.125,125.125,10.0
2015-08-11T18:23:15.000000Z,125.125,125.125,4.0
2015-08-11T18:23:25.000000Z,125.125,125.125,1.0
2015-08-11T18:23:30.000000Z,125.125,125.125,1.0
2015-08-11T18:23:35.000000Z,125.125,125.125,1.0
2015-08-11T18:23:45.000000Z,125.125,125.125,4.0
2015-08-11T18:23:50.000000Z,125.125,125.125,2.0
2015-08-11T18:23:55.000000Z,125.125,125.125,4.0
2015-08-11T18:24:00.000000Z,125.1875,125.125,3.0
2015-08-11T18:24:05.000000Z,125.1875,125.125,1.0
2015-08-11T18:24:10.000000Z,125.1875,125.125,1.0
2015-08-11T18:24:15.000000Z,125.1875,125.125,3.0
2015-08-11T18:24:25.000000Z,125.125,125.125,3.0
2015-08-11T18:24:30.000000Z,125.125,125.125,1.0
2015-08-11T18:24:35.000000Z,125.125,125.125,3.0
2015-08-11T18:24:40.000000Z,125.125,125.125,1.0
2015-08-11T18:24:45.000000Z,125.125,125.125,2.0
2015-08-11T18:24:50.000000Z,125.125,125.125,2.0
2015-08-11T18:24:55.000000Z,125.125,125.125,2.0
2015-08-11T18:25:00.000000Z,125.125,125.125,2.0
2015-08-11T18:25:05.000000Z,125.125,125.125,3.0
2015-08-11T18:25:25.000000Z,125.125,125.125,2.0
2015-08-11T18:25:30.000000Z,125.125,125.125,1.0
2015-08-11T18:25:40.000000Z,125.125,125.125,14.0
2015-08-11T18:25:45.000000Z,125.125,125.125,1.0
2015-08-11T18:25:50.000000Z,125.125,125.125,1.0
2015-08-11T18:26:00.000000Z,125.125,125.125,1.0
2015-08-11T18:26:05.000000Z,125.125,125.125,1.0
2015-08-11T18:26:10.000000Z,125.125,125.125,1.0
2015-08-11T18:26:15.000000Z,125.125,125.125,1.0
2015-08-11T18:26:20.000000Z,125.125,125.125,1.0
2015-08-11T18:26:30.000000Z,125.125,125.125,1.0
2015-08-11T18:26:35.000000Z,125.125,125.125,4.0
2015-08-11T18:26:40.000000Z,125.125,125.125,8.0
2015-08-11T18:26:50.000000Z,125.125,125.125,1.0
2015-08-11T18:27:00.000000Z,125.125,125.125,2.0
2015-08-11T18:27:05.000000Z,125.125,125.125,1.0
2015-08-11T18:27:10.000000Z,125.125,125.125,5.0
2015-08-11T18:27:15.000000Z,125.125,125.125,3.0
2015-08-11T18:27:20.000000Z,125.125,125.125,5.0
2015-08-11T18:27:25.000000Z,125.125,125.125,1.0
2015-08-11T18:27:45.000000Z,125.125,125.125,4.0
2015-08-11T18:27:50.000000Z,125.125,125.125,7.0
2015-08-11T18:27:55.000000Z,125.125,125.125,3.0
2015-08-11T18:28:00.000000Z,125.125,125.125,2.0
2015-08-11T18:28:10.000000Z,125.1875,125.125,3.0
2015-08-11T18:28:15.000000Z,125.1875,125.125,1.0
2015-08-11T18:28:20.000000Z,125.1875,125.125,10.0
2015-08-11T18:28:30.000000Z,125.1875,125.125,2.0
2015-08-11T18:28:35.000000Z,125.1875,125.1875,3.0
2015-08-11T18:28:40.000000Z,125.1875,125.125,11.0
2015-08-11T18:28:45.000000Z,125.1875,125.125,7.0
2015-08-11T18:28:50.000000Z,125.1875,125.125,4.0
2015-08-11T18:28:55.000000Z,125.1875,125.125,1.0
2015-08-11T18:29:00.000000Z,125.1875,125.125,1.0
2015-08-11T18:29:05.000000Z,125.1875,125.125,1.0
2015-08-11T18:29:10.000000Z,125.1875,125.125,5.0
2015-08-11T18:29:15.000000Z,125.1875,125.125,3.0
2015-08-11T18:29:20.000000Z,125.1875,125.125,2.0
2015-08-11T18:29:25.000000Z,125.1875,125.125,1.0
2015-08-11T18:29:30.000000Z,125.1875,125.125,3.0
2015-08-11T18:29:35.000000Z,125.1875,125.125,2.0
2015-08-11T18:29:50.000000Z,125.1875,125.125,1.0
2015-08-11T18:30:00.000000Z,125.1875,125.125,3.0
2015-08-11T18:30:05.000000Z,125.1875,125.125,2.0
2015-08-11T18:30:15.000000Z,125.1875,125.125,5.0
2015-08-11T18:30:25.000000Z,125.1875,125.125,7.0
2015-08-11T18:30:30.000000Z,125.1875,125.125,1.0
2015-08-11T18:30:35.000000Z,125.1875,125.125,1.0
2015-08-11T18:30:40.000000Z,125.1875,125.125,7.0
2015-08-11T18:30:45.000000Z,125.1875,125.125,3.0
2015-08-11T18:31:00.000000Z,125.1875,125.125,1.0
2015-08-11T18:31:05.000000Z,125.1875,125.125,1.0
2015-08-11T18:31:15.000000Z,125.1875,125.125,4.0
2015-08-11T18:31:30.000000Z,125.1875,125.125,8.0
2015-08-11T18:31:35.000000Z,125.1875,125.125,4.0
2015-08-11T18:31:40.000000Z,125.1875,125.125,3.0
2015-08-11T18:31:45.000000Z,125.1875,125.125,2.0
2015-08-11T18:31:50.000000Z,125.1875,125.125,1.0
2015-08-11T18:31:55.000000Z,125.1875,125.125,2.0
2015-08-11T18:32:00.000000Z,125.125,125.125,5.0
2015-08-11T18:32:05.000000Z,125.125,125.125,5.0
2015-08-11T18:32:10.000000Z,125.125,125.125,5.0
2015-08-11T18:32:15.000000Z,125.125,125.125,4.0
2015-08-11T18:32:20.000000Z,125.125,125.125,13.0
2015-08-11T18:32:25.000000Z,125.125,125.125,3.0
2015-08-11T18:32:35.000000Z,125.125,125.125,6.0
2015-08-11T18:32:45.000000Z,125.125,125.125,4.0
2015-08-11T18:32:50.000000Z,125.125,125.125,3.0
2015-08-11T18:32:55.000000Z,125.125,125.125,12.0
2015-08-11T18:33:00.000000Z,125.125,125.125,1.0
2015-08-11T18:33:05.000000Z,125.125,125.125,1.0
2015-08-11T18:33:20.000000Z,125.125,125.125,1.0
2015-08-11T18:33:25.000000Z,125.125,125.125,4.0
2015-08-11T18:33:40.000000Z,125.125,125.125,1.0
2015-08-11T18:33:45.000000Z,125.125,125.125,3.0
2015-08-11T18:33:50.000000Z,125.125,125.125,1.0
2015-08-11T18:33:55.000000Z,125.125,125.125,1.0
2015-08-11T18:34:05.000000Z,125.125,125.125,2.0
2015-08-11T18:34:15.000000Z,125.125,125.125,2.0
2015-08-11T18:34:30.000000Z,125.125,125.125,2.0
2015-08-11T18:34:35.000000Z,125.125,125.125,4.0
2015-08-11T18:34:40.000000Z,125.125,125.125,3.0
2015-08-11T18:34:45.000000Z,125.125,125.125,1.0
2015-08-11T18:34:55.000000Z,125.125,125.125,2.0
2015-08-11T18:35:00.000000Z,125.125,125.125,1.0
2015-08-11T18:35:15.000000Z,125.125,125.125,2.0
2015-08-11T18:35:20.000000Z,125.125,125.125,4.0
2015-08-11T18:35:25.000000Z,125.125,125.125,8.0
2015-08-11T18:35:40.000000Z,125.125,125.125,3.0
2015-08-11T18:35:50.000000Z,125.125,125.125,9.0
2015-08-11T18:35:55.000000Z,125.125,125.125,9.0
2015-08-11T18:36:00.000000Z,125.125,125.125,2.0
2015-08-11T18:36:20.000000Z,125.125,125.125,4.0
2015-08-11T18:36:25.000000Z,125.125,125.125,1.0
2015-08-11T18:36:30.000000Z,125.125,125.125,1.0
2015-08-11T18:36:45.000000Z,125.125,125.125,1.0
2015-08-11T18:36:50.000000Z,125.125,125.125,2.0
2015-08-11T18:36:55.000000Z,125.125,125.125,3.0
2015-08-11T18:37:50.000000Z,125.125,125.125,2.0
2015-08-11T18:38:00.000000Z,125.125,125.125,3.0
2015-08-11T18:38:05.000000Z,125.125,125.125,3.0
2015-08-11T18:38:10.000000Z,125.125,125.125,1.0
2015-08-11T18:38:35.000000Z,125.125,125.125,2.0
2015-08-11T18:38:40.000000Z,125.125,125.125,1.0
2015-08-11T18:38:50.000000Z,125.125,125.125,2.0
2015-08-11T18:38:55.000000Z,125.125,125.125,1.0
2015-08-11T18:39:00.000000Z,125.125,125.125,2.0
2015-08-11T18:39:05.000000Z,125.125,125.125,1.0
2015-08-11T18:39:30.000000Z,125.125,125.125,6.0
2015-08-11T18:39:40.000000Z,125.125,125.125,1.0
2015-08-11T18:40:10.000000Z,125.125,125.125,1.0
2015-08-11T18:40:15.000000Z,125.125,125.125,1.0
2015-08-11T18:40:20.000000Z,125.125,125.125,3.0
2015-08-11T18:40:30.000000Z,125.125,125.125,2.0
2015-08-11T18:40:35.000000Z,125.125,125.125,3.0
2015-08-11T18:40:40.000000Z,125.125,125.125,7.0
2015-08-11T18:40:45.000000Z,125.125,125.125,3.0
2015-08-11T18:40:55.000000Z,125.125,125.125,1.0
2015-08-11T18:41:00.000000Z,125.125,125.125,3.0
2015-08-11T18:41:05.000000Z,125.125,125.125,2.0
2015-08-11T18:41:15.000000Z,125.125,125.125,1.0
2015-08-11T18:41:20.000000Z,125.125,125.125,5.0
2015-08-11T18:41:30.000000Z,125.125,125.125,1.0
2015-08-11T18:41:35.000000Z,125.125,125.125,2.0
2015-08-11T18:41:40.000000Z,125.125,125.125,1.0
2015-08-11T18:41:45.000000Z,125.125,125.125,1.0
2015-08-11T18:41:50.000000Z,125.125,125.125,4.0
2015-08-11T18:42:00.000000Z,125.125,125.125,2.0
2015-08-11T18:43:40.000000Z,125.125,125.125,2.0
2015-08-11T18:44:20.000000Z,125.125,125.125,6.0
2015-08-11T18:44:25.000000Z,125.125,125.125,2.0
2015-08-11T18:44:30.000000Z,125.125,125.125,7.0
2015-08-11T18:44:35.000000Z,125.125,125.125,1.0
2015-08-11T18:44:40.000000Z,125.125,125.125,2.0
2015-08-11T18:44:45.000000Z,125.125,125.125,1.0
2015-08-11T18:44:55.000000Z,125.125,125.125,1.0
2015-08-11T18:45:05.000000Z,125.125,125.125,1.0
2015-08-11T18:45:20.000000Z,125.125,125.125,2.0
2015-08-11T18:45:40.000000Z,125.125,125.125,1.0
2015-08-11T18:45:45.000000Z,125.125,125.125,2.0
2015-08-11T18:45:50.000000Z,125.125,125.125,1.0
2015-08-11T18:45:55.000000Z,125.125,125.125,1.0
2015-08-11T18:46:05.000000Z,125.125,125.125,4.0
2015-08-11T18:46:10.000000Z,125.125,125.125,1.0
2015-08-11T18:46:15.000000Z,125.125,125.125,11.0
2015-08-11T18:46:20.000000Z,125.125,125.125,4.0
2015-08-11T18:46:35.000000Z,125.125,125.125,1.0
2015-08-11T18:46:40.000000Z,125.125,125.125,1.0
2015-08-11T18:46:45.000000Z,125.125,125.125,2.0
2015-08-11T18:46:50.000000Z,125.125,125.125,7.0
2015-08-11T18:46:55.000000Z,125.125,125.125,7.0
2015-08-11T18:47:00.000000Z,125.125,125.125,1.0
2015-08-11T18:47:20.000000Z,125.125,125.125,1.0
2015-08-11T18:47:25.000000Z,125.125,125.125,1.0
2015-08-11T18:47:30.000000Z,125.125,125.125,1.0
2015-08-11T18:47:45.000000Z,125.125,125.125,3.0
2015-08-11T18:47:55.000000Z,125.1875,125.125,2.0
2015-08-11T18:48:10.000000Z,125.1875,125.125,4.0
2015-08-11T18:48:20.000000Z,125.1875,125.125,1.0
2015-08-11T18:48:35.000000Z,125.1875,125.125,4.0
2015-08-11T18:48:40.000000Z,125.1875,125.125,2.0
2015-08-11T18:48:45.000000Z,125.1875,125.125,16.0
2015-08-11T18:48:50.000000Z,125.1875,125.125,3.0
2015-08-11T18:49:00.000000Z,125.1875,125.125,2.0
2015-08-11T18:49:15.000000Z,125.125,125.125,3.0
2015-08-11T18:49:40.000000Z,125.125,125.125,1.0
2015-08-11T18:49:45.000000Z,125.125,125.125,4.0
2015-08-11T18:49:50.000000Z,125.125,125.125,1.0
2015-08-11T18:49:55.000000Z,125.125,125.125,1.0
2015-08-11T18:50:00.000000Z,125.125,125.125,4.0
2015-08-11T18:50:15.000000Z,125.125,125.125,5.0
2015-08-11T18:50:20.000000Z,125.125,125.125,4.0
2015-08-11T18:50:25.000000Z,125.125,125.125,1.0
2015-08-11T18:50:30.000000Z,125.125,125.125,2.0
2015-08-11T18:50:35.000000Z,125.125,125.125,1.0
2015-08-11T18:50:40.000000Z,125.125,125.125,2.0
2015-08-11T18:50:45.000000Z,125.125,125.125,7.0
2015-08-11T18:50:50.000000Z,125.125,125.125,1.0
2015-08-11T18:51:20.000000Z,125.125,125.125,2.0
2015-08-11T18:51:30.000000Z,125.125,125.125,1.0
2015-08-11T18:51:35.000000Z,125.125,125.125,2.0
2015-08-11T18:51:40.000000Z,125.125,125.125,4.0
2015-08-11T18:51:45.000000Z,125.125,125.125,1.0
2015-08-11T18:51:50.000000Z,125.125,125.125,1.0
2015-08-11T18:52:05.000000Z,125.125,125.125,2.0
2015-08-11T18:52:40.000000Z,125.125,125.125,1.0
2015-08-11T18:52:45.000000Z,125.125,125.125,5.0
2015-08-11T18:52:50.000000Z,125.125,125.125,4.0
2015-08-11T18:52:55.000000Z,125.125,125.125,2.0
2015-08-11T18:53:05.000000Z,125.125,125.125,1.0
2015-08-11T18:53:10.000000Z,125.125,125.125,1.0
2015-08-11T18:53:20.000000Z,125.125,125.125,2.0
2015-08-11T18:53:30.000000Z,125.125,125.125,1.0
2015-08-11T18:53:40.000000Z,125.125,125.125,2.0
2015-08-11T18:53:45.000000Z,125.125,125.125,4.0
2015-08-11T18:54:10.000000Z,125.125,125.125,2.0
2015-08-11T18:54:15.000000Z,125.125,125.125,2.0
2015-08-11T18:54:25.000000Z,125.125,125.125,4.0
2015-08-11T18:54:45.000000Z,125.125,125.125,1.0
2015-08-11T18:54:50.000000Z,125.125,125.125,2.0
2015-08-11T18:55:00.000000Z,125.125,125.125,5.0
2015-08-11T18:55:10.000000Z,125.1875,125.125,9.0
2015-08-11T18:55:15.000000Z,125.1875,125.125,3.0
2015-08-11T18:55:30.000000Z,125.1875,125.125,4.0
2015-08-11T18:55:35.000000Z,125.1875,125.125,3.0
2015-08-11T18:55:40.000000Z,125.1875,125.125,2.0
2015-08-11T18:55:45.000000Z,125.1875,125.125,8.0
2015-08-11T18:55:50.000000Z,125.1875,125.125,4.0
2015-08-11T18:55:55.000000Z,125.1875,125.125,4.0
2015-08-11T18:56:00.000000Z,125.1875,125.125,6.0
2015-08-11T18:56:05.000000Z,125.1875,125.125,3.0
2015-08-11T18:56:10.000000Z,125.1875,125.125,4.0
2015-08-11T18:56:20.000000Z,125.1875,125.125,2.0
2015-08-11T18:56:25.000000Z,125.1875,125.125,7.0
2015-08-11T18:56:30.000000Z,125.1875,125.125,5.0
2015-08-11T18:56:35.000000Z,125.1875,125.125,2.0
2015-08-11T18:56:40.000000Z,125.1875,125.125,1.0
2015-08-11T18:56:45.000000Z,125.1875,125.125,1.0
2015-08-11T18:56:50.000000Z,125.1875,125.125,1.0
2015-08-11T18:56:55.000000Z,125.1875,125.125,4.0
2015-08-11T18:57:00.000000Z,125.1875,125.125,5.0
2015-08-11T18:57:10.000000Z,125.1875,125.125,1.0
2015-08-11T18:57:20.000000Z,125.1875,125.125,2.0
2015-08-11T18:57:50.000000Z,125.1875,125.125,1.0
2015-08-11T18:58:00.000000Z,125.1875,125.125,1.0
2015-08-11T18:58:05.000000Z,125.1875,125.125,2.0
2015-08-11T18:58:10.000000Z,125.1875,125.125,7.0
2015-08-11T18:58:15.000000Z,125.1875,125.125,3.0
2015-08-11T18:58:20.000000Z,125.1875,125.125,1.0
2015-08-11T18:58:25.000000Z,125.1875,125.125,8.0
2015-08-11T18:59:05.000000Z,125.1875,125.125,1.0
2015-08-11T18:59:10.000000Z,125.1875,125.125,3.0
2015-08-11T18:59:30.000000Z,125.1875,125.125,2.0
2015-08-11T18:59:35.000000Z,125.1875,125.125,7.0
2015-08-11T18:59:40.000000Z,125.1875,125.1875,4.0
2015-08-11T18:59:45.000000Z,125.1875,125.1875,7.0
2015-08-11T18:59:50.000000Z,125.1875,125.1875,3.0
2015-08-11T18:59:55.000000Z,125.1875,125.125,3.0
2015-08-11T19:00:05.000000Z,125.1875,125.125,4.0
2015-08-11T19:00:10.000000Z,125.1875,125.125,3.0
2015-08-11T19:00:20.000000Z,125.1875,125.125,8.0
2015-08-11T19:00:25.000000Z,125.1875,125.125,1.0
2015-08-11T19:00:30.000000Z,125.1875,125.125,1.0
2015-08-11T19:00:35.000000Z,125.1875,125.125,2.0
2015-08-11T19:00:40.000000Z,125.1875,125.125,1.0
2015-08-11T19:00:50.000000Z,125.1875,125.125,2.0
2015-08-11T19:00:55.000000Z,125.1875,125.125,1.0
2015-08-11T19:01:00.000000Z,125.1875,125.125,1.0
2015-08-11T19:01:10.000000Z,125.1875,125.125,4.0
2015-08-11T19:01:15.000000Z,125.1875,125.125,3.0
2015-08-11T19:01:20.000000Z,125.1875,125.125,2.0
2015-08-11T19:01:25.000000Z,125.1875,125.125,1.0
2015-08-11T19:01:35.000000Z,125.1875,125.125,9.0
2015-08-11T19:01:50.000000Z,125.125,125.125,3.0
2015-08-11T19:01:55.000000Z,125.125,125.125,6.0
2015-08-11T19:02:00.000000Z,125.125,125.125,3.0
2015-08-11T19:02:05.000000Z,125.125,125.125,3.0
2015-08-11T19:02:10.000000Z,125.125,125.125,5.0
2015-08-11T19:02:15.000000Z,125.125,125.125,3.0
2015-08-11T19:02:25.000000Z,125.125,125.125,6.0
2015-08-11T19:02:45.000000Z,125.125,125.125,2.0
2015-08-11T19:02:50.000000Z,125.125,125.125,2.0
2015-08-11T19:02:55.000000Z,125.125,125.125,2.0
2015-08-11T19:03:00.000000Z,125.125,125.125,2.0
2015-08-11T19:03:05.000000Z,125.125,125.125,1.0
2015-08-11T19:03:10.000000Z,125.125,125.125,1.0
2015-08-11T19:03:25.000000Z,125.125,125.125,3.0
2015-08-11T19:03:30.000000Z,125.125,125.125,4.0
2015-08-11T19:03:40.000000Z,125.125,125.125,3.0
2015-08-11T19:03:50.000000Z,125.125,125.125,2.0
2015-08-11T19:04:05.000000Z,125.125,125.125,9.0
2015-08-11T19:04:10.000000Z,125.125,125.125,3.0
2015-08-11T19:04:20.000000Z,125.125,125.125,2.0
2015-08-11T19:04:25.000000Z,125.125,125.125,2.0
2015-08-11T19:04:30.000000Z,125.125,125.125,2.0
2015-08-11T19:04:40.000000Z,125.125,125.125,3.0
2015-08-11T19:04:45.000000Z,125.125,125.125,1.0
2015-08-11T19:04:55.000000Z,125.125,125.125,1.0
2015-08-11T19:05:15.000000Z,125.125,125.125,2.0
2015-08-11T19:05:20.000000Z,125.125,125.125,1.0
2015-08-11T19:05:30.000000Z,125.125,125.125,1.0
2015-08-11T19:05:35.000000Z,125.125,125.125,2.0
2015-08-11T19:05:40.000000Z,125.125,125.125,1.0
2015-08-11T19:06:30.000000Z,125.125,125.125,4.0
2015-08-11T19:06:35.000000Z,125.125,125.125,1.0
2015-08-11T19:06:40.000000Z,125.125,125.125,9.0
2015-08-11T19:07:00.000000Z,125.125,125.125,5.0
2015-08-11T19:07:05.000000Z,125.125,125.125,1.0
2015-08-11T19:07:10.000000Z,125.125,125.125,1.0
2015-08-11T19:07:15.000000Z,125.125,125.125,2.0
2015-08-11T19:07:20.000000Z,125.125,125.125,3.0
2015-08-11T19:07:25.000000Z,125.125,125.125,1.0
2015-08-11T19:07:30.000000Z,125.125,125.125,5.0
2015-08-11T19:07:45.000000Z,125.125,125.125,1.0
2015-08-11T19:07:50.000000Z,125.125,125.125,2.0
2015-08-11T19:07:55.000000Z,125.125,125.125,2.0
2015-08-11T19:08:00.000000Z,125.125,125.125,2.0
2015-08-11T19:08:20.000000Z,125.125,125.125,2.0
2015-08-11T19:08:25.000000Z,125.125,125.125,3.0
2015-08-11T19:08:35.000000Z,125.125,125.125,3.0
2015-08-11T19:08:45.000000Z,125.125,125.125,5.0
2015-08-11T19:08:55.000000Z,125.125,125.125,3.0
2015-08-11T19:09:05.000000Z,125.125,125.125,3.0
2015-08-11T19:09:10.000000Z,125.125,125.125,5.0
2015-08-11T19:09:15.000000Z,125.125,125.125,2.0
2015-08-11T19:09:20.000000Z,125.125,125.125,1.0
2015-08-11T19:09:30.000000Z,125.125,125.125,1.0
2015-08-11T19:09:35.000000Z,125.125,125.125,3.0
2015-08-11T19:09:40.000000Z,125.125,125.125,2.0
2015-08-11T19:09:45.000000Z,125.125,125.125,2.0
2015-08-11T19:09:55.000000Z,125.125,125.125,2.0
2015-08-11T19:10:15.000000Z,125.125,125.125,3.0
2015-08-11T19:10:25.000000Z,125.125,125.125,3.0
2015-08-11T19:10:30.000000Z,125.125,125.125,2.0
2015-08-11T19:10:40.000000Z,125.125,125.125,2.0
2015-08-11T19:10:45.000000Z,125.125,125.125,1.0
2015-08-11T19:10:50.000000Z,125.125,125.125,1.0
2015-08-11T19:11:00.000000Z,125.125,125.125,2.0
2015-08-11T19:11:05.000000Z,125.125,125.125,4.0
2015-08-11T19:11:10.000000Z,125.125,125.125,1.0
2015-08-11T19:11:15.000000Z,125.125,125.125,2.0
2015-08-11T19:11:20.000000Z,125.125,125.125,2.0
2015-08-11T19:11:30.000000Z,125.125,125.125,3.0
2015-08-11T19:11:35.000000Z,125.125,125.125,14.0
2015-08-11T19:11:50.000000Z,125.125,125.125,1.0
2015-08-11T19:11:55.000000Z,125.125,125.125,3.0
2015-08-11T19:12:00.000000Z,125.125,125.125,1.0
2015-08-11T19:12:20.000000Z,125.125,125.125,3.0
2015-08-11T19:12:30.000000Z,125.125,125.125,2.0
2015-08-11T19:12:40.000000Z,125.125,125.125,2.0
2015-08-11T19:12:45.000000Z,125.125,125.125,1.0
2015-08-11T19:12:55.000000Z,125.125,125.125,1.0
2015-08-11T19:13:25.000000Z,125.125,125.125,4.0
2015-08-11T19:13:30.000000Z,125.125,125.125,3.0
2015-08-11T19:13:40.000000Z,125.125,125.125,1.0
2015-08-11T19:13:50.000000Z,125.125,125.125,2.0
2015-08-11T19:13:55.000000Z,125.125,125.125,1.0
2015-08-11T19:14:10.000000Z,125.125,125.125,1.0
2015-08-11T19:14:15.000000Z,125.125,125.125,2.0
2015-08-11T19:14:40.000000Z,125.125,125.125,3.0
2015-08-11T19:14:45.000000Z,125.125,125.125,2.0
2015-08-11T19:14:50.000000Z,125.125,125.125,1.0
2015-08-11T19:14:55.000000Z,125.125,125.125,1.0
2015-08-11T19:15:00.000000Z,125.125,125.125,1.0
2015-08-11T19:15:10.000000Z,125.125,125.125,2.0
2015-08-11T19:15:15.000000Z,125.125,125.125,7.0
2015-08-11T19:15:20.000000Z,125.125,125.125,1.0
2015-08-11T19:15:25.000000Z,125.125,125.125,1.0
2015-08-11T19:15:30.000000Z,125.125,125.125,2.0
2015-08-11T19:15:35.000000Z,125.125,125.125,12.0
2015-08-11T19:15:40.000000Z,125.125,125.125,1.0
2015-08-11T19:15:45.000000Z,125.125,125.125,2.0
2015-08-11T19:16:05.000000Z,125.125,125.125,1.0
2015-08-11T19:16:20.000000Z,125.125,125.125,1.0
2015-08-11T19:16:25.000000Z,125.125,125.0625,6.0
2015-08-11T19:16:30.000000Z,125.125,125.0625,1.0
2015-08-11T19:16:35.000000Z,125.125,125.0625,2.0
2015-08-11T19:16:50.000000Z,125.125,125.0625,2.0
2015-08-11T19:17:15.000000Z,125.125,125.0625,1.0
2015-08-11T19:17:20.000000Z,125.125,125.0625,2.0
2015-08-11T19:17:25.000000Z,125.125,125.0625,10.0
2015-08-11T19:17:30.000000Z,125.125,125.0625,3.0
2015-08-11T19:17:35.000000Z,125.125,125.0625,2.0
2015-08-11T19:17:40.000000Z,125.125,125.0625,5.0
2015-08-11T19:17:45.000000Z,125.125,125.0625,9.0
2015-08-11T19:17:50.000000Z,125.125,125.0625,16.0
2015-08-11T19:18:00.000000Z,125.125,125.0625,2.0
2015-08-11T19:18:10.000000Z,125.125,125.0625,2.0
2015-08-11T19:18:15.000000Z,125.125,125.125,5.0
2015-08-11T19:18:25.000000Z,125.125,125.125,13.0
2015-08-11T19:18:30.000000Z,125.125,125.125,7.0
2015-08-11T19:18:35.000000Z,125.125,125.125,3.0
2015-08-11T19:18:40.000000Z,125.125,125.125,1.0
2015-08-11T19:18:45.000000Z,125.125,125.125,8.0
2015-08-11T19:18:50.000000Z,125.125,125.0625,6.0
2015-08-11T19:18:55.000000Z,125.125,125.0625,5.0
2015-08-11T19:19:05.000000Z,125.125,125.0625,1.0
2015-08-11T19:19:10.000000Z,125.125,125.0625,2.0
2015-08-11T19:19:15.000000Z,125.125,125.0625,2.0
2015-08-11T19:19:25.000000Z,125.125,125.0625,1.0
2015-08-11T19:19:30.000000Z,125.125,125.125,2.0
2015-08-11T19:19:35.000000Z,125.125,125.125,8.0
2015-08-11T19:19:40.000000Z,125.125,125.125,7.0
2015-08-11T19:19:45.000000Z,125.125,125.125,4.0
2015-08-11T19:19:50.000000Z,125.125,125.125,3.0
2015-08-11T19:20:05.000000Z,125.125,125.125,8.0
2015-08-11T19:20:20.000000Z,125.125,125.125,3.0
2015-08-11T19:20:25.000000Z,125.125,125.125,3.0
2015-08-11T19:20:30.000000Z,125.125,125.125,5.0
2015-08-11T19:20:40.000000Z,125.125,125.125,5.0
2015-08-11T19:20:45.000000Z,125.125,125.125,1.0
2015-08-11T19:21:10.000000Z,125.125,125.125,1.0
2015-08-11T19:21:15.000000Z,125.125,125.125,2.0
2015-08-11T19:21:30.000000Z,125.125,125.125,1.0
2015-08-11T19:21:35.000000Z,125.125,125.125,1.0
2015-08-11T19:21:50.000000Z,125.125,125.125,2.0
2015-08-11T19:21:55.000000Z,125.125,125.125,1.0
2015-08-11T19:22:30.000000Z,125.125,125.125,3.0
2015-08-11T19:22:35.000000Z,125.125,125.125,1.0
2015-08-11T19:22:40.000000Z,125.125,125.125,1.0
2015-08-11T19:22:50.000000Z,125.125,125.125,2.0
2015-08-11T19:22:55.000000Z,125.125,125.125,8.0
2015-08-11T19:23:00.000000Z,125.125,125.125,1.0
2015-08-11T19:23:10.000000Z,125.125,125.125,4.0
2015-08-11T19:23:15.000000Z,125.125,125.125,3.0
2015-08-11T19:23:30.000000Z,125.125,125.125,4.0
2015-08-11T19:23:45.000000Z,125.125,125.125,1.0
2015-08-11T19:23:50.000000Z,125.125,125.125,1.0
2015-08-11T19:23:55.000000Z,125.125,125.125,1.0
2015-08-11T19:24:00.000000Z,125.125,125.125,1.0
2015-08-11T19:24:05.000000Z,125.125,125.125,1.0
2015-08-11T19:24:10.000000Z,125.125,125.125,5.0
2015-08-11T19:24:15.000000Z,125.125,125.125,1.0
2015-08-11T19:24:35.000000Z,125.125,125.125,2.0
2015-08-11T19:24:45.000000Z,125.125,125.125,1.0
2015-08-11T19:24:50.000000Z,125.125,125.125,1.0
2015-08-11T19:25:35.000000Z,125.125,125.125,3.0
2015-08-11T19:25:40.000000Z,125.125,125.125,3.0
2015-08-11T19:25:45.000000Z,125.125,125.125,1.0
2015-08-11T19:25:50.000000Z,125.125,125.125,1.0
2015-08-11T19:25:55.000000Z,125.125,125.125,4.0
2015-08-11T19:26:10.000000Z,125.125,125.0625,5.0
2015-08-11T19:26:15.000000Z,125.125,125.0625,1.0
2015-08-11T19:26:35.000000Z,125.125,125.0625,1.0
2015-08-11T19:26:40.000000Z,125.125,125.0625,1.0
2015-08-11T19:26:50.000000Z,125.125,125.0625,2.0
2015-08-11T19:26:55.000000Z,125.125,125.0625,5.0
2015-08-11T19:27:00.000000Z,125.125,125.0625,7.0
2015-08-11T19:27:10.000000Z,125.125,125.0625,9.0
2015-08-11T19:27:45.000000Z,125.125,125.0625,4.0
2015-08-11T19:29:05.000000Z,125.125,125.0625,1.0
2015-08-11T19:29:20.000000Z,125.125,125.125,1.0
2015-08-11T19:29:25.000000Z,125.125,125.125,6.0
2015-08-11T19:29:30.000000Z,125.125,125.125,6.0
2015-08-11T19:30:00.000000Z,125.125,125.125,5.0
2015-08-11T19:30:05.000000Z,125.125,125.125,2.0
2015-08-11T19:30:30.000000Z,125.125,125.125,8.0
2015-08-11T19:30:35.000000Z,125.125,125.125,3.0
2015-08-11T19:30:40.000000Z,125.125,125.125,5.0
2015-08-11T19:30:45.000000Z,125.125,125.125,2.0
2015-08-11T19:30:50.000000Z,125.125,125.125,1.0
2015-08-11T19:30:55.000000Z,125.125,125.125,1.0
2015-08-11T19:31:05.000000Z,125.125,125.125,1.0
2015-08-11T19:31:25.000000Z,125.125,125.0625,2.0
2015-08-11T19:31:50.000000Z,125.125,125.0625,1.0
2015-08-11T19:32:15.000000Z,125.125,125.0625,4.0
2015-08-11T19:32:20.000000Z,125.125,125.0625,1.0
2015-08-11T19:32:30.000000Z,125.125,125.0625,1.0
2015-08-11T19:32:35.000000Z,125.125,125.0625,1.0
2015-08-11T19:32:40.000000Z,125.125,125.0625,1.0
2015-08-11T19:32:45.000000Z,125.125,125.0625,7.0
2015-08-11T19:32:55.000000Z,125.125,125.0625,5.0
2015-08-11T19:33:35.000000Z,125.125,125.0625,9.0
2015-08-11T19:33:40.000000Z,125.125,125.0625,2.0
2015-08-11T19:33:50.000000Z,125.125,125.0625,2.0
2015-08-11T19:33:55.000000Z,125.125,125.0625,1.0
2015-08-11T19:34:05.000000Z,125.125,125.0625,3.0
2015-08-11T19:34:10.000000Z,125.125,125.0625,1.0
2015-08-11T19:34:20.000000Z,125.125,125.0625,4.0
2015-08-11T19:34:25.000000Z,125.125,125.0625,1.0
2015-08-11T19:34:30.000000Z,125.125,125.0625,3.0
2015-08-11T19:34:40.000000Z,125.125,125.0625,4.0
2015-08-11T19:34:45.000000Z,125.125,125.0625,6.0
2015-08-11T19:34:50.000000Z,125.125,125.0625,2.0
2015-08-11T19:35:00.000000Z,125.125,125.0625,1.0
2015-08-11T19:35:10.000000Z,125.125,125.0625,1.0
2015-08-11T19:35:20.000000Z,125.125,125.0625,3.0
2015-08-11T19:35:40.000000Z,125.125,125.0625,2.0
2015-08-11T19:35:50.000000Z,125.125,125.0625,5.0
2015-08-11T19:35:55.000000Z,125.125,125.0625,2.0
2015-08-11T19:36:00.000000Z,125.125,125.0625,1.0
2015-08-11T19:36:15.000000Z,125.125,125.0625,6.0
2015-08-11T19:36:45.000000Z,125.125,125.0625,3.0
2015-08-11T19:36:50.000000Z,125.125,125.0625,1.0
2015-08-11T19:37:00.000000Z,125.125,125.0625,6.0
2015-08-11T19:37:05.000000Z,125.125,125.0625,1.0
2015-08-11T19:37:25.000000Z,125.125,125.0625,4.0
2015-08-11T19:37:30.000000Z,125.125,125.0625,1.0
2015-08-11T19:37:35.000000Z,125.125,125.0625,2.0
2015-08-11T19:37:45.000000Z,125.0625,125.0625,4.0
2015-08-11T19:37:50.000000Z,125.125,125.0625,1.0
2015-08-11T19:37:55.000000Z,125.125,125.0625,3.0
2015-08-11T19:38:00.000000Z,125.125,125.0625,1.0
2015-08-11T19:38:05.000000Z,125.125,125.0625,2.0
2015-08-11T19:38:10.000000Z,125.125,125.0625,1.0
2015-08-11T19:38:15.000000Z,125.125,125.0625,4.0
2015-08-11T19:38:25.000000Z,125.125,125.0625,2.0
2015-08-11T19:38:30.000000Z,125.0625,125.0625,1.0
2015-08-11T19:38:50.000000Z,125.0625,125.0625,3.0
2015-08-11T19:39:00.000000Z,125.125,125.0625,1.0
2015-08-11T19:39:05.000000Z,125.125,125.0625,1.0
2015-08-11T19:39:30.000000Z,125.0625,125.0625,7.0
2015-08-11T19:39:45.000000Z,125.0625,125.0625,3.0
2015-08-11T19:39:50.000000Z,125.0625,125.0625,1.0
2015-08-11T19:40:00.000000Z,125.0625,125.0625,3.0
2015-08-11T19:40:05.000000Z,125.0625,125.0625,1.0
2015-08-11T19:40:15.000000Z,125.0625,125.0625,2.0
2015-08-11T19:40:20.000000Z,125.0625,125.0625,1.0
2015-08-11T19:40:30.000000Z,125.0625,125.0625,2.0
2015-08-11T19:40:40.000000Z,125.0625,125.0625,1.0
2015-08-11T19:40:50.000000Z,125.125,125.0625,2.0
2015-08-11T19:40:55.000000Z,125.0625,125.0625,6.0
2015-08-11T19:41:05.000000Z,125.0625,125.0625,10.0
2015-08-11T19:41:10.000000Z,125.0625,125.0625,3.0
2015-08-11T19:41:35.000000Z,125.0625,125.0625,7.0
2015-08-11T19:41:40.000000Z,125.0625,125.0625,14.0
2015-08-11T19:41:45.000000Z,125.0625,125.0625,10.0
2015-08-11T19:41:50.000000Z,125.0625,125.0625,9.0
2015-08-11T19:41:55.000000Z,125.0625,125.0625,1.0
2015-08-11T19:42:00.000000Z,125.0625,125.0625,1.0
2015-08-11T19:42:05.000000Z,125.0625,125.0625,11.0
2015-08-11T19:42:10.000000Z,125.0625,125.0625,6.0
2015-08-11T19:42:15.000000Z,125.0625,125.0625,2.0
2015-08-11T19:42:20.000000Z,125.0625,125.0625,1.0
2015-08-11T19:42:50.000000Z,125.0625,125.0625,2.0
2015-08-11T19:43:00.000000Z,125.0625,125.0625,1.0
2015-08-11T19:43:05.000000Z,125.0625,125.0625,2.0
2015-08-11T19:43:10.000000Z,125.0625,125.0625,2.0
2015-08-11T19:43:15.000000Z,125.0625,125.0625,3.0
2015-08-11T19:43:20.000000Z,125.0625,125.0625,2.0
2015-08-11T19:43:25.000000Z,125.0625,125.0625,3.0
2015-08-11T19:43:30.000000Z,125.0625,125.0625,1.0
2015-08-11T19:43:35.000000Z,125.0625,125.0625,4.0
2015-08-11T19:43:50.000000Z,125.0625,125.0625,2.0
2015-08-11T19:44:00.000000Z,125.0625,125.0625,1.0
2015-08-11T19:44:05.000000Z,125.0625,125.0625,1.0
2015-08-11T19:44:10.000000Z,125.0625,125.0625,1.0
2015-08-11T19:44:25.000000Z,125.0625,125.0625,1.0
2015-08-11T19:44:30.000000Z,125.0625,125.0625,4.0
2015-08-11T19:44:45.000000Z,125.0625,125.0625,3.0
2015-08-11T19:45:05.000000Z,125.0625,125.0625,5.0
2015-08-11T19:45:10.000000Z,125.0625,125.0625,8.0
2015-08-11T19:45:15.000000Z,125.0625,125.0625,3.0
2015-08-11T19:45:25.000000Z,125.0625,125.0625,1.0
2015-08-11T19:45:30.000000Z,125.0625,125.0625,1.0
2015-08-11T19:45:35.000000Z,125.0625,125.0625,1.0
2015-08-11T19:45:40.000000Z,125.0625,125.0625,6.0
2015-08-11T19:46:15.000000Z,125.0625,125.0625,2.0
2015-08-11T19:46:20.000000Z,125.0625,125.0625,1.0
2015-08-11T19:46:25.000000Z,125.0625,125.0625,5.0
2015-08-11T19:46:35.000000Z,125.0625,125.0625,1.0
2015-08-11T19:46:40.000000Z,125.0625,125.0625,2.0
2015-08-11T19:46:50.000000Z,125.0625,125.0625,1.0
2015-08-11T19:46:55.000000Z,125.0625,125.0625,3.0
2015-08-11T19:47:45.000000Z,125.0625,125.0625,1.0
2015-08-11T19:47:50.000000Z,125.0625,125.0625,6.0
2015-08-11T19:47:55.000000Z,125.0625,125.0625,11.0
2015-08-11T19:48:05.000000Z,125.0625,125.0625,4.0
2015-08-11T19:48:10.000000Z,125.0625,125.0625,2.0
2015-08-11T19:48:15.000000Z,125.0625,125.0625,5.0
2015-08-11T19:48:25.000000Z,125.0625,125.0625,2.0
2015-08-11T19:48:30.000000Z,125.0625,125.0625,7.0
2015-08-11T19:48:35.000000Z,125.0625,125.0625,2.0
2015-08-11T19:48:40.000000Z,125.0625,125.0625,5.0
2015-08-11T19:48:45.000000Z,125.0625,125.0625,2.0
2015-08-11T19:48:55.000000Z,125.0625,125.0625,7.0
2015-08-11T19:49:00.000000Z,125.0625,125.0625,3.0
2015-08-11T19:49:05.000000Z,125.0625,125.0625,1.0
2015-08-11T19:49:15.000000Z,125.0625,125.0625,6.0
2015-08-11T19:49:20.000000Z,125.0625,125.0625,3.0
2015-08-11T19:49:35.000000Z,125.0625,125.0625,4.0
2015-08-11T19:49:55.000000Z,125.0625,125.0625,7.0
2015-08-11T19:50:00.000000Z,125.0625,125.0625,5.0
2015-08-11T19:50:05.000000Z,125.0625,125.0625,5.0
2015-08-11T19:50:10.000000Z,125.0625,125.0625,5.0
2015-08-11T19:50:15.000000Z,125.0625,125.0625,13.0
2015-08-11T19:50:20.000000Z,125.0625,125.0625,2.0
2015-08-11T19:50:40.000000Z,125.0625,125.0625,7.0
2015-08-11T19:50:50.000000Z,125.0625,125.0625,5.0
2015-08-11T19:50:55.000000Z,125.0625,125.0625,4.0
2015-08-11T19:51:00.000000Z,125.0625,125.0625,1.0
2015-08-11T19:51:05.000000Z,125.0625,125.0625,6.0
2015-08-11T19:51:10.000000Z,125.0625,125.0625,3.0
2015-08-11T19:51:30.000000Z,125.0625,125.0625,4.0
2015-08-11T19:51:35.000000Z,125.0625,125.0625,3.0
2015-08-11T19:51:55.000000Z,125.0625,125.0625,7.0
2015-08-11T19:52:25.000000Z,125.125,125.0625,16.0
2015-08-11T19:52:30.000000Z,125.125,125.0625,2.0
2015-08-11T19:52:35.000000Z,125.125,125.0625,2.0
2015-08-11T19:52:45.000000Z,125.125,125.0625,4.0
2015-08-11T19:52:50.000000Z,125.125,125.0625,7.0
2015-08-11T19:53:00.000000Z,125.125,125.0625,1.0
2015-08-11T19:53:05.000000Z,125.125,125.0625,3.0
2015-08-11T19:53:10.000000Z,125.125,125.0625,3.0
2015-08-11T19:53:15.000000Z,125.0625,125.0625,5.0
2015-08-11T19:53:40.000000Z,125.0625,125.0625,1.0
2015-08-11T19:53:45.000000Z,125.0625,125.0625,2.0
2015-08-11T19:53:50.000000Z,125.0625,125.0625,5.0
2015-08-11T19:53:55.000000Z,125.0625,125.0625,1.0
2015-08-11T19:54:00.000000Z,125.0625,125.0625,3.0
2015-08-11T19:54:05.000000Z,125.0625,125.0625,7.0
2015-08-11T19:54:10.000000Z,125.0625,125.0625,1.0
2015-08-11T19:54:20.000000Z,125.0625,125.0625,3.0
2015-08-11T19:54:35.000000Z,125.0625,125.0625,2.0
2015-08-11T19:54:40.000000Z,125.0625,125.0625,1.0
2015-08-11T19:54:55.000000Z,125.0625,125.0625,3.0
2015-08-11T19:55:00.000000Z,125.0625,125.0625,10.0
2015-08-11T19:55:05.000000Z,125.0625,125.0625,5.0
2015-08-11T19:55:10.000000Z,125.0625,125.0625,2.0
2015-08-11T19:55:20.000000Z,125.0625,125.0625,1.0
2015-08-11T19:55:25.000000Z,125.0625,125.0625,1.0
2015-08-11T19:55:30.000000Z,125.0625,125.0625,3.0
2015-08-11T19:55:35.000000Z,125.0625,125.0625,1.0
2015-08-11T19:56:50.000000Z,125.125,125.0625,14.0
2015-08-11T19:56:55.000000Z,125.125,125.0625,2.0
2015-08-11T19:57:05.000000Z,125.125,125.125,9.0
2015-08-11T19:57:10.000000Z,125.125,125.0625,19.0
2015-08-11T19:57:15.000000Z,125.125,125.0625,10.0
2015-08-11T19:57:20.000000Z,125.125,125.0625,4.0
2015-08-11T19:57:25.000000Z,125.125,125.0625,7.0
2015-08-11T19:57:30.000000Z,125.0625,125.0625,19.0
2015-08-11T19:57:35.000000Z,125.0625,125.0625,5.0
2015-08-11T19:57:50.000000Z,125.0625,125.0625,1.0
2015-08-11T19:57:55.000000Z,125.0625,125.0625,5.0
2015-08-11T19:58:05.000000Z,125.125,125.0625,6.0
2015-08-11T19:58:10.000000Z,125.125,125.0625,4.0
2015-08-11T19:58:15.000000Z,125.125,125.0625,1.0
2015-08-11T19:58:20.000000Z,125.125,125.0625,4.0
2015-08-11T19:58:35.000000Z,125.125,125.0625,7.0
2015-08-11T19:58:40.000000Z,125.125,125.0625,4.0
2015-08-11T19:58:45.000000Z,125.125,125.0625,3.0
2015-08-11T19:59:00.000000Z,125.125,125.0625,1.0
2015-08-11T19:59:10.000000Z,125.125,125.0625,3.0
2015-08-11T19:59:20.000000Z,125.125,125.0625,6.0
2015-08-11T19:59:25.000000Z,125.125,125.0625,1.0
2015-08-11T19:59:30.000000Z,125.125,125.0625,8.0
2015-08-11T19:59:35.000000Z,125.125,125.0625,3.0
2015-08-11T19:59:40.000000Z,125.125,125.0625,5.0
2015-08-11T19:59:45.000000Z,125.0625,125.0625,5.0
2015-08-11T19:59:50.000000Z,125.0625,125.0625,4.0
2015-08-11T19:59:55.000000Z,125.0625,125.0625,5.0
2015-08-11T20:00:00.000000Z,125.0625,125.0625,14.0
2015-08-11T20:00:05.000000Z,125.0625,125.0625,8.0
2015-08-11T20:00:15.000000Z,125.0625,125.0625,3.0
2015-08-11T20:00:20.000000Z,125.0625,125.0625,11.0
2015-08-11T20:00:25.000000Z,125.0625,125.0625,3.0
2015-08-11T20:00:30.000000Z,125.0625,125.0625,1.0
2015-08-11T20:00:45.000000Z,125.0625,125.0625,10.0
2015-08-11T20:00:55.000000Z,125.0625,125.0625,7.0
2015-08-11T20:01:05.000000Z,125.0625,125.0625,2.0
2015-08-11T20:01:25.000000Z,125.0625,125.0625,1.0
2015-08-11T20:01:40.000000Z,125.0625,125.0625,1.0
2015-08-11T20:01:45.000000Z,125.0625,125.0625,1.0
2015-08-11T20:01:55.000000Z,125.125,125.0625,6.0
2015-08-11T20:02:00.000000Z,125.125,125.0625,5.0
2015-08-11T20:02:10.000000Z,125.125,125.0625,2.0
2015-08-11T20:02:15.000000Z,125.125,125.125,4.0
2015-08-11T20:02:20.000000Z,125.125,125.0625,7.0
2015-08-11T20:02:25.000000Z,125.125,125.0625,4.0
2015-08-11T20:02:30.000000Z,125.125,125.0625,4.0
2015-08-11T20:02:35.000000Z,125.125,125.0625,1.0
2015-08-11T20:02:40.000000Z,125.125,125.125,2.0
2015-08-11T20:02:45.000000Z,125.125,125.125,1.0
2015-08-11T20:02:50.000000Z,125.125,125.125,2.0
2015-08-11T20:02:55.000000Z,125.125,125.125,5.0
2015-08-11T20:03:10.000000Z,125.125,125.125,8.0
2015-08-11T20:03:20.000000Z,125.125,125.125,4.0
2015-08-11T20:03:55.000000Z,125.125,125.125,3.0
2015-08-11T20:04:55.000000Z,125.125,125.125,3.0
2015-08-11T20:05:05.000000Z,125.125,125.125,2.0
2015-08-11T20:05:10.000000Z,125.125,125.125,5.0
2015-08-11T20:05:20.000000Z,125.125,125.125,2.0
2015-08-11T20:05:25.000000Z,125.125,125.125,7.0
2015-08-11T20:05:35.000000Z,125.125,125.125,1.0
2015-08-11T20:05:55.000000Z,125.125,125.125,1.0
2015-08-11T20:06:00.000000Z,125.125,125.125,3.0
2015-08-11T20:06:05.000000Z,125.125,125.125,1.0
2015-08-11T20:06:10.000000Z,125.125,125.125,1.0
2015-08-11T20:06:30.000000Z,125.125,125.125,3.0
2015-08-11T20:06:40.000000Z,125.125,125.125,1.0
2015-08-11T20:07:50.000000Z,125.125,125.125,1.0
2015-08-11T20:08:30.000000Z,125.125,125.125,6.0
2015-08-11T20:08:35.000000Z,125.125,125.125,2.0
2015-08-11T20:09:05.000000Z,125.125,125.125,6.0
2015-08-11T20:09:10.000000Z,125.125,125.125,1.0
2015-08-11T20:09:25.000000Z,125.125,125.125,1.0
2015-08-11T20:09:55.000000Z,125.125,125.125,6.0
2015-08-11T20:10:00.000000Z,125.125,125.125,1.0
2015-08-11T20:10:25.000000Z,125.125,125.125,6.0
2015-08-11T20:10:45.000000Z,125.125,125.125,1.0
2015-08-11T20:11:00.000000Z,125.125,125.125,5.0
2015-08-11T20:11:05.000000Z,125.125,125.125,1.0
2015-08-11T20:11:10.000000Z,125.125,125.125,3.0
2015-08-11T20:11:20.000000Z,125.125,125.125,8.0
2015-08-11T20:11:25.000000Z,125.125,125.125,5.0
2015-08-11T20:11:35.000000Z,125.125,125.125,1.0
2015-08-11T20:11:45.000000Z,125.125,125.125,10.0
2015-08-11T20:11:50.000000Z,125.125,125.125,5.0
2015-08-11T20:11:55.000000Z,125.125,125.125,3.0
2015-08-11T20:12:00.000000Z,125.125,125.125,4.0
2015-08-11T20:12:10.000000Z,125.125,125.125,4.0
2015-08-11T20:12:15.000000Z,125.125,125.125,1.0
2015-08-11T20:12:30.000000Z,125.125,125.125,7.0
2015-08-11T20:12:35.000000Z,125.125,125.125,3.0
2015-08-11T20:12:40.000000Z,125.125,125.125,1.0
2015-08-11T20:13:05.000000Z,125.125,125.125,7.0
2015-08-11T20:13:10.000000Z,125.125,125.125,3.0
2015-08-11T20:13:15.000000Z,125.125,125.125,1.0
2015-08-11T20:13:20.000000Z,125.125,125.125,1.0
2015-08-11T20:13:25.000000Z,125.125,125.125,1.0
2015-08-11T20:13:30.000000Z,125.125,125.125,1.0
2015-08-11T20:13:35.000000Z,125.125,125.125,1.0
2015-08-11T20:13:45.000000Z,125.125,125.125,4.0
2015-08-11T20:13:50.000000Z,125.125,125.125,2.0
2015-08-11T20:13:55.000000Z,125.125,125.125,1.0
2015-08-11T20:14:00.000000Z,125.125,125.125,6.0
2015-08-11T20:14:10.000000Z,125.125,125.125,2.0
2015-08-11T20:14:15.000000Z,125.125,125.125,1.0
2015-08-11T20:14:20.000000Z,125.125,125.125,4.0
2015-08-11T20:14:25.000000Z,125.125,125.125,1.0
2015-08-11T20:14:45.000000Z,125.125,125.125,5.0
2015-08-11T20:14:50.000000Z,125.125,125.125,1.0
2015-08-11T20:14:55.000000Z,125.125,125.125,1.0
2015-08-11T20:15:05.000000Z,125.125,125.125,11.0
2015-08-11T20:15:10.000000Z,125.125,125.125,2.0
2015-08-11T20:15:35.000000Z,125.125,125.125,3.0
2015-08-11T20:15:45.000000Z,125.125,125.125,3.0
2015-08-11T20:15:55.000000Z,125.125,125.125,19.0
2015-08-11T20:16:00.000000Z,125.125,125.125,15.0
2015-08-11T20:16:10.000000Z,125.125,125.125,1.0
2015-08-11T20:16:45.000000Z,125.125,125.125,2.0
2015-08-11T20:16:50.000000Z,125.125,125.125,1.0
2015-08-11T20:16:55.000000Z,125.1875,125.125,6.0
2015-08-11T20:17:00.000000Z,125.1875,125.1875,10.0
2015-08-11T20:17:05.000000Z,125.1875,125.125,8.0
2015-08-11T20:17:10.000000Z,125.1875,125.1875,4.0
2015-08-11T20:17:15.000000Z,125.1875,125.1875,3.0
2015-08-11T20:17:20.000000Z,125.1875,125.1875,8.0
2015-08-11T20:17:25.000000Z,125.1875,125.1875,2.0
2015-08-11T20:17:40.000000Z,125.1875,125.1875,4.0
2015-08-11T20:17:50.000000Z,125.1875,125.1875,23.0
2015-08-11T20:17:55.000000Z,125.1875,125.1875,3.0
2015-08-11T20:18:00.000000Z,125.1875,125.1875,1.0
2015-08-11T20:18:10.000000Z,125.1875,125.1875,1.0
2015-08-11T20:18:15.000000Z,125.1875,125.1875,10.0
2015-08-11T20:18:20.000000Z,125.1875,125.1875,6.0
2015-08-11T20:18:25.000000Z,125.1875,125.1875,1.0
2015-08-11T20:18:30.000000Z,125.1875,125.1875,1.0
2015-08-11T20:18:35.000000Z,125.1875,125.1875,2.0
2015-08-11T20:18:40.000000Z,125.1875,125.1875,2.0
2015-08-11T20:18:45.000000Z,125.1875,125.1875,1.0
2015-08-11T20:19:15.000000Z,125.1875,125.1875,12.0
2015-08-11T20:20:20.000000Z,125.1875,125.1875,1.0
2015-08-11T20:20:55.000000Z,125.1875,125.1875,5.0
2015-08-11T20:21:00.000000Z,125.1875,125.1875,1.0
2015-08-11T20:21:05.000000Z,125.1875,125.1875,3.0
2015-08-11T20:21:10.000000Z,125.1875,125.1875,1.0
2015-08-11T20:21:30.000000Z,125.1875,125.1875,2.0
2015-08-11T20:22:00.000000Z,125.1875,125.1875,5.0
2015-08-11T20:22:05.000000Z,125.1875,125.1875,1.0
2015-08-11T20:22:10.000000Z,125.1875,125.1875,3.0
2015-08-11T20:22:25.000000Z,125.1875,125.1875,2.0
2015-08-11T20:22:30.000000Z,125.1875,125.1875,2.0
2015-08-11T20:22:35.000000Z,125.1875,125.1875,1.0
2015-08-11T20:22:40.000000Z,125.1875,125.1875,1.0
2015-08-11T20:23:00.000000Z,125.1875,125.1875,1.0
2015-08-11T20:23:15.000000Z,125.1875,125.1875,1.0
2015-08-11T20:23:35.000000Z,125.1875,125.1875,2.0
2015-08-11T20:27:00.000000Z,125.1875,125.1875,3.0
2015-08-11T20:27:30.000000Z,125.1875,125.1875,2.0
2015-08-11T20:28:20.000000Z,125.1875,125.1875,1.0
2015-08-11T20:28:45.000000Z,125.1875,125.1875,1.0
2015-08-11T20:29:30.000000Z,125.1875,125.1875,1.0
2015-08-11T20:29:35.000000Z,125.1875,125.1875,4.0
2015-08-11T20:29:40.000000Z,125.1875,125.1875,2.0
2015-08-11T20:29:50.000000Z,125.1875,125.1875,4.0
2015-08-11T20:30:00.000000Z,125.1875,125.1875,2.0
2015-08-11T20:30:10.000000Z,125.1875,125.1875,2.0
2015-08-11T20:31:50.000000Z,125.1875,125.1875,8.0
2015-08-11T20:31:55.000000Z,125.1875,125.1875,5.0
2015-08-11T20:32:05.000000Z,125.1875,125.1875,3.0
2015-08-11T20:32:15.000000Z,125.1875,125.1875,8.0
2015-08-11T20:32:40.000000Z,125.1875,125.1875,9.0
2015-08-11T20:32:50.000000Z,125.1875,125.1875,11.0
2015-08-11T20:32:55.000000Z,125.1875,125.1875,6.0
2015-08-11T20:33:00.000000Z,125.1875,125.1875,4.0
2015-08-11T20:33:05.000000Z,125.1875,125.1875,1.0
2015-08-11T20:33:10.000000Z,125.1875,125.1875,1.0
2015-08-11T20:34:05.000000Z,125.1875,125.1875,6.0
2015-08-11T20:34:10.000000Z,125.1875,125.1875,1.0
2015-08-11T20:34:15.000000Z,125.1875,125.1875,1.0
2015-08-11T20:34:20.000000Z,125.1875,125.1875,1.0
2015-08-11T20:34:30.000000Z,125.1875,125.1875,1.0
2015-08-11T20:34:40.000000Z,125.1875,125.1875,3.0
2015-08-11T20:34:50.000000Z,125.1875,125.1875,10.0
2015-08-11T20:35:00.000000Z,125.1875,125.1875,1.0
2015-08-11T20:35:10.000000Z,125.1875,125.1875,4.0
2015-08-11T20:35:15.000000Z,125.1875,125.1875,1.0
2015-08-11T20:35:20.000000Z,125.1875,125.1875,1.0
2015-08-11T20:35:35.000000Z,125.1875,125.1875,1.0
2015-08-11T20:35:50.000000Z,125.1875,125.1875,2.0
2015-08-11T20:35:55.000000Z,125.1875,125.1875,2.0
2015-08-11T20:36:00.000000Z,125.1875,125.1875,1.0
2015-08-11T20:36:50.000000Z,125.1875,125.1875,7.0
2015-08-11T20:36:55.000000Z,125.1875,125.1875,13.0
2015-08-11T20:37:00.000000Z,125.1875,125.1875,3.0
2015-08-11T20:37:15.000000Z,125.1875,125.1875,1.0
2015-08-11T20:37:20.000000Z,125.1875,125.1875,2.0
2015-08-11T20:37:30.000000Z,125.1875,125.1875,5.0
2015-08-11T20:37:35.000000Z,125.1875,125.1875,4.0
2015-08-11T20:37:40.000000Z,125.1875,125.1875,1.0
2015-08-11T20:37:45.000000Z,125.1875,125.1875,1.0
2015-08-11T20:38:15.000000Z,125.1875,125.1875,2.0
2015-08-11T20:38:20.000000Z,125.1875,125.1875,4.0
2015-08-11T20:38:35.000000Z,125.1875,125.1875,2.0
2015-08-11T20:38:55.000000Z,125.1875,125.1875,1.0
2015-08-11T20:39:05.000000Z,125.1875,125.1875,1.0
2015-08-11T20:39:10.000000Z,125.1875,125.125,3.0
2015-08-11T20:39:15.000000Z,125.1875,125.1875,2.0
2015-08-11T20:39:20.000000Z,125.1875,125.1875,1.0
2015-08-11T20:39:25.000000Z,125.1875,125.125,4.0
2015-08-11T20:39:30.000000Z,125.1875,125.125,1.0
2015-08-11T20:39:35.000000Z,125.1875,125.125,1.0
2015-08-11T20:40:50.000000Z,125.1875,125.125,1.0
2015-08-11T20:41:10.000000Z,125.1875,125.125,1.0
2015-08-11T20:41:25.000000Z,125.1875,125.125,4.0
2015-08-11T20:41:30.000000Z,125.1875,125.125,2.0
2015-08-11T20:41:35.000000Z,125.1875,125.125,2.0
2015-08-11T20:41:40.000000Z,125.1875,125.125,2.0
2015-08-11T20:41:45.000000Z,125.1875,125.125,1.0
2015-08-11T20:41:50.000000Z,125.1875,125.125,2.0
2015-08-11T20:42:00.000000Z,125.1875,125.125,1.0
2015-08-11T20:43:10.000000Z,125.1875,125.125,1.0
2015-08-11T20:45:20.000000Z,125.1875,125.125,3.0
2015-08-11T20:45:30.000000Z,125.1875,125.125,1.0
2015-08-11T20:45:35.000000Z,125.1875,125.125,1.0
2015-08-11T20:45:40.000000Z,125.1875,125.125,1.0
2015-08-11T20:46:05.000000Z,125.1875,125.125,6.0
2015-08-11T20:46:10.000000Z,125.1875,125.125,2.0
2015-08-11T20:46:35.000000Z,125.1875,125.125,1.0
2015-08-11T20:46:50.000000Z,125.1875,125.125,3.0
2015-08-11T20:47:00.000000Z,125.1875,125.125,4.0
2015-08-11T20:47:05.000000Z,125.1875,125.125,2.0
2015-08-11T20:47:15.000000Z,125.1875,125.125,1.0
2015-08-11T20:47:30.000000Z,125.1875,125.125,2.0
2015-08-11T20:47:35.000000Z,125.1875,125.125,2.0
2015-08-11T20:47:40.000000Z,125.1875,125.125,1.0
2015-08-11T20:47:55.000000Z,125.1875,125.125,1.0
2015-08-11T20:48:00.000000Z,125.1875,125.125,5.0
2015-08-11T20:48:30.000000Z,125.1875,125.125,2.0
2015-08-11T20:48:40.000000Z,125.1875,125.125,5.0
2015-08-11T20:49:05.000000Z,125.125,125.125,1.0
2015-08-11T20:49:15.000000Z,125.125,125.125,2.0
2015-08-11T20:49:20.000000Z,125.125,125.125,2.0
2015-08-11T20:49:30.000000Z,125.125,125.125,3.0
2015-08-11T20:49:35.000000Z,125.125,125.125,4.0
2015-08-11T20:49:40.000000Z,125.125,125.125,5.0
2015-08-11T20:49:45.000000Z,125.125,125.125,4.0
2015-08-11T20:49:50.000000Z,125.125,125.125,2.0
2015-08-11T20:50:00.000000Z,125.125,125.125,3.0
2015-08-11T20:50:05.000000Z,125.125,125.125,6.0
2015-08-11T20:50:10.000000Z,125.125,125.125,1.0
2015-08-11T20:50:20.000000Z,125.125,125.125,2.0
2015-08-11T20:50:25.000000Z,125.125,125.125,3.0
2015-08-11T20:50:35.000000Z,125.125,125.125,4.0
2015-08-11T20:50:40.000000Z,125.125,125.125,5.0
2015-08-11T20:50:45.000000Z,125.125,125.125,2.0
2015-08-11T20:50:50.000000Z,125.125,125.125,3.0
2015-08-11T20:51:00.000000Z,125.125,125.125,2.0
2015-08-11T20:51:10.000000Z,125.125,125.125,2.0
2015-08-11T20:51:35.000000Z,125.125,125.0625,2.0
2015-08-11T20:51:45.000000Z,125.125,125.0625,2.0
2015-08-11T20:52:00.000000Z,125.125,125.125,2.0
2015-08-11T20:52:05.000000Z,125.125,125.125,3.0
2015-08-11T20:52:20.000000Z,125.125,125.0625,3.0
2015-08-11T20:52:25.000000Z,125.125,125.125,2.0
2015-08-11T20:52:30.000000Z,125.125,125.125,1.0
2015-08-11T20:52:40.000000Z,125.125,125.125,3.0
2015-08-11T20:52:45.000000Z,125.125,125.125,7.0
2015-08-11T20:52:50.000000Z,125.125,125.125,1.0
2015-08-11T20:53:00.000000Z,125.125,125.125,1.0
2015-08-11T20:53:10.000000Z,125.125,125.125,2.0
2015-08-11T20:53:30.000000Z,125.125,125.125,3.0
2015-08-11T20:53:50.000000Z,125.125,125.125,2.0
2015-08-11T20:54:05.000000Z,125.125,125.125,1.0
2015-08-11T20:54:10.000000Z,125.125,125.125,7.0
2015-08-11T20:54:15.000000Z,125.125,125.125,14.0
2015-08-11T20:54:20.000000Z,125.125,125.125,8.0
2015-08-11T20:54:30.000000Z,125.125,125.125,7.0
2015-08-11T20:54:35.000000Z,125.125,125.125,1.0
2015-08-11T20:54:45.000000Z,125.125,125.125,5.0
2015-08-11T20:54:50.000000Z,125.125,125.125,1.0
2015-08-11T20:54:55.000000Z,125.125,125.125,1.0
2015-08-11T20:55:00.000000Z,125.125,125.125,4.0
2015-08-11T20:55:10.000000Z,125.125,125.125,1.0
2015-08-11T20:55:15.000000Z,125.125,125.125,2.0
2015-08-11T20:55:25.000000Z,125.125,125.125,3.0
2015-08-11T20:55:35.000000Z,125.125,125.125,8.0
