time,closeAsk,closeBid,volume
2015-08-11T11:13:30.000000Z,16.28125,16.265625,25.0
2015-08-11T11:13:40.000000Z,16.28125,16.265625,56.0
2015-08-11T11:13:50.000000Z,16.265625,16.265625,102.0
2015-08-11T11:14:00.000000Z,16.265625,16.265625,49.0
2015-08-11T11:14:10.000000Z,16.265625,16.265625,49.0
2015-08-11T11:14:20.000000Z,16.265625,16.265625,66.0
2015-08-11T11:14:30.000000Z,16.265625,16.265625,42.0
2015-08-11T11:14:40.000000Z,16.265625,16.265625,108.0
2015-08-11T11:14:50.000000Z,16.265625,16.265625,88.0
2015-08-11T11:15:00.000000Z,16.265625,16.265625,60.0
2015-08-11T11:15:10.000000Z,16.265625,16.265625,62.0
2015-08-11T11:15:20.000000Z,16.265625,16.265625,85.0
2015-08-11T11:15:30.000000Z,16.265625,16.265625,89.0
2015-08-11T11:15:40.000000Z,16.265625,16.265625,61.0
2015-08-11T11:15:50.000000Z,16.265625,16.265625,73.0
2015-08-11T11:16:00.000000Z,16.265625,16.265625,42.0
2015-08-11T11:16:10.000000Z,16.265625,16.265625,19.0
2015-08-11T11:16:20.000000Z,16.265625,16.265625,88.0
2015-08-11T11:16:30.000000Z,16.265625,16.265625,46.0
2015-08-11T11:16:40.000000Z,16.265625,16.265625,13.0
2015-08-11T11:16:50.000000Z,16.265625,16.265625,36.0
2015-08-11T11:17:00.000000Z,16.265625,16.265625,23.0
2015-08-11T11:17:10.000000Z,16.265625,16.265625,9.0
2015-08-11T11:17:20.000000Z,16.265625,16.265625,19.0
2015-08-11T11:17:30.000000Z,16.265625,16.265625,26.0
2015-08-11T11:17:40.000000Z,16.265625,16.265625,32.0
2015-08-11T11:17:50.000000Z,16.28125,16.265625,45.0
2015-08-11T11:18:00.000000Z,16.265625,16.265625,57.0
2015-08-11T11:18:10.000000Z,16.265625,16.265625,30.0
2015-08-11T11:18:20.000000Z,16.265625,16.265625,14.0
2015-08-11T11:18:30.000000Z,16.265625,16.265625,23.0
2015-08-11T11:18:40.000000Z,16.265625,16.265625,17.0
2015-08-11T11:18:50.000000Z,16.265625,16.265625,34.0
2015-08-11T11:19:00.000000Z,16.265625,16.265625,13.0
2015-08-11T11:19:10.000000Z,16.265625,16.265625,26.0
2015-08-11T11:19:20.000000Z,16.265625,16.265625,56.0
2015-08-11T11:19:30.000000Z,16.265625,16.265625,46.0
2015-08-11T11:19:40.000000Z,16.265625,16.265625,47.0
2015-08-11T11:19:50.000000Z,16.265625,16.265625,87.0
2015-08-11T11:20:00.000000Z,16.265625,16.265625,74.0
2015-08-11T11:20:10.000000Z,16.265625,16.265625,21.0
2015-08-11T11:20:20.000000Z,16.265625,16.265625,19.0
2015-08-11T11:20:30.000000Z,16.265625,16.265625,21.0
2015-08-11T11:20:40.000000Z,16.265625,16.265625,13.0
2015-08-11T11:20:50.000000Z,16.265625,16.265625,13.0
2015-08-11T11:21:00.000000Z,16.265625,16.265625,21.0
2015-08-11T11:21:10.000000Z,16.265625,16.265625,17.0
2015-08-11T11:21:20.000000Z,16.265625,16.265625,15.0
2015-08-11T11:21:30.000000Z,16.265625,16.265625,19.0
2015-08-11T11:21:40.000000Z,16.265625,16.265625,12.0
2015-08-11T11:21:50.000000Z,16.265625,16.265625,12.0
2015-08-11T11:22:00.000000Z,16.265625,16.265625,13.0
2015-08-11T11:22:10.000000Z,16.265625,16.265625,11.0
2015-08-11T11:22:20.000000Z,16.265625,16.265625,6.0
2015-08-11T11:22:30.000000Z,16.265625,16.265625,62.0
2015-08-11T11:22:40.000000Z,16.28125,16.265625,75.0
2015-08-11T11:22:50.000000Z,16.28125,16.265625,28.0
2015-08-11T11:23:00.000000Z,16.28125,16.28125,77.0
2015-08-11T11:23:10.000000Z,16.28125,16.28125,59.0
2015-08-11T11:23:20.000000Z,16.28125,16.28125,39.0
2015-08-11T11:23:30.000000Z,16.28125,16.28125,15.0
2015-08-11T11:23:40.000000Z,16.28125,16.28125,5.0
2015-08-11T11:23:50.000000Z,16.28125,16.28125,7.0
2015-08-11T11:24:00.000000Z,16.28125,16.28125,20.0
2015-08-11T11:24:10.000000Z,16.28125,16.28125,16.0
2015-08-11T11:24:20.000000Z,16.28125,16.28125,42.0
2015-08-11T11:24:30.000000Z,16.28125,16.28125,46.0
2015-08-11T11:24:40.000000Z,16.296875,16.28125,62.0
2015-08-11T11:24:50.000000Z,16.28125,16.28125,117.0
2015-08-11T11:25:00.000000Z,16.296875,16.28125,154.0
2015-08-11T11:25:10.000000Z,16.296875,16.28125,81.0
2015-08-11T11:25:20.000000Z,16.296875,16.28125,67.0
2015-08-11T11:25:30.000000Z,16.296875,16.28125,39.0
2015-08-11T11:25:40.000000Z,16.296875,16.28125,41.0
2015-08-11T11:25:50.000000Z,16.296875,16.296875,36.0
2015-08-11T11:26:00.000000Z,16.296875,16.296875,83.0
2015-08-11T11:26:10.000000Z,16.296875,16.296875,42.0
2015-08-11T11:26:20.000000Z,16.296875,16.296875,90.0
2015-08-11T11:26:30.000000Z,16.296875,16.296875,57.0
2015-08-11T11:26:40.000000Z,16.296875,16.28125,81.0
2015-08-11T11:26:50.000000Z,16.296875,16.28125,20.0
2015-08-11T11:27:00.000000Z,16.296875,16.28125,18.0
2015-08-11T11:27:10.000000Z,16.296875,16.28125,16.0
2015-08-11T11:27:20.000000Z,16.296875,16.28125,30.0
2015-08-11T11:27:30.000000Z,16.296875,16.28125,82.0
2015-08-11T11:27:40.000000Z,16.296875,16.28125,42.0
2015-08-11T11:27:50.000000Z,16.28125,16.28125,32.0
2015-08-11T11:28:00.000000Z,16.28125,16.28125,67.0
2015-08-11T11:28:10.000000Z,16.28125,16.28125,89.0
2015-08-11T11:28:20.000000Z,16.28125,16.28125,56.0
2015-08-11T11:28:30.000000Z,16.28125,16.28125,28.0
2015-08-11T11:28:40.000000Z,16.28125,16.28125,32.0
2015-08-11T11:28:50.000000Z,16.28125,16.28125,13.0
2015-08-11T11:29:00.000000Z,16.28125,16.28125,19.0
2015-08-11T11:29:10.000000Z,16.28125,16.28125,17.0
2015-08-11T11:29:20.000000Z,16.28125,16.28125,49.0
2015-08-11T11:29:30.000000Z,16.28125,16.28125,61.0
2015-08-11T11:29:40.000000Z,16.28125,16.28125,27.0
2015-08-11T11:29:50.000000Z,16.296875,16.28125,61.0
2015-08-11T11:30:00.000000Z,16.28125,16.28125,33.0
2015-08-11T11:30:10.000000Z,16.28125,16.28125,28.0
2015-08-11T11:30:20.000000Z,16.28125,16.28125,101.0
2015-08-11T11:30:30.000000Z,16.28125,16.28125,26.0
2015-08-11T11:30:40.000000Z,16.28125,16.28125,82.0
2015-08-11T11:30:50.000000Z,16.28125,16.28125,21.0
2015-08-11T11:31:00.000000Z,16.28125,16.28125,16.0
2015-08-11T11:31:10.000000Z,16.28125,16.28125,19.0
2015-08-11T11:31:20.000000Z,16.28125,16.28125,61.0
2015-08-11T11:31:30.000000Z,16.28125,16.28125,47.0
2015-08-11T11:31:40.000000Z,16.28125,16.28125,60.0
2015-08-11T11:31:50.000000Z,16.28125,16.28125,36.0
2015-08-11T11:32:00.000000Z,16.28125,16.28125,27.0
2015-08-11T11:32:10.000000Z,16.28125,16.28125,3.0
2015-08-11T11:32:20.000000Z,16.28125,16.28125,10.0
2015-08-11T11:32:30.000000Z,16.28125,16.28125,5.0
2015-08-11T11:32:40.000000Z,16.28125,16.28125,20.0
2015-08-11T11:32:50.000000Z,16.28125,16.28125,4.0
2015-08-11T11:33:00.000000Z,16.28125,16.28125,9.0
2015-08-11T11:33:10.000000Z,16.265625,16.265625,88.0
2015-08-11T11:33:20.000000Z,16.265625,16.265625,59.0
2015-08-11T11:33:30.000000Z,16.265625,16.265625,98.0
2015-08-11T11:33:40.000000Z,16.265625,16.265625,96.0
2015-08-11T11:33:50.000000Z,16.265625,16.265625,69.0
2015-08-11T11:34:00.000000Z,16.265625,16.265625,69.0
2015-08-11T11:34:10.000000Z,16.265625,16.265625,54.0
2015-08-11T11:34:20.000000Z,16.265625,16.265625,103.0
2015-08-11T11:34:30.000000Z,16.265625,16.265625,77.0
2015-08-11T11:34:40.000000Z,16.265625,16.265625,15.0
2015-08-11T11:34:50.000000Z,16.265625,16.265625,26.0
2015-08-11T11:35:00.000000Z,16.265625,16.265625,19.0
2015-08-11T11:35:10.000000Z,16.265625,16.265625,108.0
2015-08-11T11:35:20.000000Z,16.265625,16.265625,58.0
2015-08-11T11:35:30.000000Z,16.265625,16.265625,32.0
2015-08-11T11:35:40.000000Z,16.265625,16.265625,49.0
2015-08-11T11:35:50.000000Z,16.265625,16.265625,76.0
2015-08-11T11:36:00.000000Z,16.265625,16.265625,27.0
2015-08-11T11:36:10.000000Z,16.265625,16.265625,18.0
2015-08-11T11:36:20.000000Z,16.265625,16.265625,26.0
2015-08-11T11:36:30.000000Z,16.265625,16.265625,44.0
2015-08-11T11:36:40.000000Z,16.265625,16.265625,30.0
2015-08-11T11:36:50.000000Z,16.265625,16.265625,16.0
2015-08-11T11:37:00.000000Z,16.265625,16.265625,74.0
2015-08-11T11:37:10.000000Z,16.265625,16.265625,18.0
2015-08-11T11:37:20.000000Z,16.265625,16.265625,16.0
2015-08-11T11:37:30.000000Z,16.265625,16.265625,16.0
2015-08-11T11:37:40.000000Z,16.265625,16.265625,14.0
2015-08-11T11:37:50.000000Z,16.265625,16.265625,32.0
2015-08-11T11:38:00.000000Z,16.265625,16.265625,57.0
2015-08-11T11:38:10.000000Z,16.265625,16.265625,48.0
2015-08-11T11:38:20.000000Z,16.265625,16.265625,54.0
2015-08-11T11:38:30.000000Z,16.265625,16.265625,67.0
2015-08-11T11:38:40.000000Z,16.265625,16.265625,45.0
2015-08-11T11:38:50.000000Z,16.265625,16.265625,75.0
2015-08-11T11:39:00.000000Z,16.265625,16.265625,33.0
2015-08-11T11:39:10.000000Z,16.265625,16.265625,17.0
2015-08-11T11:39:20.000000Z,16.265625,16.265625,17.0
2015-08-11T11:39:30.000000Z,16.265625,16.265625,23.0
2015-08-11T11:39:40.000000Z,16.265625,16.265625,10.0
2015-08-11T11:39:50.000000Z,16.265625,16.265625,12.0
2015-08-11T11:40:00.000000Z,16.265625,16.265625,29.0
2015-08-11T11:40:10.000000Z,16.265625,16.265625,39.0
2015-08-11T11:40:20.000000Z,16.265625,16.265625,19.0
2015-08-11T11:40:30.000000Z,16.265625,16.265625,24.0
2015-08-11T11:40:40.000000Z,16.265625,16.265625,14.0
2015-08-11T11:40:50.000000Z,16.265625,16.265625,8.0
2015-08-11T11:41:00.000000Z,16.265625,16.265625,34.0
2015-08-11T11:41:10.000000Z,16.265625,16.265625,57.0
2015-08-11T11:41:20.000000Z,16.265625,16.265625,54.0
2015-08-11T11:41:30.000000Z,16.265625,16.265625,41.0
2015-08-11T11:41:40.000000Z,16.265625,16.265625,64.0
2015-08-11T11:41:50.000000Z,16.265625,16.265625,30.0
2015-08-11T11:42:00.000000Z,16.265625,16.265625,71.0
2015-08-11T11:42:10.000000Z,16.265625,16.265625,69.0
2015-08-11T11:42:20.000000Z,16.265625,16.265625,42.0
2015-08-11T11:42:30.000000Z,16.28125,16.265625,78.0
2015-08-11T11:42:40.000000Z,16.28125,16.265625,67.0
2015-08-11T11:42:50.000000Z,16.265625,16.265625,42.0
2015-08-11T11:43:00.000000Z,16.265625,16.265625,103.0
2015-08-11T11:43:10.000000Z,16.265625,16.265625,71.0
2015-08-11T11:43:20.000000Z,16.265625,16.265625,59.0
2015-08-11T11:43:30.000000Z,16.265625,16.265625,58.0
2015-08-11T11:43:40.000000Z,16.265625,16.265625,45.0
2015-08-11T11:43:50.000000Z,16.265625,16.265625,31.0
2015-08-11T11:44:00.000000Z,16.265625,16.265625,20.0
2015-08-11T11:44:10.000000Z,16.265625,16.265625,18.0
2015-08-11T11:44:20.000000Z,16.265625,16.265625,19.0
2015-08-11T11:44:30.000000Z,16.265625,16.265625,26.0
2015-08-11T11:44:40.000000Z,16.265625,16.265625,42.0
2015-08-11T11:44:50.000000Z,16.265625,16.265625,14.0
2015-08-11T11:45:00.000000Z,16.265625,16.265625,68.0
2015-08-11T11:45:10.000000Z,16.265625,16.265625,45.0
2015-08-11T11:45:20.000000Z,16.265625,16.265625,51.0
2015-08-11T11:45:30.000000Z,16.28125,16.265625,64.0
2015-08-11T11:45:40.000000Z,16.28125,16.265625,49.0
2015-08-11T11:45:50.000000Z,16.265625,16.265625,81.0
2015-08-11T11:46:00.000000Z,16.265625,16.265625,38.0
2015-08-11T11:46:10.000000Z,16.265625,16.265625,24.0
2015-08-11T11:46:20.000000Z,16.265625,16.265625,58.0
2015-08-11T11:46:30.000000Z,16.265625,16.265625,33.0
2015-08-11T11:46:40.000000Z,16.265625,16.265625,24.0
2015-08-11T11:46:50.000000Z,16.265625,16.265625,17.0
2015-08-11T11:47:00.000000Z,16.265625,16.265625,64.0
2015-08-11T11:47:10.000000Z,16.265625,16.265625,72.0
2015-08-11T11:47:20.000000Z,16.265625,16.265625,22.0
2015-08-11T11:47:30.000000Z,16.265625,16.265625,40.0
2015-08-11T11:47:40.000000Z,16.265625,16.265625,15.0
2015-08-11T11:47:50.000000Z,16.265625,16.265625,10.0
2015-08-11T11:48:00.000000Z,16.265625,16.265625,13.0
2015-08-11T11:48:10.000000Z,16.265625,16.25,59.0
2015-08-11T11:48:20.000000Z,16.25,16.25,33.0
2015-08-11T11:48:30.000000Z,16.25,16.25,66.0
2015-08-11T11:48:40.000000Z,16.25,16.25,41.0
2015-08-11T11:48:50.000000Z,16.25,16.25,32.0
2015-08-11T11:49:00.000000Z,16.25,16.25,90.0
2015-08-11T11:49:10.000000Z,16.25,16.25,46.0
2015-08-11T11:49:20.000000Z,16.25,16.25,85.0
2015-08-11T11:49:30.000000Z,16.25,16.25,23.0
2015-08-11T11:49:40.000000Z,16.25,16.25,60.0
2015-08-11T11:49:50.000000Z,16.25,16.25,9.0
2015-08-11T11:50:00.000000Z,16.25,16.25,10.0
2015-08-11T11:50:10.000000Z,16.25,16.25,5.0
2015-08-11T11:50:20.000000Z,16.25,16.25,33.0
2015-08-11T11:50:30.000000Z,16.25,16.25,53.0
2015-08-11T11:50:40.000000Z,16.25,16.25,23.0
2015-08-11T11:50:50.000000Z,16.25,16.25,12.0
2015-08-11T11:51:00.000000Z,16.25,16.25,36.0
2015-08-11T11:51:10.000000Z,16.25,16.25,27.0
2015-08-11T11:51:20.000000Z,16.25,16.25,27.0
2015-08-11T11:51:30.000000Z,16.25,16.25,18.0
2015-08-11T11:51:40.000000Z,16.25,16.25,34.0
2015-08-11T11:51:50.000000Z,16.25,16.25,37.0
2015-08-11T11:52:00.000000Z,16.265625,16.25,101.0
2015-08-11T11:52:10.000000Z,16.265625,16.25,47.0
2015-08-11T11:52:20.000000Z,16.25,16.25,34.0
2015-08-11T11:52:30.000000Z,16.25,16.25,19.0
2015-08-11T11:52:40.000000Z,16.25,16.25,12.0
2015-08-11T11:52:50.000000Z,16.25,16.25,32.0
2015-08-11T11:53:00.000000Z,16.25,16.25,64.0
2015-08-11T11:53:10.000000Z,16.25,16.25,12.0
2015-08-11T11:53:20.000000Z,16.25,16.25,11.0
2015-08-11T11:53:30.000000Z,16.25,16.25,45.0
2015-08-11T11:53:40.000000Z,16.25,16.25,27.0
2015-08-11T11:53:50.000000Z,16.25,16.25,8.0
2015-08-11T11:54:00.000000Z,16.25,16.25,16.0
2015-08-11T11:54:10.000000Z,16.25,16.25,16.0
2015-08-11T11:54:20.000000Z,16.25,16.25,8.0
2015-08-11T11:54:30.000000Z,16.25,16.25,9.0
2015-08-11T11:54:40.000000Z,16.25,16.25,7.0
2015-08-11T11:54:50.000000Z,16.25,16.25,6.0
2015-08-11T11:55:00.000000Z,16.25,16.25,6.0
2015-08-11T11:55:10.000000Z,16.25,16.25,22.0
2015-08-11T11:55:20.000000Z,16.25,16.25,26.0
2015-08-11T11:55:30.000000Z,16.25,16.25,15.0
2015-08-11T11:55:40.000000Z,16.25,16.25,15.0
2015-08-11T11:55:50.000000Z,16.25,16.25,14.0
2015-08-11T11:56:00.000000Z,16.25,16.25,11.0
2015-08-11T11:56:10.000000Z,16.25,16.25,30.0
2015-08-11T11:56:20.000000Z,16.25,16.25,19.0
2015-08-11T11:56:30.000000Z,16.25,16.25,30.0
2015-08-11T11:56:40.000000Z,16.25,16.25,59.0
2015-08-11T11:56:50.000000Z,16.25,16.25,10.0
2015-08-11T11:57:00.000000Z,16.25,16.25,20.0
2015-08-11T11:57:10.000000Z,16.25,16.25,21.0
2015-08-11T11:57:20.000000Z,16.25,16.25,11.0
2015-08-11T11:57:30.000000Z,16.25,16.25,35.0
2015-08-11T11:57:40.000000Z,16.25,16.25,30.0
2015-08-11T11:57:50.000000Z,16.25,16.25,19.0
2015-08-11T11:58:00.000000Z,16.25,16.25,43.0
2015-08-11T11:58:10.000000Z,16.25,16.25,25.0
2015-08-11T11:58:20.000000Z,16.25,16.25,11.0
2015-08-11T11:58:30.000000Z,16.25,16.25,127.0
2015-08-11T11:58:40.000000Z,16.25,16.25,50.0
2015-08-11T11:58:50.000000Z,16.265625,16.25,83.0
2015-08-11T11:59:00.000000Z,16.265625,16.25,74.0
2015-08-11T11:59:10.000000Z,16.265625,16.25,95.0
2015-08-11T11:59:20.000000Z,16.265625,16.25,68.0
2015-08-11T11:59:30.000000Z,16.265625,16.25,48.0
2015-08-11T11:59:40.000000Z,16.265625,16.25,42.0
2015-08-11T11:59:50.000000Z,16.265625,16.25,78.0
2015-08-11T12:00:00.000000Z,16.265625,16.25,52.0
2015-08-11T12:00:10.000000Z,16.265625,16.25,49.0
2015-08-11T12:00:20.000000Z,16.265625,16.25,52.0
2015-08-11T12:00:30.000000Z,16.265625,16.25,10.0
2015-08-11T12:00:40.000000Z,16.265625,16.25,24.0
2015-08-11T12:00:50.000000Z,16.265625,16.265625,69.0
2015-08-11T12:01:00.000000Z,16.265625,16.265625,69.0
2015-08-11T12:01:10.000000Z,16.265625,16.265625,54.0
2015-08-11T12:01:20.000000Z,16.265625,16.265625,100.0
2015-08-11T12:01:30.000000Z,16.265625,16.265625,56.0
2015-08-11T12:01:40.000000Z,16.265625,16.265625,51.0
2015-08-11T12:01:50.000000Z,16.265625,16.265625,40.0
2015-08-11T12:02:00.000000Z,16.265625,16.265625,130.0
2015-08-11T12:02:10.000000Z,16.265625,16.265625,78.0
2015-08-11T12:02:20.000000Z,16.265625,16.265625,84.0
2015-08-11T12:02:30.000000Z,16.265625,16.265625,68.0
2015-08-11T12:02:40.000000Z,16.265625,16.265625,55.0
2015-08-11T12:02:50.000000Z,16.265625,16.265625,44.0
2015-08-11T12:03:00.000000Z,16.265625,16.265625,37.0
2015-08-11T12:03:10.000000Z,16.265625,16.265625,56.0
2015-08-11T12:03:20.000000Z,16.265625,16.265625,59.0
2015-08-11T12:03:30.000000Z,16.265625,16.265625,30.0
2015-08-11T12:03:40.000000Z,16.265625,16.265625,34.0
2015-08-11T12:03:50.000000Z,16.265625,16.265625,25.0
2015-08-11T12:04:00.000000Z,16.265625,16.265625,70.0
2015-08-11T12:04:10.000000Z,16.265625,16.265625,67.0
2015-08-11T12:04:20.000000Z,16.265625,16.265625,56.0
2015-08-11T12:04:30.000000Z,16.265625,16.265625,40.0
2015-08-11T12:04:40.000000Z,16.265625,16.265625,31.0
2015-08-11T12:04:50.000000Z,16.265625,16.265625,66.0
2015-08-11T12:05:00.000000Z,16.265625,16.265625,80.0
2015-08-11T12:05:10.000000Z,16.265625,16.265625,60.0
2015-08-11T12:05:20.000000Z,16.28125,16.265625,71.0
2015-08-11T12:05:30.000000Z,16.28125,16.265625,55.0
2015-08-11T12:05:40.000000Z,16.28125,16.265625,121.0
2015-08-11T12:05:50.000000Z,16.28125,16.265625,38.0
2015-08-11T12:06:00.000000Z,16.28125,16.265625,81.0
2015-08-11T12:06:10.000000Z,16.28125,16.265625,98.0
2015-08-11T12:06:20.000000Z,16.28125,16.265625,42.0
2015-08-11T12:06:30.000000Z,16.28125,16.265625,67.0
2015-08-11T12:06:40.000000Z,16.28125,16.265625,47.0
2015-08-11T12:06:50.000000Z,16.28125,16.265625,20.0
2015-08-11T12:07:00.000000Z,16.28125,16.265625,54.0
2015-08-11T12:07:10.000000Z,16.28125,16.265625,14.0
2015-08-11T12:07:20.000000Z,16.28125,16.265625,8.0
2015-08-11T12:07:30.000000Z,16.28125,16.265625,19.0
2015-08-11T12:07:40.000000Z,16.28125,16.265625,11.0
2015-08-11T12:07:50.000000Z,16.28125,16.265625,36.0
2015-08-11T12:08:00.000000Z,16.28125,16.265625,34.0
2015-08-11T12:08:10.000000Z,16.28125,16.265625,12.0
2015-08-11T12:08:20.000000Z,16.28125,16.265625,29.0
2015-08-11T12:08:30.000000Z,16.28125,16.265625,20.0
2015-08-11T12:08:40.000000Z,16.28125,16.28125,90.0
2015-08-11T12:08:50.000000Z,16.28125,16.28125,36.0
2015-08-11T12:09:00.000000Z,16.28125,16.28125,56.0
2015-08-11T12:09:10.000000Z,16.28125,16.28125,44.0
2015-08-11T12:09:20.000000Z,16.28125,16.28125,43.0
2015-08-11T12:09:30.000000Z,16.28125,16.28125,53.0
2015-08-11T12:09:40.000000Z,16.28125,16.28125,13.0
2015-08-11T12:09:50.000000Z,16.28125,16.28125,20.0
2015-08-11T12:10:00.000000Z,16.28125,16.28125,24.0
2015-08-11T12:10:10.000000Z,16.28125,16.28125,15.0
2015-08-11T12:10:20.000000Z,16.28125,16.28125,40.0
2015-08-11T12:10:30.000000Z,16.28125,16.28125,24.0
2015-08-11T12:10:40.000000Z,16.28125,16.28125,30.0
2015-08-11T12:10:50.000000Z,16.28125,16.28125,17.0
2015-08-11T12:11:00.000000Z,16.28125,16.28125,43.0
2015-08-11T12:11:10.000000Z,16.28125,16.28125,55.0
2015-08-11T12:11:20.000000Z,16.28125,16.28125,24.0
2015-08-11T12:11:30.000000Z,16.28125,16.28125,23.0
2015-08-11T12:11:40.000000Z,16.28125,16.28125,45.0
2015-08-11T12:11:50.000000Z,16.28125,16.28125,50.0
2015-08-11T12:12:00.000000Z,16.28125,16.28125,44.0
2015-08-11T12:12:10.000000Z,16.28125,16.28125,24.0
2015-08-11T12:12:20.000000Z,16.28125,16.28125,34.0
2015-08-11T12:12:30.000000Z,16.28125,16.28125,52.0
2015-08-11T12:12:40.000000Z,16.28125,16.28125,41.0
2015-08-11T12:12:50.000000Z,16.28125,16.28125,77.0
2015-08-11T12:13:00.000000Z,16.28125,16.28125,30.0
2015-08-11T12:13:10.000000Z,16.28125,16.28125,58.0
2015-08-11T12:13:20.000000Z,16.28125,16.28125,16.0
2015-08-11T12:13:30.000000Z,16.28125,16.28125,23.0
2015-08-11T12:13:40.000000Z,16.28125,16.28125,31.0
2015-08-11T12:13:50.000000Z,16.28125,16.28125,78.0
2015-08-11T12:14:00.000000Z,16.28125,16.28125,47.0
2015-08-11T12:14:10.000000Z,16.28125,16.28125,24.0
2015-08-11T12:14:20.000000Z,16.28125,16.28125,22.0
2015-08-11T12:14:30.000000Z,16.28125,16.265625,32.0
2015-08-11T12:14:40.000000Z,16.28125,16.265625,13.0
2015-08-11T12:14:50.000000Z,16.28125,16.265625,99.0
2015-08-11T12:15:00.000000Z,16.28125,16.265625,105.0
2015-08-11T12:15:10.000000Z,16.28125,16.265625,56.0
2015-08-11T12:15:20.000000Z,16.265625,16.265625,99.0
2015-08-11T12:15:30.000000Z,16.265625,16.265625,43.0
2015-08-11T12:15:40.000000Z,16.265625,16.265625,18.0
2015-08-11T12:15:50.000000Z,16.265625,16.265625,68.0
2015-08-11T12:16:00.000000Z,16.265625,16.265625,44.0
2015-08-11T12:16:10.000000Z,16.265625,16.265625,26.0
2015-08-11T12:16:20.000000Z,16.265625,16.265625,32.0
2015-08-11T12:16:30.000000Z,16.265625,16.265625,44.0
2015-08-11T12:16:40.000000Z,16.265625,16.265625,59.0
2015-08-11T12:16:50.000000Z,16.265625,16.265625,63.0
2015-08-11T12:17:00.000000Z,16.265625,16.265625,50.0
2015-08-11T12:17:10.000000Z,16.265625,16.265625,28.0
2015-08-11T12:17:20.000000Z,16.265625,16.265625,17.0
2015-08-11T12:17:30.000000Z,16.265625,16.265625,29.0
2015-08-11T12:17:40.000000Z,16.265625,16.265625,24.0
2015-08-11T12:17:50.000000Z,16.265625,16.265625,19.0
2015-08-11T12:18:00.000000Z,16.265625,16.265625,56.0
2015-08-11T12:18:10.000000Z,16.265625,16.265625,59.0
2015-08-11T12:18:20.000000Z,16.265625,16.265625,44.0
2015-08-11T12:18:30.000000Z,16.265625,16.265625,33.0
2015-08-11T12:18:40.000000Z,16.265625,16.265625,25.0
2015-08-11T12:18:50.000000Z,16.265625,16.265625,46.0
2015-08-11T12:19:00.000000Z,16.265625,16.265625,23.0
2015-08-11T12:19:10.000000Z,16.265625,16.265625,44.0
2015-08-11T12:19:20.000000Z,16.265625,16.265625,38.0
2015-08-11T12:19:30.000000Z,16.265625,16.265625,54.0
2015-08-11T12:19:40.000000Z,16.265625,16.265625,35.0
2015-08-11T12:19:50.000000Z,16.265625,16.265625,24.0
2015-08-11T12:20:00.000000Z,16.265625,16.265625,43.0
2015-08-11T12:20:10.000000Z,16.265625,16.265625,32.0
2015-08-11T12:20:20.000000Z,16.265625,16.265625,86.0
2015-08-11T12:20:30.000000Z,16.265625,16.265625,81.0
2015-08-11T12:20:40.000000Z,16.265625,16.265625,49.0
2015-08-11T12:20:50.000000Z,16.265625,16.265625,32.0
2015-08-11T12:21:00.000000Z,16.265625,16.265625,71.0
2015-08-11T12:21:10.000000Z,16.265625,16.265625,15.0
2015-08-11T12:21:20.000000Z,16.265625,16.265625,40.0
2015-08-11T12:21:30.000000Z,16.265625,16.265625,68.0
2015-08-11T12:21:40.000000Z,16.265625,16.265625,27.0
2015-08-11T12:21:50.000000Z,16.265625,16.265625,24.0
2015-08-11T12:22:00.000000Z,16.265625,16.265625,23.0
2015-08-11T12:22:10.000000Z,16.265625,16.265625,45.0
2015-08-11T12:22:20.000000Z,16.265625,16.265625,63.0
2015-08-11T12:22:30.000000Z,16.265625,16.265625,58.0
2015-08-11T12:22:40.000000Z,16.265625,16.265625,54.0
2015-08-11T12:22:50.000000Z,16.265625,16.265625,56.0
2015-08-11T12:23:00.000000Z,16.265625,16.265625,71.0
2015-08-11T12:23:10.000000Z,16.265625,16.265625,54.0
2015-08-11T12:23:20.000000Z,16.265625,16.265625,16.0
2015-08-11T12:23:30.000000Z,16.265625,16.25,66.0
2015-08-11T12:23:40.000000Z,16.265625,16.25,79.0
2015-08-11T12:23:50.000000Z,16.265625,16.265625,75.0
2015-08-11T12:24:00.000000Z,16.265625,16.25,51.0
2015-08-11T12:24:10.000000Z,16.265625,16.25,79.0
2015-08-11T12:24:20.000000Z,16.265625,16.25,129.0
2015-08-11T12:24:30.000000Z,16.265625,16.25,101.0
2015-08-11T12:24:40.000000Z,16.265625,16.25,48.0
2015-08-11T12:24:50.000000Z,16.25,16.25,59.0
2015-08-11T12:25:00.000000Z,16.25,16.25,85.0
2015-08-11T12:25:10.000000Z,16.265625,16.25,79.0
2015-08-11T12:25:20.000000Z,16.25,16.25,96.0
2015-08-11T12:25:30.000000Z,16.25,16.25,134.0
2015-08-11T12:25:40.000000Z,16.25,16.25,71.0
2015-08-11T12:25:50.000000Z,16.25,16.25,66.0
2015-08-11T12:26:00.000000Z,16.25,16.25,53.0
2015-08-11T12:26:10.000000Z,16.25,16.25,80.0
2015-08-11T12:26:20.000000Z,16.25,16.25,52.0
2015-08-11T12:26:30.000000Z,16.25,16.25,58.0
2015-08-11T12:26:40.000000Z,16.25,16.25,21.0
2015-08-11T12:26:50.000000Z,16.25,16.25,70.0
2015-08-11T12:27:00.000000Z,16.25,16.25,58.0
2015-08-11T12:27:10.000000Z,16.25,16.25,22.0
2015-08-11T12:27:20.000000Z,16.25,16.25,23.0
2015-08-11T12:27:30.000000Z,16.25,16.25,17.0
2015-08-11T12:27:40.000000Z,16.25,16.25,24.0
2015-08-11T12:27:50.000000Z,16.25,16.25,80.0
2015-08-11T12:28:00.000000Z,16.25,16.25,40.0
2015-08-11T12:28:10.000000Z,16.25,16.25,30.0
2015-08-11T12:28:20.000000Z,16.25,16.25,49.0
2015-08-11T12:28:30.000000Z,16.25,16.25,29.0
2015-08-11T12:28:40.000000Z,16.25,16.25,19.0
2015-08-11T12:28:50.000000Z,16.25,16.25,37.0
2015-08-11T12:29:00.000000Z,16.25,16.25,20.0
2015-08-11T12:29:10.000000Z,16.25,16.234375,124.0
2015-08-11T12:29:20.000000Z,16.25,16.234375,77.0
2015-08-11T12:29:30.000000Z,16.25,16.234375,100.0
2015-08-11T12:29:40.000000Z,16.25,16.234375,50.0
2015-08-11T12:29:50.000000Z,16.25,16.25,87.0
2015-08-11T12:30:00.000000Z,16.25,16.25,80.0
2015-08-11T12:30:10.000000Z,16.25,16.25,68.0
2015-08-11T12:30:20.000000Z,16.25,16.25,63.0
2015-08-11T12:30:30.000000Z,16.25,16.25,97.0
2015-08-11T12:30:40.000000Z,16.25,16.25,59.0
2015-08-11T12:30:50.000000Z,16.25,16.25,79.0
2015-08-11T12:31:00.000000Z,16.25,16.25,62.0
2015-08-11T12:31:10.000000Z,16.25,16.25,73.0
2015-08-11T12:31:20.000000Z,16.25,16.25,30.0
2015-08-11T12:31:30.000000Z,16.25,16.25,75.0
2015-08-11T12:31:40.000000Z,16.25,16.25,106.0
2015-08-11T12:31:50.000000Z,16.25,16.25,40.0
2015-08-11T12:32:00.000000Z,16.265625,16.25,37.0
2015-08-11T12:32:10.000000Z,16.265625,16.265625,116.0
2015-08-11T12:32:20.000000Z,16.265625,16.265625,68.0
2015-08-11T12:32:30.000000Z,16.265625,16.265625,103.0
2015-08-11T12:32:40.000000Z,16.265625,16.265625,43.0
2015-08-11T12:32:50.000000Z,16.265625,16.265625,111.0
2015-08-11T12:33:00.000000Z,16.265625,16.265625,140.0
2015-08-11T12:33:10.000000Z,16.265625,16.265625,99.0
2015-08-11T12:33:20.000000Z,16.265625,16.265625,114.0
2015-08-11T12:33:30.000000Z,16.265625,16.265625,86.0
2015-08-11T12:33:40.000000Z,16.265625,16.265625,103.0
2015-08-11T12:33:50.000000Z,16.265625,16.25,128.0
2015-08-11T12:34:00.000000Z,16.265625,16.25,83.0
2015-08-11T12:34:10.000000Z,16.265625,16.25,88.0
2015-08-11T12:34:20.000000Z,16.265625,16.25,75.0
2015-08-11T12:34:30.000000Z,16.265625,16.25,93.0
2015-08-11T12:34:40.000000Z,16.265625,16.25,39.0
2015-08-11T12:34:50.000000Z,16.265625,16.25,74.0
2015-08-11T12:35:00.000000Z,16.265625,16.25,51.0
2015-08-11T12:35:10.000000Z,16.265625,16.25,11.0
2015-08-11T12:35:20.000000Z,16.25,16.25,110.0
2015-08-11T12:35:30.000000Z,16.265625,16.25,93.0
2015-08-11T12:35:40.000000Z,16.265625,16.25,81.0
2015-08-11T12:35:50.000000Z,16.265625,16.25,42.0
2015-08-11T12:36:00.000000Z,16.265625,16.25,35.0
2015-08-11T12:36:10.000000Z,16.265625,16.25,35.0
2015-08-11T12:36:20.000000Z,16.265625,16.25,26.0
2015-08-11T12:36:30.000000Z,16.265625,16.25,77.0
2015-08-11T12:36:40.000000Z,16.265625,16.25,54.0
2015-08-11T12:36:50.000000Z,16.265625,16.25,20.0
2015-08-11T12:37:00.000000Z,16.265625,16.25,55.0
2015-08-11T12:37:10.000000Z,16.265625,16.25,92.0
2015-08-11T12:37:20.000000Z,16.265625,16.25,83.0
2015-08-11T12:37:30.000000Z,16.265625,16.25,85.0
2015-08-11T12:37:40.000000Z,16.265625,16.25,62.0
2015-08-11T12:37:50.000000Z,16.265625,16.265625,79.0
2015-08-11T12:38:00.000000Z,16.265625,16.265625,56.0
2015-08-11T12:38:10.000000Z,16.265625,16.265625,38.0
2015-08-11T12:38:20.000000Z,16.265625,16.265625,45.0
2015-08-11T12:38:30.000000Z,16.265625,16.265625,16.0
2015-08-11T12:38:40.000000Z,16.265625,16.265625,11.0
2015-08-11T12:38:50.000000Z,16.265625,16.265625,20.0
2015-08-11T12:39:00.000000Z,16.265625,16.265625,31.0
2015-08-11T12:39:10.000000Z,16.265625,16.265625,10.0
2015-08-11T12:39:20.000000Z,16.265625,16.265625,74.0
2015-08-11T12:39:30.000000Z,16.265625,16.265625,28.0
2015-08-11T12:39:40.000000Z,16.265625,16.265625,40.0
2015-08-11T12:39:50.000000Z,16.265625,16.265625,41.0
2015-08-11T12:40:00.000000Z,16.265625,16.265625,69.0
2015-08-11T12:40:10.000000Z,16.265625,16.25,118.0
2015-08-11T12:40:20.000000Z,16.265625,16.25,95.0
2015-08-11T12:40:30.000000Z,16.265625,16.265625,94.0
2015-08-11T12:40:40.000000Z,16.265625,16.265625,61.0
2015-08-11T12:40:50.000000Z,16.265625,16.265625,43.0
2015-08-11T12:41:00.000000Z,16.265625,16.265625,66.0
2015-08-11T12:41:10.000000Z,16.265625,16.265625,59.0
2015-08-11T12:41:20.000000Z,16.265625,16.265625,44.0
2015-08-11T12:41:30.000000Z,16.265625,16.265625,55.0
2015-08-11T12:41:40.000000Z,16.265625,16.265625,34.0
2015-08-11T12:41:50.000000Z,16.28125,16.265625,84.0
2015-08-11T12:42:00.000000Z,16.28125,16.265625,101.0
2015-08-11T12:42:10.000000Z,16.28125,16.265625,26.0
2015-08-11T12:42:20.000000Z,16.28125,16.265625,46.0
2015-08-11T12:42:30.000000Z,16.28125,16.265625,58.0
2015-08-11T12:42:40.000000Z,16.28125,16.265625,58.0
2015-08-11T12:42:50.000000Z,16.28125,16.265625,72.0
2015-08-11T12:43:00.000000Z,16.28125,16.265625,67.0
2015-08-11T12:43:10.000000Z,16.28125,16.265625,47.0
2015-08-11T12:43:20.000000Z,16.28125,16.265625,20.0
2015-08-11T12:43:30.000000Z,16.28125,16.265625,45.0
2015-08-11T12:43:40.000000Z,16.28125,16.265625,25.0
2015-08-11T12:43:50.000000Z,16.28125,16.265625,68.0
2015-08-11T12:44:00.000000Z,16.28125,16.28125,80.0
2015-08-11T12:44:10.000000Z,16.28125,16.28125,41.0
2015-08-11T12:44:20.000000Z,16.28125,16.28125,13.0
2015-08-11T12:44:30.000000Z,16.28125,16.28125,14.0
2015-08-11T12:44:40.000000Z,16.28125,16.28125,66.0
2015-08-11T12:44:50.000000Z,16.28125,16.28125,44.0
2015-08-11T12:45:00.000000Z,16.28125,16.28125,75.0
2015-08-11T12:45:10.000000Z,16.28125,16.28125,58.0
2015-08-11T12:45:20.000000Z,16.28125,16.28125,34.0
2015-08-11T12:45:30.000000Z,16.28125,16.28125,22.0
2015-08-11T12:45:40.000000Z,16.28125,16.28125,94.0
2015-08-11T12:45:50.000000Z,16.28125,16.28125,65.0
2015-08-11T12:46:00.000000Z,16.28125,16.28125,27.0
2015-08-11T12:46:10.000000Z,16.28125,16.28125,21.0
2015-08-11T12:46:20.000000Z,16.28125,16.28125,62.0
2015-08-11T12:46:30.000000Z,16.28125,16.28125,68.0
2015-08-11T12:46:40.000000Z,16.28125,16.28125,80.0
2015-08-11T12:46:50.000000Z,16.28125,16.28125,69.0
2015-08-11T12:47:00.000000Z,16.296875,16.28125,110.0
2015-08-11T12:47:10.000000Z,16.296875,16.28125,33.0
2015-08-11T12:47:20.000000Z,16.296875,16.28125,16.0
2015-08-11T12:47:30.000000Z,16.296875,16.28125,18.0
2015-08-11T12:47:40.000000Z,16.296875,16.296875,85.0
2015-08-11T12:47:50.000000Z,16.296875,16.28125,76.0
2015-08-11T12:48:00.000000Z,16.296875,16.28125,79.0
2015-08-11T12:48:10.000000Z,16.296875,16.28125,73.0
2015-08-11T12:48:20.000000Z,16.28125,16.28125,76.0
2015-08-11T12:48:30.000000Z,16.28125,16.28125,60.0
2015-08-11T12:48:40.000000Z,16.28125,16.28125,50.0
2015-08-11T12:48:50.000000Z,16.28125,16.28125,38.0
2015-08-11T12:49:00.000000Z,16.28125,16.28125,41.0
2015-08-11T12:49:10.000000Z,16.28125,16.28125,31.0
2015-08-11T12:49:20.000000Z,16.28125,16.28125,12.0
2015-08-11T12:49:30.000000Z,16.28125,16.28125,59.0
2015-08-11T12:49:40.000000Z,16.28125,16.28125,69.0
2015-08-11T12:49:50.000000Z,16.28125,16.28125,41.0
2015-08-11T12:50:00.000000Z,16.28125,16.28125,30.0
2015-08-11T12:50:10.000000Z,16.28125,16.28125,27.0
2015-08-11T12:50:20.000000Z,16.28125,16.28125,25.0
2015-08-11T12:50:30.000000Z,16.28125,16.28125,41.0
2015-08-11T12:50:40.000000Z,16.28125,16.28125,58.0
2015-08-11T12:50:50.000000Z,16.28125,16.28125,92.0
2015-08-11T12:51:00.000000Z,16.28125,16.28125,106.0
2015-08-11T12:51:10.000000Z,16.28125,16.265625,102.0
2015-08-11T12:51:20.000000Z,16.28125,16.265625,49.0
2015-08-11T12:51:30.000000Z,16.28125,16.265625,98.0
2015-08-11T12:51:40.000000Z,16.28125,16.265625,99.0
2015-08-11T12:51:50.000000Z,16.28125,16.265625,22.0
2015-08-11T12:52:00.000000Z,16.28125,16.265625,12.0
2015-08-11T12:52:10.000000Z,16.28125,16.265625,56.0
2015-08-11T12:52:20.000000Z,16.28125,16.28125,87.0
2015-08-11T12:52:30.000000Z,16.28125,16.28125,37.0
2015-08-11T12:52:40.000000Z,16.28125,16.28125,48.0
2015-08-11T12:52:50.000000Z,16.28125,16.28125,22.0
2015-08-11T12:53:00.000000Z,16.28125,16.28125,87.0
2015-08-11T12:53:10.000000Z,16.28125,16.28125,35.0
2015-08-11T12:53:20.000000Z,16.28125,16.28125,19.0
2015-08-11T12:53:30.000000Z,16.28125,16.28125,43.0
2015-08-11T12:53:40.000000Z,16.28125,16.28125,35.0
2015-08-11T12:53:50.000000Z,16.28125,16.28125,48.0
2015-08-11T12:54:00.000000Z,16.28125,16.28125,112.0
2015-08-11T12:54:10.000000Z,16.28125,16.28125,62.0
2015-08-11T12:54:20.000000Z,16.28125,16.28125,48.0
2015-08-11T12:54:30.000000Z,16.28125,16.28125,40.0
2015-08-11T12:54:40.000000Z,16.28125,16.28125,61.0
2015-08-11T12:54:50.000000Z,16.28125,16.28125,45.0
2015-08-11T12:55:00.000000Z,16.28125,16.28125,104.0
2015-08-11T12:55:10.000000Z,16.28125,16.28125,97.0
2015-08-11T12:55:20.000000Z,16.28125,16.28125,36.0
2015-08-11T12:55:30.000000Z,16.28125,16.28125,57.0
2015-08-11T12:55:40.000000Z,16.28125,16.265625,146.0
2015-08-11T12:55:50.000000Z,16.28125,16.265625,45.0
2015-08-11T12:56:00.000000Z,16.28125,16.28125,57.0
2015-08-11T12:56:10.000000Z,16.265625,16.265625,159.0
2015-08-11T12:56:20.000000Z,16.28125,16.265625,59.0
2015-08-11T12:56:30.000000Z,16.28125,16.265625,40.0
2015-08-11T12:56:40.000000Z,16.265625,16.265625,57.0
2015-08-11T12:56:50.000000Z,16.265625,16.265625,22.0
2015-08-11T12:57:00.000000Z,16.265625,16.265625,42.0
2015-08-11T12:57:10.000000Z,16.265625,16.265625,63.0
2015-08-11T12:57:20.000000Z,16.265625,16.265625,62.0
2015-08-11T12:57:30.000000Z,16.28125,16.265625,85.0
2015-08-11T12:57:40.000000Z,16.28125,16.265625,107.0
2015-08-11T12:57:50.000000Z,16.28125,16.265625,38.0
2015-08-11T12:58:00.000000Z,16.28125,16.265625,8.0
2015-08-11T12:58:10.000000Z,16.28125,16.265625,35.0
2015-08-11T12:58:20.000000Z,16.265625,16.265625,83.0
2015-08-11T12:58:30.000000Z,16.265625,16.265625,55.0
2015-08-11T12:58:40.000000Z,16.265625,16.265625,87.0
2015-08-11T12:58:50.000000Z,16.265625,16.265625,73.0
2015-08-11T12:59:00.000000Z,16.265625,16.265625,98.0
2015-08-11T12:59:10.000000Z,16.265625,16.265625,43.0
2015-08-11T12:59:20.000000Z,16.265625,16.265625,40.0
2015-08-11T12:59:30.000000Z,16.28125,16.265625,105.0
2015-08-11T12:59:40.000000Z,16.28125,16.265625,32.0
2015-08-11T12:59:50.000000Z,16.28125,16.265625,47.0
2015-08-11T13:00:00.000000Z,16.28125,16.265625,66.0
2015-08-11T13:00:10.000000Z,16.28125,16.265625,72.0
2015-08-11T13:00:20.000000Z,16.28125,16.265625,74.0
2015-08-11T13:00:30.000000Z,16.28125,16.265625,41.0
2015-08-11T13:00:40.000000Z,16.28125,16.265625,65.0
2015-08-11T13:00:50.000000Z,16.28125,16.265625,32.0
2015-08-11T13:01:00.000000Z,16.28125,16.265625,54.0
2015-08-11T13:01:10.000000Z,16.28125,16.265625,37.0
2015-08-11T13:01:20.000000Z,16.28125,16.265625,28.0
2015-08-11T13:01:30.000000Z,16.28125,16.265625,29.0
2015-08-11T13:01:40.000000Z,16.28125,16.265625,63.0
2015-08-11T13:01:50.000000Z,16.28125,16.265625,27.0
2015-08-11T13:02:00.000000Z,16.28125,16.265625,39.0
2015-08-11T13:02:10.000000Z,16.28125,16.265625,32.0
2015-08-11T13:02:20.000000Z,16.28125,16.265625,55.0
2015-08-11T13:02:30.000000Z,16.28125,16.265625,34.0
2015-08-11T13:02:40.000000Z,16.28125,16.265625,25.0
2015-08-11T13:02:50.000000Z,16.28125,16.265625,28.0
2015-08-11T13:03:00.000000Z,16.28125,16.265625,19.0
2015-08-11T13:03:10.000000Z,16.28125,16.265625,28.0
2015-08-11T13:03:20.000000Z,16.28125,16.265625,18.0
2015-08-11T13:03:30.000000Z,16.28125,16.265625,57.0
2015-08-11T13:03:40.000000Z,16.28125,16.265625,23.0
2015-08-11T13:03:50.000000Z,16.28125,16.265625,29.0
2015-08-11T13:04:00.000000Z,16.28125,16.265625,64.0
2015-08-11T13:04:10.000000Z,16.28125,16.265625,48.0
2015-08-11T13:04:20.000000Z,16.28125,16.265625,76.0
2015-08-11T13:04:30.000000Z,16.28125,16.265625,26.0
2015-08-11T13:04:40.000000Z,16.28125,16.265625,35.0
2015-08-11T13:04:50.000000Z,16.28125,16.28125,107.0
2015-08-11T13:05:00.000000Z,16.28125,16.28125,25.0
2015-08-11T13:05:10.000000Z,16.28125,16.28125,74.0
2015-08-11T13:05:20.000000Z,16.28125,16.28125,90.0
2015-08-11T13:05:30.000000Z,16.28125,16.28125,45.0
2015-08-11T13:05:40.000000Z,16.28125,16.28125,23.0
2015-08-11T13:05:50.000000Z,16.28125,16.28125,58.0
2015-08-11T13:06:00.000000Z,16.28125,16.28125,106.0
2015-08-11T13:06:10.000000Z,16.28125,16.28125,28.0
2015-08-11T13:06:20.000000Z,16.28125,16.28125,62.0
2015-08-11T13:06:30.000000Z,16.28125,16.28125,31.0
2015-08-11T13:06:40.000000Z,16.28125,16.28125,31.0
2015-08-11T13:06:50.000000Z,16.28125,16.28125,24.0
2015-08-11T13:07:00.000000Z,16.28125,16.28125,36.0
2015-08-11T13:07:10.000000Z,16.28125,16.28125,23.0
2015-08-11T13:07:20.000000Z,16.28125,16.28125,13.0
2015-08-11T13:07:30.000000Z,16.28125,16.28125,42.0
2015-08-11T13:07:40.000000Z,16.28125,16.28125,55.0
2015-08-11T13:07:50.000000Z,16.28125,16.28125,16.0
2015-08-11T13:08:00.000000Z,16.28125,16.28125,64.0
2015-08-11T13:08:10.000000Z,16.28125,16.28125,26.0
2015-08-11T13:08:20.000000Z,16.28125,16.28125,124.0
2015-08-11T13:08:30.000000Z,16.28125,16.28125,91.0
2015-08-11T13:08:40.000000Z,16.28125,16.28125,31.0
2015-08-11T13:08:50.000000Z,16.28125,16.265625,66.0
2015-08-11T13:09:00.000000Z,16.28125,16.265625,63.0
2015-08-11T13:09:10.000000Z,16.28125,16.28125,17.0
2015-08-11T13:09:20.000000Z,16.28125,16.265625,66.0
2015-08-11T13:09:30.000000Z,16.28125,16.265625,40.0
2015-08-11T13:09:40.000000Z,16.28125,16.28125,56.0
2015-08-11T13:09:50.000000Z,16.28125,16.28125,99.0
2015-08-11T13:10:00.000000Z,16.28125,16.28125,66.0
2015-08-11T13:10:10.000000Z,16.28125,16.28125,64.0
2015-08-11T13:10:20.000000Z,16.28125,16.265625,101.0
2015-08-11T13:10:30.000000Z,16.28125,16.265625,44.0
2015-08-11T13:10:40.000000Z,16.28125,16.265625,43.0
2015-08-11T13:10:50.000000Z,16.28125,16.265625,89.0
2015-08-11T13:11:00.000000Z,16.28125,16.28125,64.0
2015-08-11T13:11:10.000000Z,16.28125,16.28125,83.0
2015-08-11T13:11:20.000000Z,16.28125,16.28125,53.0
2015-08-11T13:11:30.000000Z,16.28125,16.28125,117.0
2015-08-11T13:11:40.000000Z,16.28125,16.28125,105.0
2015-08-11T13:11:50.000000Z,16.28125,16.28125,96.0
2015-08-11T13:12:00.000000Z,16.28125,16.28125,68.0
2015-08-11T13:12:10.000000Z,16.296875,16.28125,97.0
2015-08-11T13:12:20.000000Z,16.296875,16.28125,47.0
2015-08-11T13:12:30.000000Z,16.296875,16.28125,96.0
2015-08-11T13:12:40.000000Z,16.296875,16.296875,59.0
2015-08-11T13:12:50.000000Z,16.296875,16.296875,70.0
2015-08-11T13:13:00.000000Z,16.296875,16.296875,35.0
2015-08-11T13:13:10.000000Z,16.296875,16.296875,38.0
2015-08-11T13:13:20.000000Z,16.296875,16.296875,49.0
2015-08-11T13:13:30.000000Z,16.296875,16.296875,30.0
2015-08-11T13:13:40.000000Z,16.296875,16.296875,30.0
2015-08-11T13:13:50.000000Z,16.296875,16.296875,51.0
2015-08-11T13:14:00.000000Z,16.296875,16.296875,74.0
2015-08-11T13:14:10.000000Z,16.296875,16.296875,38.0
2015-08-11T13:14:20.000000Z,16.296875,16.28125,75.0
2015-08-11T13:14:30.000000Z,16.296875,16.296875,81.0
2015-08-11T13:14:40.000000Z,16.296875,16.296875,40.0
2015-08-11T13:14:50.000000Z,16.296875,16.296875,47.0
2015-08-11T13:15:00.000000Z,16.296875,16.296875,80.0
2015-08-11T13:15:10.000000Z,16.296875,16.28125,70.0
2015-08-11T13:15:20.000000Z,16.296875,16.28125,104.0
2015-08-11T13:15:30.000000Z,16.296875,16.28125,69.0
2015-08-11T13:15:40.000000Z,16.296875,16.28125,72.0
2015-08-11T13:15:50.000000Z,16.28125,16.28125,38.0
2015-08-11T13:16:00.000000Z,16.28125,16.28125,23.0
2015-08-11T13:16:10.000000Z,16.28125,16.28125,28.0
2015-08-11T13:16:20.000000Z,16.28125,16.28125,59.0
2015-08-11T13:16:30.000000Z,16.28125,16.28125,43.0
2015-08-11T13:16:40.000000Z,16.28125,16.28125,14.0
2015-08-11T13:16:50.000000Z,16.296875,16.28125,111.0
2015-08-11T13:17:00.000000Z,16.296875,16.28125,125.0
2015-08-11T13:17:10.000000Z,16.296875,16.28125,98.0
2015-08-11T13:17:20.000000Z,16.296875,16.28125,110.0
2015-08-11T13:17:30.000000Z,16.296875,16.28125,109.0
2015-08-11T13:17:40.000000Z,16.296875,16.28125,77.0
2015-08-11T13:17:50.000000Z,16.296875,16.28125,42.0
2015-08-11T13:18:00.000000Z,16.296875,16.28125,74.0
2015-08-11T13:18:10.000000Z,16.296875,16.28125,61.0
2015-08-11T13:18:20.000000Z,16.296875,16.28125,68.0
2015-08-11T13:18:30.000000Z,16.296875,16.28125,19.0
2015-08-11T13:18:40.000000Z,16.296875,16.296875,19.0
2015-08-11T13:18:50.000000Z,16.296875,16.28125,66.0
2015-08-11T13:19:00.000000Z,16.296875,16.28125,54.0
2015-08-11T13:19:10.000000Z,16.296875,16.28125,37.0
2015-08-11T13:19:20.000000Z,16.296875,16.28125,115.0
2015-08-11T13:19:30.000000Z,16.296875,16.28125,20.0
2015-08-11T13:19:40.000000Z,16.296875,16.296875,123.0
2015-08-11T13:19:50.000000Z,16.3125,16.296875,75.0
2015-08-11T13:20:00.000000Z,16.3125,16.296875,63.0
2015-08-11T13:20:10.000000Z,16.296875,16.296875,71.0
2015-08-11T13:20:20.000000Z,16.296875,16.296875,65.0
2015-08-11T13:20:30.000000Z,16.296875,16.296875,29.0
2015-08-11T13:20:40.000000Z,16.296875,16.296875,72.0
2015-08-11T13:20:50.000000Z,16.296875,16.296875,56.0
2015-08-11T13:21:00.000000Z,16.296875,16.296875,63.0
2015-08-11T13:21:10.000000Z,16.296875,16.296875,61.0
2015-08-11T13:21:20.000000Z,16.296875,16.296875,66.0
2015-08-11T13:21:30.000000Z,16.296875,16.296875,53.0
2015-08-11T13:21:40.000000Z,16.296875,16.296875,48.0
2015-08-11T13:21:50.000000Z,16.296875,16.296875,87.0
2015-08-11T13:22:00.000000Z,16.296875,16.296875,86.0
2015-08-11T13:22:10.000000Z,16.296875,16.296875,85.0
2015-08-11T13:22:20.000000Z,16.296875,16.296875,104.0
2015-08-11T13:22:30.000000Z,16.296875,16.296875,55.0
2015-08-11T13:22:40.000000Z,16.3125,16.296875,85.0
2015-08-11T13:22:50.000000Z,16.3125,16.296875,123.0
2015-08-11T13:23:00.000000Z,16.3125,16.296875,44.0
2015-08-11T13:23:10.000000Z,16.3125,16.296875,53.0
2015-08-11T13:23:20.000000Z,16.3125,16.296875,39.0
2015-08-11T13:23:30.000000Z,16.3125,16.3125,77.0
2015-08-11T13:23:40.000000Z,16.3125,16.3125,63.0
2015-08-11T13:23:50.000000Z,16.3125,16.296875,85.0
2015-08-11T13:24:00.000000Z,16.3125,16.296875,130.0
2015-08-11T13:24:10.000000Z,16.3125,16.296875,99.0
2015-08-11T13:24:20.000000Z,16.3125,16.296875,93.0
2015-08-11T13:24:30.000000Z,16.3125,16.296875,48.0
2015-08-11T13:24:40.000000Z,16.3125,16.296875,43.0
2015-08-11T13:24:50.000000Z,16.3125,16.296875,75.0
2015-08-11T13:25:00.000000Z,16.3125,16.296875,50.0
2015-08-11T13:25:10.000000Z,16.3125,16.296875,92.0
2015-08-11T13:25:20.000000Z,16.3125,16.296875,106.0
2015-08-11T13:25:30.000000Z,16.3125,16.296875,78.0
2015-08-11T13:25:40.000000Z,16.3125,16.296875,35.0
2015-08-11T13:25:50.000000Z,16.3125,16.296875,61.0
2015-08-11T13:26:00.000000Z,16.3125,16.296875,69.0
2015-08-11T13:26:10.000000Z,16.3125,16.296875,60.0
2015-08-11T13:26:20.000000Z,16.3125,16.296875,96.0
2015-08-11T13:26:30.000000Z,16.3125,16.296875,23.0
2015-08-11T13:26:40.000000Z,16.3125,16.296875,21.0
2015-08-11T13:26:50.000000Z,16.3125,16.296875,58.0
2015-08-11T13:27:00.000000Z,16.3125,16.296875,50.0
2015-08-11T13:27:10.000000Z,16.3125,16.296875,27.0
2015-08-11T13:27:20.000000Z,16.3125,16.296875,52.0
2015-08-11T13:27:30.000000Z,16.3125,16.296875,68.0
2015-08-11T13:27:40.000000Z,16.3125,16.296875,63.0
2015-08-11T13:27:50.000000Z,16.3125,16.3125,62.0
2015-08-11T13:28:00.000000Z,16.3125,16.3125,65.0
2015-08-11T13:28:10.000000Z,16.3125,16.3125,52.0
2015-08-11T13:28:20.000000Z,16.3125,16.3125,62.0
2015-08-11T13:28:30.000000Z,16.328125,16.3125,58.0
2015-08-11T13:28:40.000000Z,16.328125,16.3125,34.0
2015-08-11T13:28:50.000000Z,16.328125,16.3125,59.0
2015-08-11T13:29:00.000000Z,16.3125,16.3125,74.0
2015-08-11T13:29:10.000000Z,16.3125,16.3125,66.0
2015-08-11T13:29:20.000000Z,16.328125,16.3125,67.0
2015-08-11T13:29:30.000000Z,16.328125,16.3125,49.0
2015-08-11T13:29:40.000000Z,16.328125,16.3125,37.0
2015-08-11T13:29:50.000000Z,16.328125,16.3125,57.0
2015-08-11T13:30:00.000000Z,16.328125,16.3125,120.0
2015-08-11T13:30:10.000000Z,16.328125,16.3125,60.0
2015-08-11T13:30:20.000000Z,16.328125,16.3125,80.0
2015-08-11T13:30:30.000000Z,16.328125,16.3125,72.0
2015-08-11T13:30:40.000000Z,16.328125,16.3125,132.0
2015-08-11T13:30:50.000000Z,16.328125,16.328125,104.0
2015-08-11T13:31:00.000000Z,16.328125,16.328125,153.0
2015-08-11T13:31:10.000000Z,16.328125,16.328125,100.0
2015-08-11T13:31:20.000000Z,16.34375,16.328125,131.0
2015-08-11T13:31:30.000000Z,16.34375,16.328125,81.0
2015-08-11T13:31:40.000000Z,16.34375,16.328125,122.0
2015-08-11T13:31:50.000000Z,16.34375,16.328125,93.0
2015-08-11T13:32:00.000000Z,16.34375,16.328125,70.0
2015-08-11T13:32:10.000000Z,16.34375,16.328125,103.0
2015-08-11T13:32:20.000000Z,16.328125,16.328125,97.0
2015-08-11T13:32:30.000000Z,16.328125,16.328125,41.0
2015-08-11T13:32:40.000000Z,16.328125,16.328125,103.0
2015-08-11T13:32:50.000000Z,16.328125,16.328125,118.0
2015-08-11T13:33:00.000000Z,16.328125,16.3125,107.0
2015-08-11T13:33:10.000000Z,16.328125,16.3125,21.0
2015-08-11T13:33:20.000000Z,16.328125,16.3125,25.0
2015-08-11T13:33:30.000000Z,16.328125,16.3125,19.0
2015-08-11T13:33:40.000000Z,16.328125,16.3125,32.0
2015-08-11T13:33:50.000000Z,16.328125,16.3125,44.0
2015-08-11T13:34:00.000000Z,16.328125,16.3125,82.0
2015-08-11T13:34:10.000000Z,16.328125,16.328125,33.0
2015-08-11T13:34:20.000000Z,16.328125,16.328125,98.0
2015-08-11T13:34:30.000000Z,16.328125,16.328125,82.0
2015-08-11T13:34:40.000000Z,16.328125,16.328125,71.0
2015-08-11T13:34:50.000000Z,16.328125,16.328125,47.0
2015-08-11T13:35:00.000000Z,16.328125,16.328125,76.0
2015-08-11T13:35:10.000000Z,16.328125,16.328125,26.0
2015-08-11T13:35:20.000000Z,16.328125,16.328125,42.0
2015-08-11T13:35:30.000000Z,16.328125,16.328125,81.0
2015-08-11T13:35:40.000000Z,16.34375,16.328125,148.0
2015-08-11T13:35:50.000000Z,16.34375,16.328125,117.0
2015-08-11T13:36:00.000000Z,16.34375,16.328125,51.0
2015-08-11T13:36:10.000000Z,16.34375,16.328125,49.0
2015-08-11T13:36:20.000000Z,16.34375,16.328125,77.0
2015-08-11T13:36:30.000000Z,16.34375,16.328125,68.0
2015-08-11T13:36:40.000000Z,16.34375,16.328125,98.0
2015-08-11T13:36:50.000000Z,16.328125,16.328125,94.0
2015-08-11T13:37:00.000000Z,16.328125,16.328125,64.0
2015-08-11T13:37:10.000000Z,16.34375,16.328125,87.0
2015-08-11T13:37:20.000000Z,16.34375,16.328125,63.0
2015-08-11T13:37:30.000000Z,16.34375,16.328125,63.0
2015-08-11T13:37:40.000000Z,16.34375,16.328125,69.0
2015-08-11T13:37:50.000000Z,16.328125,16.328125,79.0
2015-08-11T13:38:00.000000Z,16.328125,16.328125,89.0
2015-08-11T13:38:10.000000Z,16.34375,16.328125,123.0
2015-08-11T13:38:20.000000Z,16.328125,16.328125,108.0
2015-08-11T13:38:30.000000Z,16.328125,16.328125,34.0
2015-08-11T13:38:40.000000Z,16.34375,16.328125,58.0
2015-08-11T13:38:50.000000Z,16.34375,16.328125,45.0
2015-08-11T13:39:00.000000Z,16.34375,16.328125,38.0
2015-08-11T13:39:10.000000Z,16.328125,16.328125,49.0
2015-08-11T13:39:20.000000Z,16.328125,16.328125,63.0
2015-08-11T13:39:30.000000Z,16.328125,16.328125,50.0
2015-08-11T13:39:40.000000Z,16.328125,16.328125,56.0
2015-08-11T13:39:50.000000Z,16.328125,16.328125,39.0
2015-08-11T13:40:00.000000Z,16.328125,16.3125,105.0
2015-08-11T13:40:10.000000Z,16.328125,16.328125,64.0
2015-08-11T13:40:20.000000Z,16.328125,16.328125,83.0
2015-08-11T13:40:30.000000Z,16.328125,16.328125,45.0
2015-08-11T13:40:40.000000Z,16.328125,16.328125,156.0
2015-08-11T13:40:50.000000Z,16.328125,16.3125,150.0
2015-08-11T13:41:00.000000Z,16.328125,16.3125,76.0
2015-08-11T13:41:10.000000Z,16.328125,16.3125,131.0
2015-08-11T13:41:20.000000Z,16.328125,16.3125,94.0
2015-08-11T13:41:30.000000Z,16.328125,16.3125,118.0
2015-08-11T13:41:40.000000Z,16.328125,16.3125,61.0
2015-08-11T13:41:50.000000Z,16.328125,16.3125,101.0
2015-08-11T13:42:00.000000Z,16.328125,16.3125,109.0
2015-08-11T13:42:10.000000Z,16.328125,16.3125,53.0
2015-08-11T13:42:20.000000Z,16.328125,16.328125,84.0
2015-08-11T13:42:30.000000Z,16.328125,16.328125,34.0
2015-08-11T13:42:40.000000Z,16.328125,16.328125,32.0
2015-08-11T13:42:50.000000Z,16.328125,16.328125,60.0
2015-08-11T13:43:00.000000Z,16.328125,16.3125,49.0
2015-08-11T13:43:10.000000Z,16.328125,16.3125,108.0
2015-08-11T13:43:20.000000Z,16.328125,16.328125,54.0
2015-08-11T13:43:30.000000Z,16.328125,16.328125,63.0
2015-08-11T13:43:40.000000Z,16.328125,16.3125,81.0
2015-08-11T13:43:50.000000Z,16.328125,16.3125,84.0
2015-08-11T13:44:00.000000Z,16.328125,16.3125,67.0
2015-08-11T13:44:10.000000Z,16.328125,16.328125,78.0
2015-08-11T13:44:20.000000Z,16.328125,16.3125,100.0
2015-08-11T13:44:30.000000Z,16.328125,16.3125,58.0
2015-08-11T13:44:40.000000Z,16.328125,16.3125,94.0
2015-08-11T13:44:50.000000Z,16.328125,16.3125,72.0
2015-08-11T13:45:00.000000Z,16.328125,16.328125,129.0
2015-08-11T13:45:10.000000Z,16.328125,16.328125,140.0
2015-08-11T13:45:20.000000Z,16.328125,16.328125,68.0
2015-08-11T13:45:30.000000Z,16.328125,16.328125,32.0
2015-08-11T13:45:40.000000Z,16.328125,16.328125,65.0
2015-08-11T13:45:50.000000Z,16.328125,16.328125,62.0
2015-08-11T13:46:00.000000Z,16.328125,16.328125,57.0
2015-08-11T13:46:10.000000Z,16.328125,16.328125,54.0
2015-08-11T13:46:20.000000Z,16.328125,16.328125,50.0
2015-08-11T13:46:30.000000Z,16.328125,16.328125,31.0
2015-08-11T13:46:40.000000Z,16.328125,16.328125,27.0
2015-08-11T13:46:50.000000Z,16.328125,16.328125,75.0
2015-08-11T13:47:00.000000Z,16.328125,16.328125,59.0
2015-08-11T13:47:10.000000Z,16.328125,16.328125,32.0
2015-08-11T13:47:20.000000Z,16.328125,16.328125,27.0
2015-08-11T13:47:30.000000Z,16.328125,16.328125,60.0
2015-08-11T13:47:40.000000Z,16.328125,16.328125,90.0
2015-08-11T13:47:50.000000Z,16.328125,16.328125,46.0
2015-08-11T13:48:00.000000Z,16.328125,16.328125,105.0
2015-08-11T13:48:10.000000Z,16.328125,16.328125,96.0
2015-08-11T13:48:20.000000Z,16.328125,16.328125,24.0
2015-08-11T13:48:30.000000Z,16.328125,16.328125,58.0
2015-08-11T13:48:40.000000Z,16.328125,16.328125,134.0
2015-08-11T13:48:50.000000Z,16.328125,16.3125,92.0
2015-08-11T13:49:00.000000Z,16.328125,16.3125,107.0
2015-08-11T13:49:10.000000Z,16.328125,16.3125,70.0
2015-08-11T13:49:20.000000Z,16.328125,16.328125,18.0
2015-08-11T13:49:30.000000Z,16.328125,16.328125,28.0
2015-08-11T13:49:40.000000Z,16.328125,16.328125,73.0
2015-08-11T13:49:50.000000Z,16.328125,16.328125,62.0
2015-08-11T13:50:00.000000Z,16.328125,16.328125,99.0
2015-08-11T13:50:10.000000Z,16.328125,16.328125,78.0
2015-08-11T13:50:20.000000Z,16.328125,16.328125,56.0
2015-08-11T13:50:30.000000Z,16.328125,16.328125,48.0
2015-08-11T13:50:40.000000Z,16.328125,16.3125,60.0
2015-08-11T13:50:50.000000Z,16.328125,16.3125,92.0
2015-08-11T13:51:00.000000Z,16.328125,16.3125,56.0
2015-08-11T13:51:10.000000Z,16.328125,16.3125,51.0
2015-08-11T13:51:20.000000Z,16.328125,16.3125,27.0
2015-08-11T13:51:30.000000Z,16.328125,16.3125,37.0
2015-08-11T13:51:40.000000Z,16.328125,16.3125,124.0
2015-08-11T13:51:50.000000Z,16.328125,16.3125,48.0
2015-08-11T13:52:00.000000Z,16.328125,16.3125,89.0
2015-08-11T13:52:10.000000Z,16.3125,16.3125,58.0
2015-08-11T13:52:20.000000Z,16.3125,16.3125,45.0
2015-08-11T13:52:30.000000Z,16.3125,16.3125,24.0
2015-08-11T13:52:40.000000Z,16.328125,16.3125,31.0
2015-08-11T13:52:50.000000Z,16.328125,16.3125,34.0
2015-08-11T13:53:00.000000Z,16.328125,16.3125,110.0
2015-08-11T13:53:10.000000Z,16.328125,16.3125,64.0
2015-08-11T13:53:20.000000Z,16.328125,16.3125,85.0
2015-08-11T13:53:30.000000Z,16.328125,16.3125,45.0
2015-08-11T13:53:40.000000Z,16.328125,16.3125,37.0
2015-08-11T13:53:50.000000Z,16.328125,16.328125,42.0
2015-08-11T13:54:00.000000Z,16.328125,16.328125,41.0
2015-08-11T13:54:10.000000Z,16.328125,16.3125,62.0
2015-08-11T13:54:20.000000Z,16.328125,16.3125,41.0
2015-08-11T13:54:30.000000Z,16.328125,16.328125,62.0
2015-08-11T13:54:40.000000Z,16.328125,16.328125,88.0
2015-08-11T13:54:50.000000Z,16.328125,16.3125,94.0
2015-08-11T13:55:00.000000Z,16.328125,16.3125,123.0
2015-08-11T13:55:10.000000Z,16.328125,16.328125,69.0
2015-08-11T13:55:20.000000Z,16.328125,16.3125,39.0
2015-08-11T13:55:30.000000Z,16.328125,16.328125,31.0
2015-08-11T13:55:40.000000Z,16.328125,16.328125,49.0
2015-08-11T13:55:50.000000Z,16.328125,16.328125,29.0
2015-08-11T13:56:00.000000Z,16.328125,16.328125,12.0
2015-08-11T13:56:10.000000Z,16.328125,16.328125,51.0
2015-08-11T13:56:20.000000Z,16.328125,16.328125,51.0
2015-08-11T13:56:30.000000Z,16.328125,16.328125,49.0
2015-08-11T13:56:40.000000Z,16.328125,16.328125,24.0
2015-08-11T13:56:50.000000Z,16.328125,16.328125,17.0
2015-08-11T13:57:00.000000Z,16.328125,16.328125,35.0
2015-08-11T13:57:10.000000Z,16.328125,16.328125,21.0
2015-08-11T13:57:20.000000Z,16.328125,16.328125,33.0
2015-08-11T13:57:30.000000Z,16.328125,16.328125,28.0
2015-08-11T13:57:40.000000Z,16.328125,16.328125,24.0
2015-08-11T13:57:50.000000Z,16.328125,16.328125,66.0
2015-08-11T13:58:00.000000Z,16.328125,16.328125,54.0
2015-08-11T13:58:10.000000Z,16.328125,16.328125,64.0
2015-08-11T13:58:20.000000Z,16.328125,16.328125,53.0
2015-08-11T13:58:30.000000Z,16.328125,16.328125,27.0
2015-08-11T13:58:40.000000Z,16.328125,16.328125,61.0
2015-08-11T13:58:50.000000Z,16.328125,16.328125,53.0
2015-08-11T13:59:00.000000Z,16.328125,16.328125,43.0
2015-08-11T13:59:10.000000Z,16.328125,16.328125,19.0
2015-08-11T13:59:20.000000Z,16.328125,16.328125,45.0
2015-08-11T13:59:30.000000Z,16.328125,16.328125,37.0
2015-08-11T13:59:40.000000Z,16.328125,16.328125,38.0
2015-08-11T13:59:50.000000Z,16.328125,16.328125,59.0
2015-08-11T14:00:00.000000Z,16.328125,16.328125,34.0
2015-08-11T14:00:10.000000Z,16.328125,16.328125,26.0
2015-08-11T14:00:20.000000Z,16.328125,16.328125,22.0
2015-08-11T14:00:30.000000Z,16.328125,16.328125,25.0
2015-08-11T14:00:40.000000Z,16.328125,16.328125,28.0
2015-08-11T14:00:50.000000Z,16.328125,16.328125,78.0
2015-08-11T14:01:00.000000Z,16.328125,16.328125,86.0
2015-08-11T14:01:10.000000Z,16.328125,16.328125,54.0
2015-08-11T14:01:20.000000Z,16.328125,16.328125,45.0
2015-08-11T14:01:30.000000Z,16.328125,16.328125,62.0
2015-08-11T14:01:40.000000Z,16.328125,16.328125,35.0
2015-08-11T14:01:50.000000Z,16.328125,16.3125,114.0
2015-08-11T14:02:00.000000Z,16.328125,16.3125,121.0
2015-08-11T14:02:10.000000Z,16.328125,16.3125,66.0
2015-08-11T14:02:20.000000Z,16.328125,16.3125,28.0
2015-08-11T14:02:30.000000Z,16.3125,16.3125,96.0
2015-08-11T14:02:40.000000Z,16.3125,16.3125,103.0
2015-08-11T14:02:50.000000Z,16.3125,16.3125,43.0
2015-08-11T14:03:00.000000Z,16.3125,16.3125,104.0
2015-08-11T14:03:10.000000Z,16.3125,16.3125,108.0
2015-08-11T14:03:20.000000Z,16.3125,16.3125,73.0
2015-08-11T14:03:30.000000Z,16.328125,16.3125,168.0
2015-08-11T14:03:40.000000Z,16.328125,16.3125,93.0
2015-08-11T14:03:50.000000Z,16.328125,16.3125,134.0
2015-08-11T14:04:00.000000Z,16.328125,16.3125,100.0
2015-08-11T14:04:10.000000Z,16.328125,16.3125,112.0
2015-08-11T14:04:20.000000Z,16.328125,16.3125,29.0
2015-08-11T14:04:30.000000Z,16.328125,16.3125,135.0
2015-08-11T14:04:40.000000Z,16.328125,16.3125,159.0
2015-08-11T14:04:50.000000Z,16.3125,16.3125,107.0
2015-08-11T14:05:00.000000Z,16.328125,16.3125,75.0
2015-08-11T14:05:10.000000Z,16.328125,16.3125,86.0
2015-08-11T14:05:20.000000Z,16.328125,16.3125,132.0
2015-08-11T14:05:30.000000Z,16.328125,16.3125,86.0
2015-08-11T14:05:40.000000Z,16.328125,16.3125,51.0
2015-08-11T14:05:50.000000Z,16.328125,16.3125,67.0
2015-08-11T14:06:00.000000Z,16.328125,16.3125,23.0
2015-08-11T14:06:10.000000Z,16.328125,16.3125,27.0
2015-08-11T14:06:20.000000Z,16.328125,16.3125,54.0
2015-08-11T14:06:30.000000Z,16.328125,16.3125,36.0
2015-08-11T14:06:40.000000Z,16.328125,16.3125,48.0
2015-08-11T14:06:50.000000Z,16.328125,16.3125,78.0
2015-08-11T14:07:00.000000Z,16.328125,16.3125,89.0
2015-08-11T14:07:10.000000Z,16.328125,16.3125,81.0
2015-08-11T14:07:20.000000Z,16.328125,16.3125,44.0
2015-08-11T14:07:30.000000Z,16.328125,16.3125,70.0
2015-08-11T14:07:40.000000Z,16.328125,16.3125,64.0
2015-08-11T14:07:50.000000Z,16.328125,16.3125,71.0
2015-08-11T14:08:00.000000Z,16.328125,16.328125,72.0
2015-08-11T14:08:10.000000Z,16.328125,16.328125,53.0
2015-08-11T14:08:20.000000Z,16.328125,16.328125,64.0
2015-08-11T14:08:30.000000Z,16.328125,16.328125,87.0
2015-08-11T14:08:40.000000Z,16.328125,16.328125,76.0
2015-08-11T14:08:50.000000Z,16.328125,16.328125,44.0
2015-08-11T14:09:00.000000Z,16.328125,16.328125,81.0
2015-08-11T14:09:10.000000Z,16.328125,16.328125,53.0
2015-08-11T14:09:20.000000Z,16.328125,16.328125,33.0
2015-08-11T14:09:30.000000Z,16.328125,16.328125,71.0
2015-08-11T14:09:40.000000Z,16.328125,16.328125,89.0
2015-08-11T14:09:50.000000Z,16.328125,16.328125,37.0
2015-08-11T14:10:00.000000Z,16.328125,16.328125,25.0
2015-08-11T14:10:10.000000Z,16.328125,16.328125,68.0
2015-08-11T14:10:20.000000Z,16.328125,16.328125,92.0
2015-08-11T14:10:30.000000Z,16.328125,16.328125,47.0
2015-08-11T14:10:40.000000Z,16.328125,16.328125,59.0
2015-08-11T14:10:50.000000Z,16.328125,16.328125,67.0
2015-08-11T14:11:00.000000Z,16.328125,16.328125,69.0
2015-08-11T14:11:10.000000Z,16.328125,16.328125,31.0
2015-08-11T14:11:20.000000Z,16.328125,16.328125,52.0
2015-08-11T14:11:30.000000Z,16.328125,16.328125,32.0
2015-08-11T14:11:40.000000Z,16.328125,16.328125,63.0
2015-08-11T14:11:50.000000Z,16.328125,16.328125,41.0
2015-08-11T14:12:00.000000Z,16.328125,16.328125,31.0
2015-08-11T14:12:10.000000Z,16.328125,16.328125,57.0
2015-08-11T14:12:20.000000Z,16.328125,16.328125,31.0
2015-08-11T14:12:30.000000Z,16.328125,16.328125,49.0
2015-08-11T14:12:40.000000Z,16.328125,16.3125,94.0
2015-08-11T14:12:50.000000Z,16.328125,16.3125,47.0
2015-08-11T14:13:00.000000Z,16.328125,16.3125,76.0
2015-08-11T14:13:10.000000Z,16.328125,16.3125,75.0
2015-08-11T14:13:20.000000Z,16.328125,16.3125,86.0
2015-08-11T14:13:30.000000Z,16.328125,16.3125,62.0
2015-08-11T14:13:40.000000Z,16.328125,16.3125,30.0
2015-08-11T14:13:50.000000Z,16.328125,16.328125,83.0
2015-08-11T14:14:00.000000Z,16.328125,16.328125,21.0
2015-08-11T14:14:10.000000Z,16.328125,16.328125,38.0
2015-08-11T14:14:20.000000Z,16.328125,16.328125,54.0
2015-08-11T14:14:30.000000Z,16.328125,16.328125,39.0
2015-08-11T14:14:40.000000Z,16.328125,16.328125,23.0
2015-08-11T14:14:50.000000Z,16.328125,16.328125,40.0
2015-08-11T14:15:00.000000Z,16.328125,16.328125,63.0
2015-08-11T14:15:10.000000Z,16.328125,16.328125,49.0
2015-08-11T14:15:20.000000Z,16.328125,16.328125,44.0
2015-08-11T14:15:30.000000Z,16.328125,16.328125,23.0
2015-08-11T14:15:40.000000Z,16.328125,16.328125,21.0
2015-08-11T14:15:50.000000Z,16.328125,16.328125,35.0
2015-08-11T14:16:00.000000Z,16.328125,16.328125,47.0
2015-08-11T14:16:10.000000Z,16.328125,16.328125,51.0
2015-08-11T14:16:20.000000Z,16.328125,16.328125,32.0
2015-08-11T14:16:30.000000Z,16.328125,16.328125,18.0
2015-08-11T14:16:40.000000Z,16.328125,16.328125,58.0
2015-08-11T14:16:50.000000Z,16.328125,16.328125,15.0
2015-08-11T14:17:00.000000Z,16.328125,16.328125,39.0
2015-08-11T14:17:10.000000Z,16.328125,16.328125,37.0
2015-08-11T14:17:20.000000Z,16.328125,16.328125,15.0
2015-08-11T14:17:30.000000Z,16.328125,16.328125,31.0
2015-08-11T14:17:40.000000Z,16.328125,16.328125,54.0
2015-08-11T14:17:50.000000Z,16.328125,16.328125,31.0
2015-08-11T14:18:00.000000Z,16.328125,16.3125,70.0
2015-08-11T14:18:10.000000Z,16.328125,16.3125,66.0
2015-08-11T14:18:20.000000Z,16.328125,16.3125,28.0
2015-08-11T14:18:30.000000Z,16.328125,16.3125,33.0
2015-08-11T14:18:40.000000Z,16.328125,16.3125,25.0
2015-08-11T14:18:50.000000Z,16.328125,16.3125,39.0
2015-08-11T14:19:00.000000Z,16.328125,16.328125,56.0
2015-08-11T14:19:10.000000Z,16.328125,16.328125,80.0
2015-08-11T14:19:20.000000Z,16.328125,16.328125,84.0
2015-08-11T14:19:30.000000Z,16.328125,16.328125,53.0
2015-08-11T14:19:40.000000Z,16.328125,16.328125,101.0
2015-08-11T14:19:50.000000Z,16.34375,16.328125,96.0
2015-08-11T14:20:00.000000Z,16.34375,16.328125,130.0
2015-08-11T14:20:10.000000Z,16.34375,16.328125,104.0
2015-08-11T14:20:20.000000Z,16.34375,16.328125,78.0
2015-08-11T14:20:30.000000Z,16.34375,16.34375,99.0
2015-08-11T14:20:40.000000Z,16.34375,16.34375,148.0
2015-08-11T14:20:50.000000Z,16.34375,16.34375,117.0
2015-08-11T14:21:00.000000Z,16.34375,16.34375,116.0
2015-08-11T14:21:10.000000Z,16.34375,16.34375,79.0
2015-08-11T14:21:20.000000Z,16.34375,16.34375,73.0
2015-08-11T14:21:30.000000Z,16.34375,16.34375,116.0
2015-08-11T14:21:40.000000Z,16.34375,16.34375,102.0
2015-08-11T14:21:50.000000Z,16.34375,16.34375,63.0
2015-08-11T14:22:00.000000Z,16.34375,16.34375,54.0
2015-08-11T14:22:10.000000Z,16.359375,16.34375,83.0
2015-08-11T14:22:20.000000Z,16.359375,16.34375,25.0
2015-08-11T14:22:30.000000Z,16.359375,16.34375,73.0
2015-08-11T14:22:40.000000Z,16.359375,16.359375,190.0
2015-08-11T14:22:50.000000Z,16.359375,16.359375,122.0
2015-08-11T14:23:00.000000Z,16.359375,16.359375,62.0
2015-08-11T14:23:10.000000Z,16.359375,16.359375,43.0
2015-08-11T14:23:20.000000Z,16.359375,16.359375,93.0
2015-08-11T14:23:30.000000Z,16.359375,16.359375,70.0
2015-08-11T14:23:40.000000Z,16.359375,16.359375,56.0
2015-08-11T14:23:50.000000Z,16.359375,16.359375,139.0
2015-08-11T14:24:00.000000Z,16.359375,16.34375,148.0
2015-08-11T14:24:10.000000Z,16.359375,16.34375,93.0
2015-08-11T14:24:20.000000Z,16.359375,16.34375,143.0
2015-08-11T14:24:30.000000Z,16.359375,16.34375,71.0
2015-08-11T14:24:40.000000Z,16.34375,16.34375,126.0
2015-08-11T14:24:50.000000Z,16.34375,16.34375,105.0
2015-08-11T14:25:00.000000Z,16.359375,16.34375,160.0
2015-08-11T14:25:10.000000Z,16.359375,16.34375,102.0
2015-08-11T14:25:20.000000Z,16.359375,16.359375,185.0
2015-08-11T14:25:30.000000Z,16.359375,16.359375,57.0
2015-08-11T14:25:40.000000Z,16.359375,16.359375,60.0
2015-08-11T14:25:50.000000Z,16.359375,16.359375,31.0
2015-08-11T14:26:00.000000Z,16.359375,16.359375,37.0
2015-08-11T14:26:10.000000Z,16.359375,16.359375,11.0
2015-08-11T14:26:20.000000Z,16.359375,16.359375,69.0
2015-08-11T14:26:30.000000Z,16.359375,16.359375,63.0
2015-08-11T14:26:40.000000Z,16.359375,16.359375,61.0
2015-08-11T14:26:50.000000Z,16.359375,16.359375,130.0
2015-08-11T14:27:00.000000Z,16.359375,16.359375,68.0
2015-08-11T14:27:10.000000Z,16.359375,16.359375,67.0
2015-08-11T14:27:20.000000Z,16.359375,16.34375,100.0
2015-08-11T14:27:30.000000Z,16.359375,16.34375,97.0
2015-08-11T14:27:40.000000Z,16.359375,16.34375,68.0
2015-08-11T14:27:50.000000Z,16.359375,16.34375,68.0
2015-08-11T14:28:00.000000Z,16.359375,16.34375,67.0
2015-08-11T14:28:10.000000Z,16.359375,16.34375,39.0
2015-08-11T14:28:20.000000Z,16.359375,16.34375,80.0
2015-08-11T14:28:30.000000Z,16.359375,16.34375,70.0
2015-08-11T14:28:40.000000Z,16.359375,16.34375,70.0
2015-08-11T14:28:50.000000Z,16.359375,16.34375,105.0
2015-08-11T14:29:00.000000Z,16.359375,16.34375,75.0
2015-08-11T14:29:10.000000Z,16.359375,16.34375,57.0
2015-08-11T14:29:20.000000Z,16.359375,16.34375,87.0
2015-08-11T14:29:30.000000Z,16.34375,16.34375,78.0
2015-08-11T14:29:40.000000Z,16.34375,16.34375,150.0
2015-08-11T14:29:50.000000Z,16.34375,16.34375,96.0
2015-08-11T14:30:00.000000Z,16.34375,16.34375,135.0
2015-08-11T14:30:10.000000Z,16.34375,16.34375,58.0
2015-08-11T14:30:20.000000Z,16.34375,16.34375,93.0
2015-08-11T14:30:30.000000Z,16.359375,16.34375,75.0
2015-08-11T14:30:40.000000Z,16.34375,16.34375,31.0
2015-08-11T14:30:50.000000Z,16.34375,16.34375,21.0
2015-08-11T14:31:00.000000Z,16.34375,16.34375,80.0
2015-08-11T14:31:10.000000Z,16.34375,16.34375,78.0
2015-08-11T14:31:20.000000Z,16.34375,16.34375,42.0
2015-08-11T14:31:30.000000Z,16.34375,16.34375,58.0
2015-08-11T14:31:40.000000Z,16.34375,16.34375,47.0
2015-08-11T14:31:50.000000Z,16.34375,16.34375,59.0
2015-08-11T14:32:00.000000Z,16.34375,16.34375,75.0
2015-08-11T14:32:10.000000Z,16.34375,16.34375,75.0
2015-08-11T14:32:20.000000Z,16.34375,16.34375,82.0
2015-08-11T14:32:30.000000Z,16.34375,16.34375,44.0
2015-08-11T14:32:40.000000Z,16.34375,16.34375,35.0
2015-08-11T14:32:50.000000Z,16.34375,16.34375,46.0
2015-08-11T14:33:00.000000Z,16.34375,16.34375,35.0
2015-08-11T14:33:10.000000Z,16.34375,16.34375,18.0
2015-08-11T14:33:20.000000Z,16.34375,16.34375,55.0
2015-08-11T14:33:30.000000Z,16.34375,16.34375,104.0
2015-08-11T14:33:40.000000Z,16.34375,16.328125,68.0
2015-08-11T14:33:50.000000Z,16.34375,16.328125,39.0
2015-08-11T14:34:00.000000Z,16.34375,16.34375,53.0
2015-08-11T14:34:10.000000Z,16.34375,16.34375,30.0
2015-08-11T14:34:20.000000Z,16.34375,16.34375,45.0
2015-08-11T14:34:30.000000Z,16.34375,16.328125,68.0
2015-08-11T14:34:40.000000Z,16.34375,16.328125,33.0
2015-08-11T14:34:50.000000Z,16.34375,16.328125,43.0
2015-08-11T14:35:00.000000Z,16.34375,16.34375,76.0
2015-08-11T14:35:10.000000Z,16.34375,16.34375,57.0
2015-08-11T14:35:20.000000Z,16.34375,16.34375,84.0
2015-08-11T14:35:30.000000Z,16.34375,16.34375,81.0
2015-08-11T14:35:40.000000Z,16.34375,16.34375,68.0
2015-08-11T14:35:50.000000Z,16.34375,16.34375,84.0
2015-08-11T14:36:00.000000Z,16.34375,16.34375,70.0
2015-08-11T14:36:10.000000Z,16.34375,16.34375,31.0
2015-08-11T14:36:20.000000Z,16.34375,16.34375,110.0
2015-08-11T14:36:30.000000Z,16.34375,16.34375,171.0
2015-08-11T14:36:40.000000Z,16.34375,16.34375,81.0
2015-08-11T14:36:50.000000Z,16.34375,16.34375,130.0
2015-08-11T14:37:00.000000Z,16.34375,16.34375,51.0
2015-08-11T14:37:10.000000Z,16.34375,16.34375,45.0
2015-08-11T14:37:20.000000Z,16.34375,16.34375,48.0
2015-08-11T14:37:30.000000Z,16.34375,16.34375,116.0
2015-08-11T14:37:40.000000Z,16.34375,16.34375,73.0
2015-08-11T14:37:50.000000Z,16.34375,16.34375,51.0
2015-08-11T14:38:00.000000Z,16.34375,16.34375,73.0
2015-08-11T14:38:10.000000Z,16.34375,16.34375,53.0
2015-08-11T14:38:20.000000Z,16.34375,16.34375,25.0
2015-08-11T14:38:30.000000Z,16.34375,16.34375,48.0
2015-08-11T14:38:40.000000Z,16.34375,16.34375,68.0
2015-08-11T14:38:50.000000Z,16.34375,16.34375,82.0
2015-08-11T14:39:00.000000Z,16.34375,16.34375,61.0
2015-08-11T14:39:10.000000Z,16.359375,16.34375,100.0
2015-08-11T14:39:20.000000Z,16.359375,16.34375,72.0
2015-08-11T14:39:30.000000Z,16.359375,16.34375,64.0
2015-08-11T14:39:40.000000Z,16.359375,16.34375,85.0
2015-08-11T14:39:50.000000Z,16.359375,16.34375,79.0
2015-08-11T14:40:00.000000Z,16.359375,16.34375,103.0
2015-08-11T14:40:10.000000Z,16.359375,16.34375,94.0
2015-08-11T14:40:20.000000Z,16.359375,16.34375,50.0
2015-08-11T14:40:30.000000Z,16.359375,16.34375,19.0
2015-08-11T14:40:40.000000Z,16.359375,16.34375,70.0
2015-08-11T14:40:50.000000Z,16.359375,16.34375,122.0
2015-08-11T14:41:00.000000Z,16.359375,16.34375,50.0
2015-08-11T14:41:10.000000Z,16.359375,16.34375,47.0
2015-08-11T14:41:20.000000Z,16.359375,16.34375,117.0
2015-08-11T14:41:30.000000Z,16.359375,16.34375,71.0
2015-08-11T14:41:40.000000Z,16.359375,16.34375,45.0
2015-08-11T14:41:50.000000Z,16.359375,16.34375,21.0
2015-08-11T14:42:00.000000Z,16.359375,16.34375,21.0
2015-08-11T14:42:10.000000Z,16.359375,16.34375,33.0
2015-08-11T14:42:20.000000Z,16.359375,16.34375,47.0
2015-08-11T14:42:30.000000Z,16.359375,16.34375,42.0
2015-08-11T14:42:40.000000Z,16.359375,16.34375,47.0
2015-08-11T14:42:50.000000Z,16.359375,16.34375,50.0
2015-08-11T14:43:00.000000Z,16.359375,16.34375,74.0
2015-08-11T14:43:10.000000Z,16.359375,16.34375,41.0
2015-08-11T14:43:20.000000Z,16.359375,16.34375,60.0
2015-08-11T14:43:30.000000Z,16.359375,16.34375,94.0
2015-08-11T14:43:40.000000Z,16.359375,16.34375,63.0
2015-08-11T14:43:50.000000Z,16.359375,16.34375,24.0
2015-08-11T14:44:00.000000Z,16.359375,16.34375,60.0
2015-08-11T14:44:10.000000Z,16.359375,16.34375,25.0
2015-08-11T14:44:20.000000Z,16.359375,16.359375,23.0
2015-08-11T14:44:30.000000Z,16.359375,16.34375,21.0
2015-08-11T14:44:40.000000Z,16.359375,16.359375,24.0
2015-08-11T14:44:50.000000Z,16.359375,16.34375,25.0
2015-08-11T14:45:00.000000Z,16.359375,16.34375,30.0
2015-08-11T14:45:10.000000Z,16.359375,16.34375,37.0
2015-08-11T14:45:20.000000Z,16.359375,16.359375,19.0
2015-08-11T14:45:30.000000Z,16.359375,16.34375,29.0
2015-08-11T14:45:40.000000Z,16.359375,16.359375,57.0
2015-08-11T14:45:50.000000Z,16.359375,16.359375,50.0
2015-08-11T14:46:00.000000Z,16.359375,16.359375,40.0
2015-08-11T14:46:10.000000Z,16.359375,16.359375,58.0
2015-08-11T14:46:20.000000Z,16.359375,16.359375,40.0
2015-08-11T14:46:30.000000Z,16.359375,16.359375,88.0
2015-08-11T14:46:40.000000Z,16.359375,16.359375,21.0
2015-08-11T14:46:50.000000Z,16.359375,16.359375,15.0
2015-08-11T14:47:00.000000Z,16.359375,16.359375,19.0
2015-08-11T14:47:10.000000Z,16.359375,16.359375,29.0
2015-08-11T14:47:20.000000Z,16.359375,16.359375,40.0
2015-08-11T14:47:30.000000Z,16.359375,16.359375,54.0
2015-08-11T14:47:40.000000Z,16.359375,16.359375,57.0
2015-08-11T14:47:50.000000Z,16.359375,16.34375,108.0
2015-08-11T14:48:00.000000Z,16.359375,16.34375,48.0
2015-08-11T14:48:10.000000Z,16.359375,16.34375,42.0
2015-08-11T14:48:20.000000Z,16.359375,16.34375,20.0
2015-08-11T14:48:30.000000Z,16.359375,16.34375,62.0
2015-08-11T14:48:40.000000Z,16.359375,16.34375,50.0
2015-08-11T14:48:50.000000Z,16.359375,16.34375,65.0
2015-08-11T14:49:00.000000Z,16.34375,16.34375,42.0
2015-08-11T14:49:10.000000Z,16.34375,16.34375,61.0
2015-08-11T14:49:20.000000Z,16.34375,16.34375,41.0
2015-08-11T14:49:30.000000Z,16.34375,16.34375,45.0
2015-08-11T14:49:40.000000Z,16.359375,16.34375,61.0
2015-08-11T14:49:50.000000Z,16.34375,16.34375,74.0
2015-08-11T14:50:00.000000Z,16.34375,16.34375,50.0
2015-08-11T14:50:10.000000Z,16.359375,16.34375,42.0
2015-08-11T14:50:20.000000Z,16.359375,16.34375,78.0
2015-08-11T14:50:30.000000Z,16.359375,16.34375,27.0
2015-08-11T14:50:40.000000Z,16.34375,16.34375,36.0
2015-08-11T14:50:50.000000Z,16.34375,16.34375,72.0
2015-08-11T14:51:00.000000Z,16.34375,16.34375,70.0
2015-08-11T14:51:10.000000Z,16.34375,16.34375,29.0
2015-08-11T14:51:20.000000Z,16.34375,16.34375,108.0
2015-08-11T14:51:30.000000Z,16.34375,16.34375,92.0
2015-08-11T14:51:40.000000Z,16.34375,16.34375,84.0
2015-08-11T14:51:50.000000Z,16.359375,16.34375,108.0
2015-08-11T14:52:00.000000Z,16.359375,16.34375,91.0
2015-08-11T14:52:10.000000Z,16.359375,16.34375,85.0
2015-08-11T14:52:20.000000Z,16.359375,16.34375,74.0
2015-08-11T14:52:30.000000Z,16.359375,16.34375,46.0
2015-08-11T14:52:40.000000Z,16.359375,16.34375,75.0
2015-08-11T14:52:50.000000Z,16.359375,16.34375,56.0
2015-08-11T14:53:00.000000Z,16.359375,16.34375,52.0
2015-08-11T14:53:10.000000Z,16.359375,16.359375,84.0
2015-08-11T14:53:20.000000Z,16.359375,16.359375,37.0
2015-08-11T14:53:30.000000Z,16.359375,16.359375,38.0
2015-08-11T14:53:40.000000Z,16.359375,16.359375,36.0
2015-08-11T14:53:50.000000Z,16.359375,16.34375,48.0
2015-08-11T14:54:00.000000Z,16.359375,16.34375,21.0
2015-08-11T14:54:10.000000Z,16.359375,16.359375,68.0
2015-08-11T14:54:20.000000Z,16.359375,16.359375,15.0
2015-08-11T14:54:30.000000Z,16.375,16.359375,108.0
2015-08-11T14:54:40.000000Z,16.359375,16.359375,81.0
2015-08-11T14:54:50.000000Z,16.359375,16.359375,77.0
2015-08-11T14:55:00.000000Z,16.375,16.359375,92.0
2015-08-11T14:55:10.000000Z,16.375,16.359375,74.0
2015-08-11T14:55:20.000000Z,16.359375,16.359375,29.0
2015-08-11T14:55:30.000000Z,16.359375,16.359375,80.0
2015-08-11T14:55:40.000000Z,16.359375,16.359375,63.0
2015-08-11T14:55:50.000000Z,16.359375,16.359375,35.0
2015-08-11T14:56:00.000000Z,16.359375,16.359375,39.0
2015-08-11T14:56:10.000000Z,16.359375,16.359375,60.0
2015-08-11T14:56:20.000000Z,16.359375,16.359375,33.0
2015-08-11T14:56:30.000000Z,16.359375,16.359375,44.0
2015-08-11T14:56:40.000000Z,16.359375,16.359375,39.0
2015-08-11T14:56:50.000000Z,16.359375,16.359375,37.0
2015-08-11T14:57:00.000000Z,16.359375,16.359375,39.0
2015-08-11T14:57:10.000000Z,16.359375,16.359375,65.0
2015-08-11T14:57:20.000000Z,16.359375,16.359375,70.0
2015-08-11T14:57:30.000000Z,16.359375,16.359375,63.0
2015-08-11T14:57:40.000000Z,16.359375,16.359375,122.0
2015-08-11T14:57:50.000000Z,16.359375,16.359375,27.0
2015-08-11T14:58:00.000000Z,16.359375,16.359375,113.0
2015-08-11T14:58:10.000000Z,16.359375,16.359375,80.0
2015-08-11T14:58:20.000000Z,16.359375,16.359375,136.0
2015-08-11T14:58:30.000000Z,16.359375,16.359375,132.0
2015-08-11T14:58:40.000000Z,16.359375,16.359375,100.0
2015-08-11T14:58:50.000000Z,16.359375,16.359375,119.0
2015-08-11T14:59:00.000000Z,16.359375,16.359375,113.0
2015-08-11T14:59:10.000000Z,16.359375,16.359375,102.0
2015-08-11T14:59:20.000000Z,16.359375,16.359375,59.0
2015-08-11T14:59:30.000000Z,16.359375,16.359375,38.0
2015-08-11T14:59:40.000000Z,16.359375,16.359375,63.0
2015-08-11T14:59:50.000000Z,16.359375,16.359375,87.0
2015-08-11T15:00:00.000000Z,16.359375,16.359375,102.0
2015-08-11T15:00:10.000000Z,16.359375,16.359375,69.0
2015-08-11T15:00:20.000000Z,16.359375,16.359375,63.0
2015-08-11T15:00:30.000000Z,16.359375,16.359375,98.0
2015-08-11T15:00:40.000000Z,16.359375,16.359375,104.0
2015-08-11T15:00:50.000000Z,16.359375,16.359375,97.0
2015-08-11T15:01:00.000000Z,16.375,16.359375,110.0
2015-08-11T15:01:10.000000Z,16.375,16.359375,130.0
2015-08-11T15:01:20.000000Z,16.375,16.359375,117.0
2015-08-11T15:01:30.000000Z,16.359375,16.359375,149.0
2015-08-11T15:01:40.000000Z,16.359375,16.359375,119.0
2015-08-11T15:01:50.000000Z,16.359375,16.359375,107.0
2015-08-11T15:02:00.000000Z,16.359375,16.359375,114.0
2015-08-11T15:02:10.000000Z,16.359375,16.359375,141.0
2015-08-11T15:02:20.000000Z,16.359375,16.359375,94.0
2015-08-11T15:02:30.000000Z,16.359375,16.359375,88.0
2015-08-11T15:02:40.000000Z,16.359375,16.359375,44.0
2015-08-11T15:02:50.000000Z,16.359375,16.34375,71.0
2015-08-11T15:03:00.000000Z,16.359375,16.34375,50.0
2015-08-11T15:03:10.000000Z,16.359375,16.34375,17.0
2015-08-11T15:03:20.000000Z,16.359375,16.34375,77.0
2015-08-11T15:03:30.000000Z,16.359375,16.34375,48.0
2015-08-11T15:03:40.000000Z,16.359375,16.359375,94.0
2015-08-11T15:03:50.000000Z,16.359375,16.359375,44.0
2015-08-11T15:04:00.000000Z,16.359375,16.359375,80.0
2015-08-11T15:04:10.000000Z,16.359375,16.359375,155.0
2015-08-11T15:04:20.000000Z,16.359375,16.359375,87.0
2015-08-11T15:04:30.000000Z,16.359375,16.359375,24.0
2015-08-11T15:04:40.000000Z,16.359375,16.359375,44.0
2015-08-11T15:04:50.000000Z,16.359375,16.359375,70.0
2015-08-11T15:05:00.000000Z,16.359375,16.359375,63.0
2015-08-11T15:05:10.000000Z,16.359375,16.359375,98.0
2015-08-11T15:05:20.000000Z,16.359375,16.359375,57.0
2015-08-11T15:05:30.000000Z,16.359375,16.359375,59.0
2015-08-11T15:05:40.000000Z,16.359375,16.359375,42.0
2015-08-11T15:05:50.000000Z,16.359375,16.359375,17.0
2015-08-11T15:06:00.000000Z,16.359375,16.359375,46.0
2015-08-11T15:06:10.000000Z,16.359375,16.359375,31.0
2015-08-11T15:06:20.000000Z,16.359375,16.359375,16.0
2015-08-11T15:06:30.000000Z,16.359375,16.359375,9.0
2015-08-11T15:06:40.000000Z,16.359375,16.359375,14.0
2015-08-11T15:06:50.000000Z,16.359375,16.359375,57.0
2015-08-11T15:07:00.000000Z,16.359375,16.359375,32.0
2015-08-11T15:07:10.000000Z,16.359375,16.359375,28.0
2015-08-11T15:07:20.000000Z,16.359375,16.359375,51.0
2015-08-11T15:07:30.000000Z,16.359375,16.359375,39.0
2015-08-11T15:07:40.000000Z,16.359375,16.359375,33.0
2015-08-11T15:07:50.000000Z,16.359375,16.359375,28.0
2015-08-11T15:08:00.000000Z,16.359375,16.359375,30.0
2015-08-11T15:08:10.000000Z,16.359375,16.359375,17.0
2015-08-11T15:08:20.000000Z,16.359375,16.359375,41.0
2015-08-11T15:08:30.000000Z,16.359375,16.359375,42.0
2015-08-11T15:08:40.000000Z,16.359375,16.359375,34.0
2015-08-11T15:08:50.000000Z,16.359375,16.359375,65.0
2015-08-11T15:09:00.000000Z,16.359375,16.359375,32.0
2015-08-11T15:09:10.000000Z,16.359375,16.359375,89.0
2015-08-11T15:09:20.000000Z,16.359375,16.359375,22.0
2015-08-11T15:09:30.000000Z,16.359375,16.359375,60.0
2015-08-11T15:09:40.000000Z,16.359375,16.34375,52.0
2015-08-11T15:09:50.000000Z,16.359375,16.34375,52.0
2015-08-11T15:10:00.000000Z,16.359375,16.34375,17.0
2015-08-11T15:10:10.000000Z,16.359375,16.359375,78.0
2015-08-11T15:10:20.000000Z,16.359375,16.359375,63.0
2015-08-11T15:10:30.000000Z,16.359375,16.359375,60.0
2015-08-11T15:10:40.000000Z,16.359375,16.34375,54.0
2015-08-11T15:10:50.000000Z,16.359375,16.34375,31.0
2015-08-11T15:11:00.000000Z,16.359375,16.359375,14.0
2015-08-11T15:11:10.000000Z,16.359375,16.359375,44.0
2015-08-11T15:11:20.000000Z,16.359375,16.359375,25.0
2015-08-11T15:11:30.000000Z,16.359375,16.359375,29.0
2015-08-11T15:11:40.000000Z,16.359375,16.359375,28.0
2015-08-11T15:11:50.000000Z,16.359375,16.34375,43.0
2015-08-11T15:12:00.000000Z,16.359375,16.34375,43.0
2015-08-11T15:12:10.000000Z,16.359375,16.34375,50.0
2015-08-11T15:12:20.000000Z,16.359375,16.34375,33.0
2015-08-11T15:12:30.000000Z,16.359375,16.34375,49.0
2015-08-11T15:12:40.000000Z,16.359375,16.34375,77.0
2015-08-11T15:12:50.000000Z,16.359375,16.34375,79.0
2015-08-11T15:13:00.000000Z,16.34375,16.34375,74.0
2015-08-11T15:13:10.000000Z,16.34375,16.34375,41.0
2015-08-11T15:13:20.000000Z,16.34375,16.34375,45.0
2015-08-11T15:13:30.000000Z,16.34375,16.34375,105.0
2015-08-11T15:13:40.000000Z,16.34375,16.34375,61.0
2015-08-11T15:13:50.000000Z,16.34375,16.34375,47.0
2015-08-11T15:14:00.000000Z,16.34375,16.34375,55.0
2015-08-11T15:14:10.000000Z,16.34375,16.34375,42.0
2015-08-11T15:14:20.000000Z,16.34375,16.34375,46.0
2015-08-11T15:14:30.000000Z,16.34375,16.34375,68.0
2015-08-11T15:14:40.000000Z,16.34375,16.34375,42.0
2015-08-11T15:14:50.000000Z,16.34375,16.34375,32.0
2015-08-11T15:15:00.000000Z,16.34375,16.34375,34.0
2015-08-11T15:15:10.000000Z,16.34375,16.34375,37.0
2015-08-11T15:15:20.000000Z,16.34375,16.34375,49.0
2015-08-11T15:15:30.000000Z,16.34375,16.34375,29.0
2015-08-11T15:15:40.000000Z,16.34375,16.34375,15.0
2015-08-11T15:15:50.000000Z,16.34375,16.34375,75.0
2015-08-11T15:16:00.000000Z,16.34375,16.34375,29.0
2015-08-11T15:16:10.000000Z,16.34375,16.34375,32.0
2015-08-11T15:16:20.000000Z,16.34375,16.34375,45.0
2015-08-11T15:16:30.000000Z,16.34375,16.34375,40.0
2015-08-11T15:16:40.000000Z,16.34375,16.34375,35.0
2015-08-11T15:16:50.000000Z,16.34375,16.34375,25.0
2015-08-11T15:17:00.000000Z,16.34375,16.34375,70.0
2015-08-11T15:17:10.000000Z,16.34375,16.328125,129.0
2015-08-11T15:17:20.000000Z,16.34375,16.34375,143.0
2015-08-11T15:17:30.000000Z,16.34375,16.34375,77.0
2015-08-11T15:17:40.000000Z,16.34375,16.34375,47.0
2015-08-11T15:17:50.000000Z,16.34375,16.34375,36.0
2015-08-11T15:18:00.000000Z,16.34375,16.34375,50.0
2015-08-11T15:18:10.000000Z,16.34375,16.34375,60.0
2015-08-11T15:18:20.000000Z,16.34375,16.34375,98.0
2015-08-11T15:18:30.000000Z,16.34375,16.34375,103.0
2015-08-11T15:18:40.000000Z,16.34375,16.34375,37.0
2015-08-11T15:18:50.000000Z,16.34375,16.34375,32.0
2015-08-11T15:19:00.000000Z,16.34375,16.34375,40.0
2015-08-11T15:19:10.000000Z,16.34375,16.34375,51.0
2015-08-11T15:19:20.000000Z,16.34375,16.34375,50.0
2015-08-11T15:19:30.000000Z,16.34375,16.34375,47.0
2015-08-11T15:19:40.000000Z,16.34375,16.34375,31.0
2015-08-11T15:19:50.000000Z,16.34375,16.34375,94.0
2015-08-11T15:20:00.000000Z,16.34375,16.34375,63.0
2015-08-11T15:20:10.000000Z,16.34375,16.34375,99.0
2015-08-11T15:20:20.000000Z,16.34375,16.34375,45.0
2015-08-11T15:20:30.000000Z,16.34375,16.328125,83.0
2015-08-11T15:20:40.000000Z,16.34375,16.328125,42.0
2015-08-11T15:20:50.000000Z,16.34375,16.328125,100.0
2015-08-11T15:21:00.000000Z,16.34375,16.328125,64.0
2015-08-11T15:21:10.000000Z,16.34375,16.328125,41.0
2015-08-11T15:21:20.000000Z,16.34375,16.328125,56.0
2015-08-11T15:21:30.000000Z,16.34375,16.328125,56.0
2015-08-11T15:21:40.000000Z,16.34375,16.328125,84.0
2015-08-11T15:21:50.000000Z,16.328125,16.328125,45.0
2015-08-11T15:22:00.000000Z,16.328125,16.328125,85.0
2015-08-11T15:22:10.000000Z,16.328125,16.328125,98.0
2015-08-11T15:22:20.000000Z,16.328125,16.328125,73.0
2015-08-11T15:22:30.000000Z,16.328125,16.328125,34.0
2015-08-11T15:22:40.000000Z,16.328125,16.328125,49.0
2015-08-11T15:22:50.000000Z,16.328125,16.328125,90.0
2015-08-11T15:23:00.000000Z,16.328125,16.328125,19.0
2015-08-11T15:23:10.000000Z,16.328125,16.328125,39.0
2015-08-11T15:23:20.000000Z,16.328125,16.328125,124.0
2015-08-11T15:23:30.000000Z,16.328125,16.328125,39.0
2015-08-11T15:23:40.000000Z,16.328125,16.328125,48.0
2015-08-11T15:23:50.000000Z,16.328125,16.328125,41.0
2015-08-11T15:24:00.000000Z,16.328125,16.328125,70.0
2015-08-11T15:24:10.000000Z,16.328125,16.328125,26.0
2015-08-11T15:24:20.000000Z,16.328125,16.328125,27.0
2015-08-11T15:24:30.000000Z,16.328125,16.328125,112.0
2015-08-11T15:24:40.000000Z,16.328125,16.328125,76.0
2015-08-11T15:24:50.000000Z,16.328125,16.328125,59.0
2015-08-11T15:25:00.000000Z,16.328125,16.328125,50.0
2015-08-11T15:25:10.000000Z,16.328125,16.328125,51.0
2015-08-11T15:25:20.000000Z,16.328125,16.328125,42.0
2015-08-11T15:25:30.000000Z,16.328125,16.328125,48.0
2015-08-11T15:25:40.000000Z,16.328125,16.328125,87.0
2015-08-11T15:25:50.000000Z,16.328125,16.328125,54.0
2015-08-11T15:26:00.000000Z,16.328125,16.328125,19.0
2015-08-11T15:26:10.000000Z,16.328125,16.328125,36.0
2015-08-11T15:26:20.000000Z,16.328125,16.328125,45.0
2015-08-11T15:26:30.000000Z,16.328125,16.328125,31.0
2015-08-11T15:26:40.000000Z,16.328125,16.328125,41.0
2015-08-11T15:26:50.000000Z,16.328125,16.328125,45.0
2015-08-11T15:27:00.000000Z,16.328125,16.328125,24.0
2015-08-11T15:27:10.000000Z,16.328125,16.328125,38.0
2015-08-11T15:27:20.000000Z,16.328125,16.328125,60.0
2015-08-11T15:27:30.000000Z,16.328125,16.328125,78.0
2015-08-11T15:27:40.000000Z,16.328125,16.328125,36.0
2015-08-11T15:27:50.000000Z,16.328125,16.328125,43.0
2015-08-11T15:28:00.000000Z,16.328125,16.328125,24.0
2015-08-11T15:28:10.000000Z,16.328125,16.328125,34.0
2015-08-11T15:28:20.000000Z,16.328125,16.328125,66.0
2015-08-11T15:28:30.000000Z,16.328125,16.328125,85.0
2015-08-11T15:28:40.000000Z,16.328125,16.328125,32.0
2015-08-11T15:28:50.000000Z,16.328125,16.328125,18.0
2015-08-11T15:29:00.000000Z,16.328125,16.328125,40.0
2015-08-11T15:29:10.000000Z,16.328125,16.328125,62.0
2015-08-11T15:29:20.000000Z,16.328125,16.328125,91.0
2015-08-11T15:29:30.000000Z,16.328125,16.328125,60.0
2015-08-11T15:29:40.000000Z,16.328125,16.328125,67.0
2015-08-11T15:29:50.000000Z,16.328125,16.328125,71.0
2015-08-11T15:30:00.000000Z,16.328125,16.328125,89.0
2015-08-11T15:30:10.000000Z,16.328125,16.328125,69.0
2015-08-11T15:30:20.000000Z,16.328125,16.328125,72.0
2015-08-11T15:30:30.000000Z,16.328125,16.3125,92.0
2015-08-11T15:30:40.000000Z,16.328125,16.3125,42.0
2015-08-11T15:30:50.000000Z,16.328125,16.3125,39.0
2015-08-11T15:31:00.000000Z,16.328125,16.3125,73.0
2015-08-11T15:31:10.000000Z,16.328125,16.3125,90.0
2015-08-11T15:31:20.000000Z,16.328125,16.3125,92.0
2015-08-11T15:31:30.000000Z,16.3125,16.3125,86.0
2015-08-11T15:31:40.000000Z,16.3125,16.3125,74.0
2015-08-11T15:31:50.000000Z,16.3125,16.3125,49.0
2015-08-11T15:32:00.000000Z,16.3125,16.3125,20.0
2015-08-11T15:32:10.000000Z,16.328125,16.3125,42.0
2015-08-11T15:32:20.000000Z,16.328125,16.3125,33.0
2015-08-11T15:32:30.000000Z,16.328125,16.3125,59.0
2015-08-11T15:32:40.000000Z,16.328125,16.3125,136.0
2015-08-11T15:32:50.000000Z,16.328125,16.3125,66.0
2015-08-11T15:33:00.000000Z,16.328125,16.3125,11.0
2015-08-11T15:33:10.000000Z,16.328125,16.3125,35.0
2015-08-11T15:33:20.000000Z,16.328125,16.3125,80.0
2015-08-11T15:33:30.000000Z,16.328125,16.3125,18.0
2015-08-11T15:33:40.000000Z,16.328125,16.3125,53.0
2015-08-11T15:33:50.000000Z,16.328125,16.3125,15.0
2015-08-11T15:34:00.000000Z,16.328125,16.328125,62.0
2015-08-11T15:34:10.000000Z,16.328125,16.328125,46.0
2015-08-11T15:34:20.000000Z,16.328125,16.328125,25.0
2015-08-11T15:34:30.000000Z,16.328125,16.328125,24.0
2015-08-11T15:34:40.000000Z,16.328125,16.328125,22.0
2015-08-11T15:34:50.000000Z,16.328125,16.328125,24.0
2015-08-11T15:35:00.000000Z,16.328125,16.328125,25.0
2015-08-11T15:35:10.000000Z,16.328125,16.328125,19.0
2015-08-11T15:35:20.000000Z,16.328125,16.328125,24.0
2015-08-11T15:35:30.000000Z,16.328125,16.328125,27.0
2015-08-11T15:35:40.000000Z,16.328125,16.328125,86.0
2015-08-11T15:35:50.000000Z,16.328125,16.328125,21.0
2015-08-11T15:36:00.000000Z,16.328125,16.328125,19.0
2015-08-11T15:36:10.000000Z,16.328125,16.328125,40.0
2015-08-11T15:36:20.000000Z,16.328125,16.328125,16.0
2015-08-11T15:36:30.000000Z,16.328125,16.328125,33.0
2015-08-11T15:36:40.000000Z,16.328125,16.328125,51.0
2015-08-11T15:36:50.000000Z,16.328125,16.328125,13.0
2015-08-11T15:37:00.000000Z,16.328125,16.328125,8.0
2015-08-11T15:37:10.000000Z,16.328125,16.328125,48.0
2015-08-11T15:37:20.000000Z,16.328125,16.328125,21.0
2015-08-11T15:37:30.000000Z,16.328125,16.328125,25.0
2015-08-11T15:37:40.000000Z,16.328125,16.328125,28.0
2015-08-11T15:37:50.000000Z,16.328125,16.328125,36.0
2015-08-11T15:38:00.000000Z,16.328125,16.328125,42.0
2015-08-11T15:38:10.000000Z,16.328125,16.328125,38.0
2015-08-11T15:38:20.000000Z,16.328125,16.328125,34.0
2015-08-11T15:38:30.000000Z,16.328125,16.328125,35.0
2015-08-11T15:38:40.000000Z,16.328125,16.328125,52.0
2015-08-11T15:38:50.000000Z,16.328125,16.328125,73.0
2015-08-11T15:39:00.000000Z,16.328125,16.328125,34.0
2015-08-11T15:39:10.000000Z,16.328125,16.328125,40.0
2015-08-11T15:39:20.000000Z,16.328125,16.328125,18.0
2015-08-11T15:39:30.000000Z,16.328125,16.328125,46.0
2015-08-11T15:39:40.000000Z,16.328125,16.328125,28.0
2015-08-11T15:39:50.000000Z,16.328125,16.328125,38.0
2015-08-11T15:40:00.000000Z,16.328125,16.328125,26.0
2015-08-11T15:40:10.000000Z,16.328125,16.328125,23.0
2015-08-11T15:40:20.000000Z,16.328125,16.328125,24.0
2015-08-11T15:40:30.000000Z,16.328125,16.328125,21.0
2015-08-11T15:40:40.000000Z,16.328125,16.328125,9.0
2015-08-11T15:40:50.000000Z,16.328125,16.328125,15.0
2015-08-11T15:41:00.000000Z,16.328125,16.328125,41.0
2015-08-11T15:41:10.000000Z,16.328125,16.328125,33.0
2015-08-11T15:41:20.000000Z,16.328125,16.328125,30.0
2015-08-11T15:41:30.000000Z,16.328125,16.328125,53.0
2015-08-11T15:41:40.000000Z,16.328125,16.328125,20.0
2015-08-11T15:41:50.000000Z,16.328125,16.328125,29.0
2015-08-11T15:42:00.000000Z,16.328125,16.328125,31.0
2015-08-11T15:42:10.000000Z,16.328125,16.328125,33.0
2015-08-11T15:42:20.000000Z,16.328125,16.328125,28.0
2015-08-11T15:42:30.000000Z,16.328125,16.328125,46.0
2015-08-11T15:42:40.000000Z,16.328125,16.328125,54.0
2015-08-11T15:42:50.000000Z,16.328125,16.328125,7.0
2015-08-11T15:43:00.000000Z,16.328125,16.328125,74.0
2015-08-11T15:43:10.000000Z,16.328125,16.328125,42.0
2015-08-11T15:43:20.000000Z,16.328125,16.328125,68.0
2015-08-11T15:43:30.000000Z,16.328125,16.328125,44.0
2015-08-11T15:43:40.000000Z,16.328125,16.328125,76.0
2015-08-11T15:43:50.000000Z,16.328125,16.328125,27.0
2015-08-11T15:44:00.000000Z,16.328125,16.328125,66.0
2015-08-11T15:44:10.000000Z,16.328125,16.328125,47.0
2015-08-11T15:44:20.000000Z,16.328125,16.328125,17.0
2015-08-11T15:44:30.000000Z,16.328125,16.328125,20.0
2015-08-11T15:44:40.000000Z,16.328125,16.328125,27.0
2015-08-11T15:44:50.000000Z,16.328125,16.328125,23.0
2015-08-11T15:45:00.000000Z,16.328125,16.328125,39.0
2015-08-11T15:45:10.000000Z,16.328125,16.328125,29.0
2015-08-11T15:45:20.000000Z,16.328125,16.328125,70.0
2015-08-11T15:45:30.000000Z,16.328125,16.328125,58.0
2015-08-11T15:45:40.000000Z,16.328125,16.328125,33.0
2015-08-11T15:45:50.000000Z,16.328125,16.328125,20.0
2015-08-11T15:46:00.000000Z,16.328125,16.328125,29.0
2015-08-11T15:46:10.000000Z,16.328125,16.328125,33.0
2015-08-11T15:46:20.000000Z,16.328125,16.328125,72.0
2015-08-11T15:46:30.000000Z,16.328125,16.328125,21.0
2015-08-11T15:46:40.000000Z,16.34375,16.328125,64.0
2015-08-11T15:46:50.000000Z,16.34375,16.328125,81.0
2015-08-11T15:47:00.000000Z,16.34375,16.328125,42.0
2015-08-11T15:47:10.000000Z,16.34375,16.328125,63.0
2015-08-11T15:47:20.000000Z,16.34375,16.328125,39.0
2015-08-11T15:47:30.000000Z,16.34375,16.328125,44.0
2015-08-11T15:47:40.000000Z,16.34375,16.328125,33.0
2015-08-11T15:47:50.000000Z,16.34375,16.328125,35.0
2015-08-11T15:48:00.000000Z,16.34375,16.328125,55.0
2015-08-11T15:48:10.000000Z,16.34375,16.328125,56.0
2015-08-11T15:48:20.000000Z,16.34375,16.328125,46.0
2015-08-11T15:48:30.000000Z,16.34375,16.328125,32.0
2015-08-11T15:48:40.000000Z,16.34375,16.328125,19.0
2015-08-11T15:48:50.000000Z,16.34375,16.328125,40.0
2015-08-11T15:49:00.000000Z,16.34375,16.328125,40.0
2015-08-11T15:49:10.000000Z,16.34375,16.328125,46.0
2015-08-11T15:49:20.000000Z,16.34375,16.328125,43.0
2015-08-11T15:49:30.000000Z,16.34375,16.328125,43.0
2015-08-11T15:49:40.000000Z,16.34375,16.328125,32.0
2015-08-11T15:49:50.000000Z,16.34375,16.328125,50.0
2015-08-11T15:50:00.000000Z,16.34375,16.328125,48.0
2015-08-11T15:50:10.000000Z,16.34375,16.328125,52.0
2015-08-11T15:50:20.000000Z,16.34375,16.34375,54.0
2015-08-11T15:50:30.000000Z,16.34375,16.328125,31.0
2015-08-11T15:50:40.000000Z,16.34375,16.328125,41.0
2015-08-11T15:50:50.000000Z,16.34375,16.328125,44.0
2015-08-11T15:51:00.000000Z,16.34375,16.328125,23.0
2015-08-11T15:51:10.000000Z,16.34375,16.34375,27.0
2015-08-11T15:51:20.000000Z,16.34375,16.328125,22.0
2015-08-11T15:51:30.000000Z,16.34375,16.328125,32.0
2015-08-11T15:51:40.000000Z,16.34375,16.328125,21.0
2015-08-11T15:51:50.000000Z,16.34375,16.328125,54.0
2015-08-11T15:52:00.000000Z,16.34375,16.328125,44.0
2015-08-11T15:52:10.000000Z,16.34375,16.328125,50.0
2015-08-11T15:52:20.000000Z,16.34375,16.328125,34.0
2015-08-11T15:52:30.000000Z,16.34375,16.328125,39.0
2015-08-11T15:52:40.000000Z,16.34375,16.328125,24.0
2015-08-11T15:52:50.000000Z,16.34375,16.328125,47.0
2015-08-11T15:53:00.000000Z,16.34375,16.328125,34.0
2015-08-11T15:53:10.000000Z,16.34375,16.34375,35.0
2015-08-11T15:53:20.000000Z,16.34375,16.328125,14.0
2015-08-11T15:53:30.000000Z,16.34375,16.34375,22.0
2015-08-11T15:53:40.000000Z,16.34375,16.34375,43.0
2015-08-11T15:53:50.000000Z,16.34375,16.34375,32.0
2015-08-11T15:54:00.000000Z,16.34375,16.34375,50.0
2015-08-11T15:54:10.000000Z,16.34375,16.328125,41.0
2015-08-11T15:54:20.000000Z,16.34375,16.34375,39.0
2015-08-11T15:54:30.000000Z,16.34375,16.328125,66.0
2015-08-11T15:54:40.000000Z,16.34375,16.34375,65.0
2015-08-11T15:54:50.000000Z,16.34375,16.34375,48.0
2015-08-11T15:55:00.000000Z,16.34375,16.34375,79.0
2015-08-11T15:55:10.000000Z,16.34375,16.34375,62.0
2015-08-11T15:55:20.000000Z,16.34375,16.34375,72.0
2015-08-11T15:55:30.000000Z,16.34375,16.34375,36.0
2015-08-11T15:55:40.000000Z,16.34375,16.34375,17.0
2015-08-11T15:55:50.000000Z,16.34375,16.34375,8.0
2015-08-11T15:56:00.000000Z,16.34375,16.34375,15.0
2015-08-11T15:56:10.000000Z,16.34375,16.34375,14.0
2015-08-11T15:56:20.000000Z,16.34375,16.34375,23.0
2015-08-11T15:56:30.000000Z,16.34375,16.328125,83.0
2015-08-11T15:56:40.000000Z,16.34375,16.328125,52.0
2015-08-11T15:56:50.000000Z,16.34375,16.328125,47.0
2015-08-11T15:57:00.000000Z,16.34375,16.328125,59.0
2015-08-11T15:57:10.000000Z,16.34375,16.328125,42.0
2015-08-11T15:57:20.000000Z,16.34375,16.328125,18.0
2015-08-11T15:57:30.000000Z,16.34375,16.328125,9.0
2015-08-11T15:57:40.000000Z,16.34375,16.328125,36.0
2015-08-11T15:57:50.000000Z,16.34375,16.328125,19.0
2015-08-11T15:58:00.000000Z,16.34375,16.328125,10.0
2015-08-11T15:58:10.000000Z,16.34375,16.328125,34.0
2015-08-11T15:58:20.000000Z,16.34375,16.328125,59.0
2015-08-11T15:58:30.000000Z,16.34375,16.328125,29.0
2015-08-11T15:58:40.000000Z,16.34375,16.328125,24.0
2015-08-11T15:58:50.000000Z,16.34375,16.328125,17.0
2015-08-11T15:59:00.000000Z,16.34375,16.328125,32.0
2015-08-11T15:59:10.000000Z,16.34375,16.328125,33.0
2015-08-11T15:59:20.000000Z,16.34375,16.328125,8.0
2015-08-11T15:59:30.000000Z,16.34375,16.328125,21.0
2015-08-11T15:59:40.000000Z,16.34375,16.328125,49.0
2015-08-11T15:59:50.000000Z,16.34375,16.328125,35.0
2015-08-11T16:00:00.000000Z,16.34375,16.328125,84.0
2015-08-11T16:00:10.000000Z,16.34375,16.328125,57.0
2015-08-11T16:00:20.000000Z,16.34375,16.328125,40.0
2015-08-11T16:00:30.000000Z,16.34375,16.328125,65.0
2015-08-11T16:00:40.000000Z,16.34375,16.328125,36.0
2015-08-11T16:00:50.000000Z,16.34375,16.328125,29.0
2015-08-11T16:01:00.000000Z,16.34375,16.328125,53.0
2015-08-11T16:01:10.000000Z,16.34375,16.328125,34.0
2015-08-11T16:01:20.000000Z,16.34375,16.328125,29.0
2015-08-11T16:01:30.000000Z,16.328125,16.328125,48.0
2015-08-11T16:01:40.000000Z,16.34375,16.328125,55.0
2015-08-11T16:01:50.000000Z,16.328125,16.328125,45.0
2015-08-11T16:02:00.000000Z,16.328125,16.328125,59.0
2015-08-11T16:02:10.000000Z,16.328125,16.328125,62.0
2015-08-11T16:02:20.000000Z,16.328125,16.328125,49.0
2015-08-11T16:02:30.000000Z,16.328125,16.328125,42.0
2015-08-11T16:02:40.000000Z,16.328125,16.328125,72.0
2015-08-11T16:02:50.000000Z,16.34375,16.328125,61.0
2015-08-11T16:03:00.000000Z,16.34375,16.328125,36.0
2015-08-11T16:03:10.000000Z,16.34375,16.328125,10.0
2015-08-11T16:03:20.000000Z,16.328125,16.328125,31.0
2015-08-11T16:03:30.000000Z,16.34375,16.328125,22.0
2015-08-11T16:03:40.000000Z,16.34375,16.328125,23.0
2015-08-11T16:03:50.000000Z,16.328125,16.328125,32.0
2015-08-11T16:04:00.000000Z,16.328125,16.328125,48.0
2015-08-11T16:04:10.000000Z,16.328125,16.328125,97.0
2015-08-11T16:04:20.000000Z,16.328125,16.328125,98.0
2015-08-11T16:04:30.000000Z,16.328125,16.328125,28.0
2015-08-11T16:04:40.000000Z,16.328125,16.328125,36.0
2015-08-11T16:04:50.000000Z,16.328125,16.328125,24.0
2015-08-11T16:05:00.000000Z,16.328125,16.328125,20.0
2015-08-11T16:05:10.000000Z,16.328125,16.328125,23.0
2015-08-11T16:05:20.000000Z,16.328125,16.328125,67.0
2015-08-11T16:05:30.000000Z,16.328125,16.328125,86.0
2015-08-11T16:05:40.000000Z,16.328125,16.328125,93.0
2015-08-11T16:05:50.000000Z,16.328125,16.328125,102.0
2015-08-11T16:06:00.000000Z,16.328125,16.328125,64.0
2015-08-11T16:06:10.000000Z,16.328125,16.328125,63.0
2015-08-11T16:06:20.000000Z,16.328125,16.328125,25.0
2015-08-11T16:06:30.000000Z,16.328125,16.328125,61.0
2015-08-11T16:06:40.000000Z,16.328125,16.328125,22.0
2015-08-11T16:06:50.000000Z,16.328125,16.328125,16.0
2015-08-11T16:07:00.000000Z,16.328125,16.328125,25.0
2015-08-11T16:07:10.000000Z,16.328125,16.328125,63.0
2015-08-11T16:07:20.000000Z,16.328125,16.328125,54.0
2015-08-11T16:07:30.000000Z,16.328125,16.328125,69.0
2015-08-11T16:07:40.000000Z,16.328125,16.328125,34.0
2015-08-11T16:07:50.000000Z,16.328125,16.328125,27.0
2015-08-11T16:08:00.000000Z,16.328125,16.328125,10.0
2015-08-11T16:08:10.000000Z,16.328125,16.328125,34.0
2015-08-11T16:08:20.000000Z,16.328125,16.328125,32.0
2015-08-11T16:08:30.000000Z,16.328125,16.328125,48.0
2015-08-11T16:08:40.000000Z,16.328125,16.328125,64.0
2015-08-11T16:08:50.000000Z,16.328125,16.328125,73.0
2015-08-11T16:09:00.000000Z,16.328125,16.328125,43.0
2015-08-11T16:09:10.000000Z,16.328125,16.328125,65.0
2015-08-11T16:09:20.000000Z,16.328125,16.328125,45.0
2015-08-11T16:09:30.000000Z,16.328125,16.328125,24.0
2015-08-11T16:09:40.000000Z,16.328125,16.328125,37.0
2015-08-11T16:09:50.000000Z,16.328125,16.328125,39.0
2015-08-11T16:10:00.000000Z,16.328125,16.328125,35.0
2015-08-11T16:10:10.000000Z,16.328125,16.328125,58.0
2015-08-11T16:10:20.000000Z,16.328125,16.328125,73.0
2015-08-11T16:10:30.000000Z,16.328125,16.328125,16.0
2015-08-11T16:10:40.000000Z,16.34375,16.328125,107.0
2015-08-11T16:10:50.000000Z,16.328125,16.328125,40.0
2015-08-11T16:11:00.000000Z,16.328125,16.328125,47.0
2015-08-11T16:11:10.000000Z,16.328125,16.328125,32.0
2015-08-11T16:11:20.000000Z,16.328125,16.328125,54.0
2015-08-11T16:11:30.000000Z,16.328125,16.328125,30.0
2015-08-11T16:11:40.000000Z,16.34375,16.328125,136.0
2015-08-11T16:11:50.000000Z,16.34375,16.328125,88.0
2015-08-11T16:12:00.000000Z,16.34375,16.328125,66.0
2015-08-11T16:12:10.000000Z,16.34375,16.328125,48.0
2015-08-11T16:12:20.000000Z,16.34375,16.328125,17.0
2015-08-11T16:12:30.000000Z,16.34375,16.328125,31.0
2015-08-11T16:12:40.000000Z,16.34375,16.328125,17.0
2015-08-11T16:12:50.000000Z,16.34375,16.328125,41.0
2015-08-11T16:13:00.000000Z,16.34375,16.328125,29.0
2015-08-11T16:13:10.000000Z,16.34375,16.328125,41.0
2015-08-11T16:13:20.000000Z,16.34375,16.328125,15.0
2015-08-11T16:13:30.000000Z,16.34375,16.328125,92.0
2015-08-11T16:13:40.000000Z,16.34375,16.328125,33.0
2015-08-11T16:13:50.000000Z,16.34375,16.328125,31.0
2015-08-11T16:14:00.000000Z,16.34375,16.328125,40.0
2015-08-11T16:14:10.000000Z,16.34375,16.328125,48.0
2015-08-11T16:14:20.000000Z,16.34375,16.328125,12.0
2015-08-11T16:14:30.000000Z,16.34375,16.328125,24.0
2015-08-11T16:14:40.000000Z,16.34375,16.328125,15.0
2015-08-11T16:14:50.000000Z,16.34375,16.328125,57.0
2015-08-11T16:15:00.000000Z,16.34375,16.34375,46.0
2015-08-11T16:15:10.000000Z,16.34375,16.34375,23.0
2015-08-11T16:15:20.000000Z,16.34375,16.34375,13.0
2015-08-11T16:15:30.000000Z,16.34375,16.34375,17.0
2015-08-11T16:15:40.000000Z,16.34375,16.34375,32.0
2015-08-11T16:15:50.000000Z,16.34375,16.34375,27.0
2015-08-11T16:16:00.000000Z,16.34375,16.34375,20.0
2015-08-11T16:16:10.000000Z,16.34375,16.34375,163.0
2015-08-11T16:16:20.000000Z,16.34375,16.34375,44.0
2015-08-11T16:16:30.000000Z,16.34375,16.34375,23.0
2015-08-11T16:16:40.000000Z,16.34375,16.328125,73.0
2015-08-11T16:16:50.000000Z,16.34375,16.34375,47.0
2015-08-11T16:17:00.000000Z,16.34375,16.34375,15.0
2015-08-11T16:17:10.000000Z,16.34375,16.34375,21.0
2015-08-11T16:17:20.000000Z,16.34375,16.34375,23.0
2015-08-11T16:17:30.000000Z,16.34375,16.34375,26.0
2015-08-11T16:17:40.000000Z,16.34375,16.34375,76.0
2015-08-11T16:17:50.000000Z,16.34375,16.34375,50.0
2015-08-11T16:18:00.000000Z,16.34375,16.34375,42.0
2015-08-11T16:18:10.000000Z,16.34375,16.34375,49.0
2015-08-11T16:18:20.000000Z,16.34375,16.34375,26.0
2015-08-11T16:18:30.000000Z,16.34375,16.34375,23.0
2015-08-11T16:18:40.000000Z,16.34375,16.34375,18.0
2015-08-11T16:18:50.000000Z,16.34375,16.34375,11.0
2015-08-11T16:19:00.000000Z,16.34375,16.34375,18.0
2015-08-11T16:19:10.000000Z,16.34375,16.34375,18.0
2015-08-11T16:19:20.000000Z,16.34375,16.34375,15.0
2015-08-11T16:19:30.000000Z,16.34375,16.34375,25.0
2015-08-11T16:19:40.000000Z,16.34375,16.34375,49.0
2015-08-11T16:19:50.000000Z,16.34375,16.34375,45.0
2015-08-11T16:20:00.000000Z,16.34375,16.34375,55.0
2015-08-11T16:20:10.000000Z,16.34375,16.34375,62.0
2015-08-11T16:20:20.000000Z,16.34375,16.34375,69.0
2015-08-11T16:20:30.000000Z,16.34375,16.34375,59.0
2015-08-11T16:20:40.000000Z,16.34375,16.328125,74.0
2015-08-11T16:20:50.000000Z,16.34375,16.328125,74.0
2015-08-11T16:21:00.000000Z,16.34375,16.328125,58.0
2015-08-11T16:21:10.000000Z,16.34375,16.328125,58.0
2015-08-11T16:21:20.000000Z,16.34375,16.328125,74.0
2015-08-11T16:21:30.000000Z,16.34375,16.34375,124.0
2015-08-11T16:21:40.000000Z,16.34375,16.34375,74.0
2015-08-11T16:21:50.000000Z,16.34375,16.34375,131.0
2015-08-11T16:22:00.000000Z,16.359375,16.34375,143.0
2015-08-11T16:22:10.000000Z,16.34375,16.34375,45.0
2015-08-11T16:22:20.000000Z,16.359375,16.34375,64.0
2015-08-11T16:22:30.000000Z,16.359375,16.34375,90.0
2015-08-11T16:22:40.000000Z,16.359375,16.34375,30.0
2015-08-11T16:22:50.000000Z,16.34375,16.34375,23.0
2015-08-11T16:23:00.000000Z,16.359375,16.34375,38.0
2015-08-11T16:23:10.000000Z,16.34375,16.34375,48.0
2015-08-11T16:23:20.000000Z,16.34375,16.34375,37.0
2015-08-11T16:23:30.000000Z,16.34375,16.34375,39.0
2015-08-11T16:23:40.000000Z,16.34375,16.34375,23.0
2015-08-11T16:23:50.000000Z,16.34375,16.34375,66.0
2015-08-11T16:24:00.000000Z,16.34375,16.34375,73.0
2015-08-11T16:24:10.000000Z,16.34375,16.34375,67.0
2015-08-11T16:24:20.000000Z,16.34375,16.34375,52.0
2015-08-11T16:24:30.000000Z,16.34375,16.34375,45.0
2015-08-11T16:24:40.000000Z,16.34375,16.34375,44.0
2015-08-11T16:24:50.000000Z,16.34375,16.34375,36.0
2015-08-11T16:25:00.000000Z,16.34375,16.34375,42.0
2015-08-11T16:25:10.000000Z,16.34375,16.34375,10.0
2015-08-11T16:25:20.000000Z,16.34375,16.34375,27.0
2015-08-11T16:25:30.000000Z,16.34375,16.34375,40.0
2015-08-11T16:25:40.000000Z,16.34375,16.34375,28.0
2015-08-11T16:25:50.000000Z,16.34375,16.34375,101.0
2015-08-11T16:26:00.000000Z,16.34375,16.34375,57.0
2015-08-11T16:26:10.000000Z,16.34375,16.34375,52.0
2015-08-11T16:26:20.000000Z,16.34375,16.34375,28.0
2015-08-11T16:26:30.000000Z,16.34375,16.34375,31.0
2015-08-11T16:26:40.000000Z,16.34375,16.34375,9.0
2015-08-11T16:26:50.000000Z,16.34375,16.34375,51.0
2015-08-11T16:27:00.000000Z,16.34375,16.34375,38.0
2015-08-11T16:27:10.000000Z,16.34375,16.34375,37.0
2015-08-11T16:27:20.000000Z,16.34375,16.34375,29.0
2015-08-11T16:27:30.000000Z,16.34375,16.34375,62.0
2015-08-11T16:27:40.000000Z,16.34375,16.34375,73.0
2015-08-11T16:27:50.000000Z,16.34375,16.34375,20.0
2015-08-11T16:28:00.000000Z,16.34375,16.328125,58.0
2015-08-11T16:28:10.000000Z,16.34375,16.328125,36.0
2015-08-11T16:28:20.000000Z,16.34375,16.328125,63.0
2015-08-11T16:28:30.000000Z,16.34375,16.328125,32.0
2015-08-11T16:28:40.000000Z,16.34375,16.328125,12.0
2015-08-11T16:28:50.000000Z,16.34375,16.328125,53.0
2015-08-11T16:29:00.000000Z,16.34375,16.34375,151.0
2015-08-11T16:29:10.000000Z,16.34375,16.34375,77.0
2015-08-11T16:29:20.000000Z,16.34375,16.34375,70.0
2015-08-11T16:29:30.000000Z,16.34375,16.34375,86.0
2015-08-11T16:29:40.000000Z,16.34375,16.34375,57.0
2015-08-11T16:29:50.000000Z,16.34375,16.34375,73.0
2015-08-11T16:30:00.000000Z,16.34375,16.34375,64.0
2015-08-11T16:30:10.000000Z,16.34375,16.34375,122.0
2015-08-11T16:30:20.000000Z,16.34375,16.34375,56.0
2015-08-11T16:30:30.000000Z,16.34375,16.328125,93.0
2015-08-11T16:30:40.000000Z,16.34375,16.328125,78.0
2015-08-11T16:30:50.000000Z,16.34375,16.328125,37.0
2015-08-11T16:31:00.000000Z,16.34375,16.34375,75.0
2015-08-11T16:31:10.000000Z,16.34375,16.328125,89.0
2015-08-11T16:31:20.000000Z,16.34375,16.328125,75.0
2015-08-11T16:31:30.000000Z,16.34375,16.328125,78.0
2015-08-11T16:31:40.000000Z,16.34375,16.328125,19.0
2015-08-11T16:31:50.000000Z,16.34375,16.328125,96.0
2015-08-11T16:32:00.000000Z,16.34375,16.328125,89.0
2015-08-11T16:32:10.000000Z,16.34375,16.328125,23.0
2015-08-11T16:32:20.000000Z,16.34375,16.328125,43.0
2015-08-11T16:32:30.000000Z,16.34375,16.328125,26.0
2015-08-11T16:32:40.000000Z,16.34375,16.328125,38.0
2015-08-11T16:32:50.000000Z,16.34375,16.328125,76.0
2015-08-11T16:33:00.000000Z,16.34375,16.328125,76.0
2015-08-11T16:33:10.000000Z,16.34375,16.328125,51.0
2015-08-11T16:33:20.000000Z,16.34375,16.328125,59.0
2015-08-11T16:33:30.000000Z,16.34375,16.328125,50.0
2015-08-11T16:33:40.000000Z,16.34375,16.328125,47.0
2015-08-11T16:33:50.000000Z,16.34375,16.328125,102.0
2015-08-11T16:34:00.000000Z,16.34375,16.328125,54.0
2015-08-11T16:34:10.000000Z,16.34375,16.328125,49.0
2015-08-11T16:34:20.000000Z,16.328125,16.328125,37.0
2015-08-11T16:34:30.000000Z,16.34375,16.328125,42.0
2015-08-11T16:34:40.000000Z,16.34375,16.328125,78.0
2015-08-11T16:34:50.000000Z,16.34375,16.328125,34.0
2015-08-11T16:35:00.000000Z,16.34375,16.328125,52.0
2015-08-11T16:35:10.000000Z,16.328125,16.328125,46.0
2015-08-11T16:35:20.000000Z,16.328125,16.328125,14.0
2015-08-11T16:35:30.000000Z,16.34375,16.328125,78.0
