time,closeAsk,closeBid,volume
2015-08-10T15:07:00.000000Z,27.03125,27.015625,3.0
2015-08-10T15:07:05.000000Z,27.03125,27.015625,7.0
2015-08-10T15:07:10.000000Z,27.03125,27.015625,6.0
2015-08-10T15:07:15.000000Z,27.03125,27.015625,1.0
2015-08-10T15:07:20.000000Z,27.03125,27.015625,2.0
2015-08-10T15:07:30.000000Z,27.03125,27.015625,1.0
2015-08-10T15:07:50.000000Z,27.03125,27.015625,1.0
2015-08-10T15:08:15.000000Z,27.03125,27.015625,1.0
2015-08-10T15:08:35.000000Z,27.03125,27.015625,1.0
2015-08-10T15:08:55.000000Z,27.03125,27.015625,1.0
2015-08-10T15:09:15.000000Z,27.03125,27.015625,1.0
2015-08-10T15:09:35.000000Z,27.03125,27.015625,1.0
2015-08-10T15:09:40.000000Z,27.03125,27.015625,2.0
2015-08-10T15:09:55.000000Z,27.03125,27.015625,1.0
2015-08-10T15:10:00.000000Z,27.03125,27.015625,2.0
2015-08-10T15:10:10.000000Z,27.03125,27.015625,1.0
2015-08-10T15:10:20.000000Z,27.03125,27.015625,3.0
2015-08-10T15:10:25.000000Z,27.03125,27.015625,16.0
2015-08-10T15:10:30.000000Z,27.046875,27.015625,5.0
2015-08-10T15:10:35.000000Z,27.046875,27.03125,1.0
2015-08-10T15:10:40.000000Z,27.046875,27.03125,1.0
2015-08-10T15:10:50.000000Z,27.046875,27.03125,6.0
2015-08-10T15:11:00.000000Z,27.046875,27.03125,1.0
2015-08-10T15:11:10.000000Z,27.046875,27.03125,4.0
2015-08-10T15:11:25.000000Z,27.046875,27.03125,1.0
2015-08-10T15:11:30.000000Z,27.046875,27.03125,2.0
2015-08-10T15:12:10.000000Z,27.046875,27.03125,1.0
2015-08-10T15:12:30.000000Z,27.046875,27.03125,3.0
2015-08-10T15:12:50.000000Z,27.046875,27.03125,2.0
2015-08-10T15:13:30.000000Z,27.046875,27.03125,1.0
2015-08-10T15:13:55.000000Z,27.046875,27.03125,1.0
2015-08-10T15:14:35.000000Z,27.046875,27.03125,1.0
2015-08-10T15:14:55.000000Z,27.046875,27.03125,1.0
2015-08-10T15:15:15.000000Z,27.046875,27.03125,1.0
2015-08-10T15:15:25.000000Z,27.046875,27.03125,2.0
2015-08-10T15:15:30.000000Z,27.046875,27.03125,1.0
2015-08-10T15:15:50.000000Z,27.046875,27.03125,1.0
2015-08-10T15:16:20.000000Z,27.046875,27.03125,4.0
2015-08-10T15:16:30.000000Z,27.046875,27.03125,1.0
2015-08-10T15:16:35.000000Z,27.046875,27.03125,3.0
2015-08-10T15:16:40.000000Z,27.046875,27.03125,2.0
2015-08-10T15:16:45.000000Z,27.046875,27.03125,4.0
2015-08-10T15:16:55.000000Z,27.046875,27.03125,1.0
2015-08-10T15:17:15.000000Z,27.046875,27.03125,1.0
2015-08-10T15:17:35.000000Z,27.046875,27.03125,1.0
2015-08-10T15:17:55.000000Z,27.046875,27.03125,1.0
2015-08-10T15:18:20.000000Z,27.046875,27.03125,1.0
2015-08-10T15:19:20.000000Z,27.046875,27.03125,1.0
2015-08-10T15:19:30.000000Z,27.046875,27.03125,2.0
2015-08-10T15:19:40.000000Z,27.046875,27.03125,1.0
2015-08-10T15:19:55.000000Z,27.046875,27.03125,2.0
2015-08-10T15:20:00.000000Z,27.046875,27.03125,1.0
2015-08-10T15:20:05.000000Z,27.046875,27.03125,3.0
2015-08-10T15:20:10.000000Z,27.046875,27.03125,5.0
2015-08-10T15:20:15.000000Z,27.046875,27.03125,2.0
2015-08-10T15:20:20.000000Z,27.046875,27.03125,1.0
2015-08-10T15:20:25.000000Z,27.046875,27.03125,3.0
2015-08-10T15:20:30.000000Z,27.046875,27.03125,2.0
2015-08-10T15:20:35.000000Z,27.046875,27.03125,6.0
2015-08-10T15:20:40.000000Z,27.046875,27.03125,1.0
2015-08-10T15:20:45.000000Z,27.046875,27.03125,4.0
2015-08-10T15:20:50.000000Z,27.046875,27.03125,2.0
2015-08-10T15:20:55.000000Z,27.046875,27.03125,4.0
2015-08-10T15:21:00.000000Z,27.046875,27.03125,2.0
2015-08-10T15:21:20.000000Z,27.046875,27.03125,1.0
2015-08-10T15:21:35.000000Z,27.046875,27.03125,1.0
2015-08-10T15:21:40.000000Z,27.046875,27.03125,2.0
2015-08-10T15:21:45.000000Z,27.046875,27.03125,1.0
2015-08-10T15:21:55.000000Z,27.046875,27.03125,1.0
2015-08-10T15:22:15.000000Z,27.046875,27.03125,1.0
2015-08-10T15:22:40.000000Z,27.046875,27.03125,1.0
2015-08-10T15:22:55.000000Z,27.046875,27.03125,2.0
2015-08-10T15:23:00.000000Z,27.046875,27.03125,1.0
2015-08-10T15:23:20.000000Z,27.046875,27.03125,1.0
2015-08-10T15:23:40.000000Z,27.046875,27.03125,1.0
2015-08-10T15:24:00.000000Z,27.046875,27.03125,1.0
2015-08-10T15:24:15.000000Z,27.046875,27.03125,1.0
2015-08-10T15:24:20.000000Z,27.046875,27.03125,1.0
2015-08-10T15:24:30.000000Z,27.046875,27.03125,1.0
2015-08-10T15:24:40.000000Z,27.046875,27.03125,1.0
2015-08-10T15:25:05.000000Z,27.046875,27.03125,1.0
2015-08-10T15:25:40.000000Z,27.046875,27.03125,1.0
2015-08-10T15:25:45.000000Z,27.046875,27.03125,4.0
2015-08-10T15:25:50.000000Z,27.046875,27.03125,4.0
2015-08-10T15:26:00.000000Z,27.046875,27.03125,1.0
2015-08-10T15:26:20.000000Z,27.046875,27.03125,1.0
2015-08-10T15:26:25.000000Z,27.046875,27.03125,1.0
2015-08-10T15:26:30.000000Z,27.046875,27.03125,1.0
2015-08-10T15:26:50.000000Z,27.046875,27.03125,1.0
2015-08-10T15:27:10.000000Z,27.046875,27.03125,1.0
2015-08-10T15:27:25.000000Z,27.046875,27.03125,1.0
2015-08-10T15:28:05.000000Z,27.046875,27.03125,1.0
2015-08-10T15:28:25.000000Z,27.046875,27.03125,1.0
2015-08-10T15:28:45.000000Z,27.046875,27.03125,1.0
2015-08-10T15:29:05.000000Z,27.046875,27.03125,1.0
2015-08-10T15:29:25.000000Z,27.046875,27.015625,1.0
2015-08-10T15:29:30.000000Z,27.046875,27.03125,1.0
2015-08-10T15:29:45.000000Z,27.046875,27.03125,1.0
2015-08-10T15:29:50.000000Z,27.046875,27.015625,3.0
2015-08-10T15:29:55.000000Z,27.046875,27.015625,2.0
2015-08-10T15:30:00.000000Z,27.046875,27.015625,8.0
2015-08-10T15:30:10.000000Z,27.046875,27.015625,10.0
2015-08-10T15:30:20.000000Z,27.046875,27.015625,7.0
2015-08-10T15:30:25.000000Z,27.046875,27.015625,4.0
2015-08-10T15:30:30.000000Z,27.046875,27.015625,10.0
2015-08-10T15:30:35.000000Z,27.046875,27.015625,8.0
2015-08-10T15:30:40.000000Z,27.046875,27.015625,6.0
2015-08-10T15:30:45.000000Z,27.046875,27.015625,6.0
2015-08-10T15:30:50.000000Z,27.046875,27.015625,2.0
2015-08-10T15:30:55.000000Z,27.046875,27.015625,1.0
2015-08-10T15:31:05.000000Z,27.046875,27.015625,2.0
2015-08-10T15:31:10.000000Z,27.046875,27.015625,5.0
2015-08-10T15:31:15.000000Z,27.046875,27.015625,5.0
2015-08-10T15:31:20.000000Z,27.046875,27.015625,2.0
2015-08-10T15:31:25.000000Z,27.046875,27.015625,5.0
2015-08-10T15:31:30.000000Z,27.046875,27.015625,1.0
2015-08-10T15:31:35.000000Z,27.046875,27.015625,2.0
2015-08-10T15:31:45.000000Z,27.046875,27.015625,1.0
2015-08-10T15:32:05.000000Z,27.046875,27.015625,1.0
2015-08-10T15:32:25.000000Z,27.046875,27.015625,1.0
2015-08-10T15:32:40.000000Z,27.046875,27.015625,1.0
2015-08-10T15:32:45.000000Z,27.046875,27.015625,3.0
2015-08-10T15:32:50.000000Z,27.046875,27.015625,3.0
2015-08-10T15:32:55.000000Z,27.046875,27.015625,1.0
2015-08-10T15:33:00.000000Z,27.046875,27.015625,1.0
2015-08-10T15:33:20.000000Z,27.046875,27.015625,1.0
2015-08-10T15:33:40.000000Z,27.046875,27.015625,1.0
2015-08-10T15:34:00.000000Z,27.046875,27.015625,1.0
2015-08-10T15:34:20.000000Z,27.046875,27.015625,1.0
2015-08-10T15:34:25.000000Z,27.046875,27.015625,1.0
2015-08-10T15:34:35.000000Z,27.046875,27.015625,1.0
2015-08-10T15:34:40.000000Z,27.046875,27.015625,4.0
2015-08-10T15:34:50.000000Z,27.046875,27.015625,5.0
2015-08-10T15:34:55.000000Z,27.03125,27.015625,5.0
2015-08-10T15:35:00.000000Z,27.03125,27.015625,2.0
2015-08-10T15:35:05.000000Z,27.03125,27.015625,2.0
2015-08-10T15:35:20.000000Z,27.03125,27.015625,1.0
2015-08-10T15:35:40.000000Z,27.03125,27.015625,1.0
2015-08-10T15:36:00.000000Z,27.03125,27.015625,1.0
2015-08-10T15:36:20.000000Z,27.03125,27.015625,1.0
2015-08-10T15:36:45.000000Z,27.03125,27.015625,1.0
2015-08-10T15:37:25.000000Z,27.03125,27.015625,1.0
2015-08-10T15:37:45.000000Z,27.03125,27.015625,2.0
2015-08-10T15:37:50.000000Z,27.03125,27.015625,1.0
2015-08-10T15:38:05.000000Z,27.03125,27.015625,1.0
2015-08-10T15:38:45.000000Z,27.03125,27.015625,1.0
2015-08-10T15:38:55.000000Z,27.03125,27.015625,1.0
2015-08-10T15:39:10.000000Z,27.03125,27.015625,1.0
2015-08-10T15:39:30.000000Z,27.03125,27.015625,1.0
2015-08-10T15:39:40.000000Z,27.03125,27.015625,5.0
2015-08-10T15:39:45.000000Z,27.046875,27.015625,15.0
2015-08-10T15:39:50.000000Z,27.046875,27.015625,6.0
2015-08-10T15:39:55.000000Z,27.046875,27.015625,4.0
2015-08-10T15:40:00.000000Z,27.046875,27.015625,1.0
2015-08-10T15:40:15.000000Z,27.046875,27.015625,1.0
2015-08-10T15:40:35.000000Z,27.046875,27.015625,1.0
2015-08-10T15:40:55.000000Z,27.046875,27.015625,1.0
2015-08-10T15:41:15.000000Z,27.046875,27.015625,1.0
2015-08-10T15:41:35.000000Z,27.046875,27.015625,1.0
2015-08-10T15:41:55.000000Z,27.046875,27.015625,1.0
2015-08-10T15:42:35.000000Z,27.046875,27.015625,1.0
2015-08-10T15:42:40.000000Z,27.046875,27.015625,1.0
2015-08-10T15:43:00.000000Z,27.046875,27.015625,1.0
2015-08-10T15:43:20.000000Z,27.046875,27.015625,1.0
2015-08-10T15:43:45.000000Z,27.046875,27.015625,1.0
2015-08-10T15:44:15.000000Z,27.046875,27.015625,1.0
2015-08-10T15:44:20.000000Z,27.046875,27.015625,1.0
2015-08-10T15:44:40.000000Z,27.046875,27.015625,1.0
2015-08-10T15:44:50.000000Z,27.046875,27.015625,2.0
2015-08-10T15:44:55.000000Z,27.046875,27.015625,1.0
2015-08-10T15:45:00.000000Z,27.046875,27.015625,2.0
2015-08-10T15:45:25.000000Z,27.046875,27.015625,1.0
2015-08-10T15:45:45.000000Z,27.046875,27.015625,1.0
2015-08-10T15:46:05.000000Z,27.046875,27.015625,1.0
2015-08-10T15:46:25.000000Z,27.046875,27.015625,1.0
2015-08-10T15:46:45.000000Z,27.046875,27.015625,1.0
2015-08-10T15:47:00.000000Z,27.046875,27.015625,1.0
2015-08-10T15:47:05.000000Z,27.046875,27.015625,1.0
2015-08-10T15:47:10.000000Z,27.046875,27.015625,1.0
2015-08-10T15:47:15.000000Z,27.046875,27.015625,1.0
2015-08-10T15:47:35.000000Z,27.046875,27.015625,1.0
2015-08-10T15:47:55.000000Z,27.046875,27.015625,1.0
2015-08-10T15:49:20.000000Z,27.046875,27.015625,1.0
2015-08-10T15:49:40.000000Z,27.046875,27.015625,1.0
2015-08-10T15:50:00.000000Z,27.046875,27.015625,1.0
2015-08-10T15:50:20.000000Z,27.046875,27.015625,1.0
2015-08-10T15:50:40.000000Z,27.046875,27.015625,1.0
2015-08-10T15:51:10.000000Z,27.046875,27.015625,1.0
2015-08-10T15:51:30.000000Z,27.046875,27.015625,1.0
2015-08-10T15:51:50.000000Z,27.046875,27.015625,1.0
2015-08-10T15:52:10.000000Z,27.046875,27.015625,1.0
2015-08-10T15:52:30.000000Z,27.046875,27.015625,1.0
2015-08-10T15:52:50.000000Z,27.046875,27.015625,1.0
2015-08-10T15:53:25.000000Z,27.046875,27.015625,3.0
2015-08-10T15:53:30.000000Z,27.046875,27.015625,1.0
2015-08-10T15:53:40.000000Z,27.046875,27.015625,1.0
2015-08-10T15:54:00.000000Z,27.046875,27.015625,1.0
2015-08-10T15:54:20.000000Z,27.046875,27.015625,1.0
2015-08-10T15:54:40.000000Z,27.046875,27.015625,1.0
2015-08-10T15:55:05.000000Z,27.046875,27.015625,1.0
2015-08-10T15:55:25.000000Z,27.046875,27.015625,1.0
2015-08-10T15:55:45.000000Z,27.046875,27.015625,1.0
2015-08-10T15:56:00.000000Z,27.046875,27.015625,2.0
2015-08-10T15:56:05.000000Z,27.046875,27.015625,2.0
2015-08-10T15:56:15.000000Z,27.046875,27.015625,1.0
2015-08-10T15:56:20.000000Z,27.046875,27.015625,2.0
2015-08-10T15:56:40.000000Z,27.046875,27.015625,1.0
2015-08-10T15:57:00.000000Z,27.046875,27.015625,1.0
2015-08-10T15:57:15.000000Z,27.046875,27.015625,1.0
2015-08-10T15:57:20.000000Z,27.046875,27.015625,3.0
2015-08-10T15:57:25.000000Z,27.046875,27.015625,1.0
2015-08-10T15:57:45.000000Z,27.046875,27.015625,1.0
2015-08-10T15:57:50.000000Z,27.046875,27.015625,3.0
2015-08-10T15:57:55.000000Z,27.046875,27.015625,1.0
2015-08-10T15:58:00.000000Z,27.046875,27.015625,1.0
2015-08-10T15:58:10.000000Z,27.046875,27.015625,4.0
2015-08-10T15:58:20.000000Z,27.046875,27.015625,1.0
2015-08-10T15:58:30.000000Z,27.046875,27.015625,1.0
2015-08-10T15:58:40.000000Z,27.046875,27.015625,2.0
2015-08-10T15:58:50.000000Z,27.046875,27.015625,1.0
2015-08-10T15:59:15.000000Z,27.046875,27.015625,1.0
2015-08-10T15:59:20.000000Z,27.046875,27.015625,3.0
2015-08-10T15:59:30.000000Z,27.046875,27.015625,1.0
2015-08-10T15:59:40.000000Z,27.046875,27.015625,2.0
2015-08-10T15:59:50.000000Z,27.046875,27.015625,4.0
2015-08-10T16:00:00.000000Z,27.046875,27.015625,5.0
2015-08-10T16:00:05.000000Z,27.046875,27.015625,1.0
2015-08-10T16:00:20.000000Z,27.046875,27.015625,1.0
2015-08-10T16:00:30.000000Z,27.046875,27.015625,6.0
2015-08-10T16:00:40.000000Z,27.046875,27.015625,1.0
2015-08-10T16:01:00.000000Z,27.046875,27.015625,5.0
2015-08-10T16:01:20.000000Z,27.046875,27.015625,4.0
2015-08-10T16:01:30.000000Z,27.046875,27.015625,2.0
2015-08-10T16:01:35.000000Z,27.046875,27.015625,1.0
2015-08-10T16:01:40.000000Z,27.046875,27.015625,1.0
2015-08-10T16:01:55.000000Z,27.046875,27.015625,1.0
2015-08-10T16:02:10.000000Z,27.046875,27.015625,3.0
2015-08-10T16:02:20.000000Z,27.046875,27.015625,1.0
2015-08-10T16:02:30.000000Z,27.046875,27.015625,1.0
2015-08-10T16:02:40.000000Z,27.046875,27.015625,2.0
2015-08-10T16:02:50.000000Z,27.046875,27.015625,2.0
2015-08-10T16:03:10.000000Z,27.046875,27.015625,1.0
2015-08-10T16:03:30.000000Z,27.046875,27.015625,1.0
2015-08-10T16:03:50.000000Z,27.046875,27.015625,1.0
2015-08-10T16:04:15.000000Z,27.046875,27.015625,1.0
2015-08-10T16:04:35.000000Z,27.046875,27.015625,1.0
2015-08-10T16:04:55.000000Z,27.046875,27.015625,1.0
2015-08-10T16:05:00.000000Z,27.046875,27.015625,1.0
2015-08-10T16:05:35.000000Z,27.046875,27.015625,1.0
2015-08-10T16:05:40.000000Z,27.046875,27.015625,1.0
2015-08-10T16:05:55.000000Z,27.046875,27.015625,1.0
2015-08-10T16:06:15.000000Z,27.046875,27.015625,1.0
2015-08-10T16:06:20.000000Z,27.046875,27.015625,1.0
2015-08-10T16:06:35.000000Z,27.046875,27.015625,1.0
2015-08-10T16:07:40.000000Z,27.046875,27.015625,1.0
2015-08-10T16:08:00.000000Z,27.046875,27.015625,1.0
2015-08-10T16:08:20.000000Z,27.046875,27.015625,1.0
2015-08-10T16:08:40.000000Z,27.046875,27.015625,1.0
2015-08-10T16:09:00.000000Z,27.046875,27.015625,1.0
2015-08-10T16:09:05.000000Z,27.046875,27.015625,1.0
2015-08-10T16:09:20.000000Z,27.046875,27.015625,1.0
2015-08-10T16:09:40.000000Z,27.046875,27.015625,2.0
2015-08-10T16:10:05.000000Z,27.046875,27.015625,1.0
2015-08-10T16:10:25.000000Z,27.046875,27.015625,1.0
2015-08-10T16:10:30.000000Z,27.046875,27.015625,1.0
2015-08-10T16:10:45.000000Z,27.046875,27.015625,1.0
2015-08-10T16:10:50.000000Z,27.046875,27.015625,1.0
2015-08-10T16:11:05.000000Z,27.046875,27.015625,1.0
2015-08-10T16:11:15.000000Z,27.046875,27.015625,1.0
2015-08-10T16:11:20.000000Z,27.046875,27.015625,1.0
2015-08-10T16:11:30.000000Z,27.046875,27.015625,1.0
2015-08-10T16:11:40.000000Z,27.046875,27.015625,1.0
2015-08-10T16:11:50.000000Z,27.046875,27.015625,1.0
2015-08-10T16:12:10.000000Z,27.046875,27.015625,1.0
2015-08-10T16:12:30.000000Z,27.046875,27.015625,1.0
2015-08-10T16:12:50.000000Z,27.046875,27.015625,1.0
2015-08-10T16:13:15.000000Z,27.046875,27.015625,1.0
2015-08-10T16:13:55.000000Z,27.046875,27.015625,1.0
2015-08-10T16:14:15.000000Z,27.046875,27.015625,1.0
2015-08-10T16:14:35.000000Z,27.046875,27.015625,1.0
2015-08-10T16:14:55.000000Z,27.046875,27.015625,1.0
2015-08-10T16:15:15.000000Z,27.046875,27.015625,1.0
2015-08-10T16:15:35.000000Z,27.046875,27.015625,1.0
2015-08-10T16:16:00.000000Z,27.046875,27.015625,1.0
2015-08-10T16:16:20.000000Z,27.046875,27.015625,1.0
2015-08-10T16:16:25.000000Z,27.046875,27.015625,1.0
2015-08-10T16:16:40.000000Z,27.046875,27.015625,1.0
2015-08-10T16:16:50.000000Z,27.046875,27.015625,1.0
2015-08-10T16:17:20.000000Z,27.046875,27.015625,1.0
2015-08-10T16:17:40.000000Z,27.046875,27.015625,1.0
2015-08-10T16:18:00.000000Z,27.046875,27.015625,1.0
2015-08-10T16:18:20.000000Z,27.046875,27.015625,1.0
2015-08-10T16:19:00.000000Z,27.046875,27.015625,1.0
2015-08-10T16:19:10.000000Z,27.046875,27.015625,1.0
2015-08-10T16:19:20.000000Z,27.046875,27.015625,1.0
2015-08-10T16:19:45.000000Z,27.046875,27.015625,1.0
2015-08-10T16:20:05.000000Z,27.046875,27.015625,1.0
2015-08-10T16:20:25.000000Z,27.046875,27.015625,1.0
2015-08-10T16:20:45.000000Z,27.046875,27.015625,1.0
2015-08-10T16:21:05.000000Z,27.046875,27.015625,1.0
2015-08-10T16:21:45.000000Z,27.046875,27.015625,1.0
2015-08-10T16:22:05.000000Z,27.046875,27.015625,1.0
2015-08-10T16:22:25.000000Z,27.046875,27.015625,1.0
2015-08-10T16:22:45.000000Z,27.046875,27.015625,1.0
2015-08-10T16:23:05.000000Z,27.046875,27.015625,1.0
2015-08-10T16:23:30.000000Z,27.046875,27.015625,1.0
2015-08-10T16:23:50.000000Z,27.046875,27.015625,1.0
2015-08-10T16:24:30.000000Z,27.046875,27.015625,1.0
2015-08-10T16:24:50.000000Z,27.046875,27.015625,1.0
2015-08-10T16:25:10.000000Z,27.046875,27.015625,1.0
2015-08-10T16:25:30.000000Z,27.046875,27.015625,1.0
2015-08-10T16:25:50.000000Z,27.046875,27.015625,1.0
2015-08-10T16:26:10.000000Z,27.046875,27.015625,1.0
2015-08-10T16:26:30.000000Z,27.046875,27.015625,1.0
2015-08-10T16:26:55.000000Z,27.046875,27.015625,1.0
2015-08-10T16:27:15.000000Z,27.046875,27.015625,1.0
2015-08-10T16:27:35.000000Z,27.046875,27.015625,1.0
2015-08-10T16:27:55.000000Z,27.046875,27.015625,1.0
2015-08-10T16:28:15.000000Z,27.046875,27.015625,1.0
2015-08-10T16:28:35.000000Z,27.046875,27.015625,1.0
2015-08-10T16:29:15.000000Z,27.046875,27.015625,1.0
2015-08-10T16:29:35.000000Z,27.046875,27.015625,1.0
2015-08-10T16:30:00.000000Z,27.046875,27.015625,1.0
2015-08-10T16:30:15.000000Z,27.046875,27.015625,1.0
2015-08-10T16:30:20.000000Z,27.046875,27.015625,1.0
2015-08-10T16:30:35.000000Z,27.046875,27.015625,1.0
2015-08-10T16:31:35.000000Z,27.046875,27.015625,1.0
2015-08-10T16:31:55.000000Z,27.046875,27.015625,1.0
2015-08-10T16:32:15.000000Z,27.046875,27.015625,1.0
2015-08-10T16:33:00.000000Z,27.046875,27.015625,1.0
2015-08-10T16:33:20.000000Z,27.046875,27.015625,1.0
2015-08-10T16:33:30.000000Z,27.046875,27.015625,1.0
2015-08-10T16:33:40.000000Z,27.046875,27.015625,1.0
2015-08-10T16:33:50.000000Z,27.046875,27.015625,2.0
2015-08-10T16:34:10.000000Z,27.046875,27.015625,1.0
2015-08-10T16:34:20.000000Z,27.046875,27.015625,1.0
2015-08-10T16:34:25.000000Z,27.046875,27.015625,1.0
2015-08-10T16:34:30.000000Z,27.046875,27.015625,2.0
2015-08-10T16:34:50.000000Z,27.046875,27.015625,1.0
2015-08-10T16:35:10.000000Z,27.046875,27.015625,1.0
2015-08-10T16:35:50.000000Z,27.046875,27.015625,1.0
2015-08-10T16:36:10.000000Z,27.046875,27.015625,1.0
2015-08-10T16:36:55.000000Z,27.046875,27.015625,1.0
2015-08-10T16:37:20.000000Z,27.046875,27.015625,1.0
2015-08-10T16:37:25.000000Z,27.046875,27.015625,1.0
2015-08-10T16:37:30.000000Z,27.046875,27.015625,1.0
2015-08-10T16:37:45.000000Z,27.046875,27.015625,1.0
2015-08-10T16:38:25.000000Z,27.046875,27.015625,1.0
2015-08-10T16:38:30.000000Z,27.046875,27.015625,1.0
2015-08-10T16:38:45.000000Z,27.046875,27.015625,1.0
2015-08-10T16:38:50.000000Z,27.046875,27.015625,1.0
2015-08-10T16:39:05.000000Z,27.046875,27.015625,1.0
2015-08-10T16:39:20.000000Z,27.046875,27.015625,2.0
2015-08-10T16:39:25.000000Z,27.046875,27.015625,1.0
2015-08-10T16:39:30.000000Z,27.046875,27.015625,3.0
2015-08-10T16:39:35.000000Z,27.046875,27.015625,3.0
2015-08-10T16:39:40.000000Z,27.046875,27.015625,2.0
2015-08-10T16:39:45.000000Z,27.046875,27.015625,1.0
2015-08-10T16:39:50.000000Z,27.046875,27.015625,5.0
2015-08-10T16:40:00.000000Z,27.046875,27.015625,2.0
2015-08-10T16:40:10.000000Z,27.046875,27.015625,1.0
2015-08-10T16:40:15.000000Z,27.046875,27.015625,2.0
2015-08-10T16:40:25.000000Z,27.046875,27.015625,3.0
2015-08-10T16:40:30.000000Z,27.046875,27.015625,2.0
2015-08-10T16:40:40.000000Z,27.046875,27.015625,1.0
2015-08-10T16:40:50.000000Z,27.046875,27.015625,1.0
2015-08-10T16:41:10.000000Z,27.046875,27.015625,1.0
2015-08-10T16:41:15.000000Z,27.046875,27.015625,1.0
2015-08-10T16:41:20.000000Z,27.046875,27.015625,1.0
2015-08-10T16:41:25.000000Z,27.046875,27.015625,1.0
2015-08-10T16:41:30.000000Z,27.046875,27.015625,1.0
2015-08-10T16:41:45.000000Z,27.046875,27.015625,1.0
2015-08-10T16:42:05.000000Z,27.046875,27.015625,1.0
2015-08-10T16:42:30.000000Z,27.046875,27.015625,1.0
2015-08-10T16:42:50.000000Z,27.046875,27.015625,1.0
2015-08-10T16:43:10.000000Z,27.046875,27.015625,1.0
2015-08-10T16:43:15.000000Z,27.046875,27.015625,2.0
2015-08-10T16:43:20.000000Z,27.046875,27.015625,1.0
2015-08-10T16:43:30.000000Z,27.046875,27.015625,1.0
2015-08-10T16:43:50.000000Z,27.046875,27.015625,1.0
2015-08-10T16:44:00.000000Z,27.046875,27.015625,1.0
2015-08-10T16:44:10.000000Z,27.046875,27.015625,2.0
2015-08-10T16:44:50.000000Z,27.046875,27.015625,1.0
2015-08-10T16:45:10.000000Z,27.046875,27.015625,1.0
2015-08-10T16:45:25.000000Z,27.046875,27.015625,1.0
2015-08-10T16:45:30.000000Z,27.046875,27.015625,1.0
2015-08-10T16:45:40.000000Z,27.046875,27.015625,2.0
2015-08-10T16:46:00.000000Z,27.046875,27.015625,1.0
2015-08-10T16:46:20.000000Z,27.046875,27.015625,1.0
2015-08-10T16:46:40.000000Z,27.046875,27.015625,1.0
2015-08-10T16:47:00.000000Z,27.046875,27.015625,1.0
2015-08-10T16:47:25.000000Z,27.046875,27.015625,1.0
2015-08-10T16:47:30.000000Z,27.046875,27.015625,1.0
2015-08-10T16:47:35.000000Z,27.046875,27.015625,1.0
2015-08-10T16:47:40.000000Z,27.046875,27.015625,1.0
2015-08-10T16:48:00.000000Z,27.046875,27.015625,1.0
2015-08-10T16:48:20.000000Z,27.046875,27.015625,1.0
2015-08-10T16:49:00.000000Z,27.046875,27.015625,1.0
2015-08-10T16:49:40.000000Z,27.046875,27.015625,2.0
2015-08-10T16:49:50.000000Z,27.046875,27.015625,1.0
2015-08-10T16:50:00.000000Z,27.046875,27.015625,2.0
2015-08-10T16:50:05.000000Z,27.046875,27.015625,1.0
2015-08-10T16:50:10.000000Z,27.046875,27.015625,1.0
2015-08-10T16:50:15.000000Z,27.046875,27.015625,2.0
2015-08-10T16:50:35.000000Z,27.046875,27.015625,1.0
2015-08-10T16:50:55.000000Z,27.046875,27.015625,1.0
2015-08-10T16:51:00.000000Z,27.046875,27.015625,2.0
2015-08-10T16:51:20.000000Z,27.046875,27.015625,1.0
2015-08-10T16:51:40.000000Z,27.046875,27.015625,1.0
2015-08-10T16:52:00.000000Z,27.046875,27.015625,1.0
2015-08-10T16:52:20.000000Z,27.046875,27.015625,3.0
2015-08-10T16:52:30.000000Z,27.046875,27.015625,2.0
2015-08-10T16:52:50.000000Z,27.046875,27.015625,1.0
2015-08-10T16:53:00.000000Z,27.046875,27.015625,3.0
2015-08-10T16:53:10.000000Z,27.046875,27.015625,1.0
2015-08-10T16:53:30.000000Z,27.046875,27.015625,1.0
2015-08-10T16:54:10.000000Z,27.046875,27.015625,1.0
2015-08-10T16:54:20.000000Z,27.046875,27.015625,1.0
2015-08-10T16:54:35.000000Z,27.046875,27.015625,1.0
2015-08-10T16:54:40.000000Z,27.046875,27.015625,1.0
2015-08-10T16:54:55.000000Z,27.046875,27.015625,2.0
2015-08-10T16:55:00.000000Z,27.046875,27.015625,2.0
2015-08-10T16:55:10.000000Z,27.046875,27.015625,1.0
2015-08-10T16:55:15.000000Z,27.046875,27.015625,2.0
2015-08-10T16:55:20.000000Z,27.046875,27.015625,2.0
2015-08-10T16:55:40.000000Z,27.046875,27.015625,1.0
2015-08-10T16:56:00.000000Z,27.046875,27.015625,1.0
2015-08-10T16:56:10.000000Z,27.046875,27.015625,2.0
2015-08-10T16:56:20.000000Z,27.046875,27.015625,1.0
2015-08-10T16:57:15.000000Z,27.046875,27.015625,1.0
2015-08-10T16:57:55.000000Z,27.046875,27.015625,1.0
2015-08-10T16:58:15.000000Z,27.046875,27.015625,1.0
2015-08-10T16:58:35.000000Z,27.046875,27.015625,1.0
2015-08-10T16:58:40.000000Z,27.046875,27.015625,1.0
2015-08-10T16:58:55.000000Z,27.046875,27.015625,1.0
2015-08-10T16:59:15.000000Z,27.046875,27.015625,1.0
2015-08-10T16:59:30.000000Z,27.046875,27.015625,2.0
2015-08-10T17:00:10.000000Z,27.046875,27.015625,1.0
2015-08-10T17:01:25.000000Z,27.046875,27.015625,1.0
2015-08-10T17:01:30.000000Z,27.046875,27.015625,1.0
2015-08-10T17:01:35.000000Z,27.046875,27.015625,1.0
2015-08-10T17:01:55.000000Z,27.046875,27.015625,1.0
2015-08-10T17:03:00.000000Z,27.046875,27.015625,1.0
2015-08-10T17:03:10.000000Z,27.046875,27.015625,1.0
2015-08-10T17:03:25.000000Z,27.046875,27.015625,1.0
2015-08-10T17:03:30.000000Z,27.046875,27.015625,1.0
2015-08-10T17:06:25.000000Z,27.046875,27.015625,1.0
2015-08-10T17:06:30.000000Z,27.046875,27.015625,1.0
2015-08-10T17:06:40.000000Z,27.046875,27.015625,1.0
2015-08-10T17:06:45.000000Z,27.046875,27.015625,1.0
2015-08-10T17:07:05.000000Z,27.046875,27.015625,1.0
2015-08-10T17:07:30.000000Z,27.046875,27.015625,1.0
2015-08-10T17:07:50.000000Z,27.046875,27.015625,1.0
2015-08-10T17:08:10.000000Z,27.046875,27.015625,1.0
2015-08-10T17:09:35.000000Z,27.046875,27.015625,1.0
2015-08-10T17:09:50.000000Z,27.046875,27.015625,3.0
2015-08-10T17:09:55.000000Z,27.046875,27.015625,1.0
2015-08-10T17:10:35.000000Z,27.046875,27.015625,1.0
2015-08-10T17:10:55.000000Z,27.046875,27.015625,1.0
2015-08-10T17:11:20.000000Z,27.046875,27.015625,1.0
2015-08-10T17:11:30.000000Z,27.046875,27.015625,3.0
2015-08-10T17:11:40.000000Z,27.046875,27.015625,1.0
2015-08-10T17:11:45.000000Z,27.046875,27.015625,2.0
2015-08-10T17:11:50.000000Z,27.046875,27.015625,1.0
2015-08-10T17:11:55.000000Z,27.046875,27.015625,2.0
2015-08-10T17:12:00.000000Z,27.046875,27.015625,1.0
2015-08-10T17:12:20.000000Z,27.046875,27.015625,1.0
2015-08-10T17:13:20.000000Z,27.046875,27.015625,1.0
2015-08-10T17:13:30.000000Z,27.046875,27.015625,2.0
2015-08-10T17:13:35.000000Z,27.046875,27.015625,1.0
2015-08-10T17:13:40.000000Z,27.046875,27.015625,1.0
2015-08-10T17:13:45.000000Z,27.046875,27.015625,1.0
2015-08-10T17:14:05.000000Z,27.046875,27.015625,1.0
2015-08-10T17:14:25.000000Z,27.046875,27.015625,1.0
2015-08-10T17:14:45.000000Z,27.046875,27.015625,1.0
2015-08-10T17:15:25.000000Z,27.046875,27.015625,1.0
2015-08-10T17:15:45.000000Z,27.046875,27.015625,1.0
2015-08-10T17:16:10.000000Z,27.046875,27.015625,4.0
2015-08-10T17:16:15.000000Z,27.046875,27.015625,8.0
2015-08-10T17:16:35.000000Z,27.046875,27.015625,1.0
2015-08-10T17:16:55.000000Z,27.046875,27.015625,1.0
2015-08-10T17:17:35.000000Z,27.046875,27.015625,1.0
2015-08-10T17:17:55.000000Z,27.046875,27.015625,3.0
2015-08-10T17:18:35.000000Z,27.046875,27.015625,1.0
2015-08-10T17:18:45.000000Z,27.046875,27.015625,2.0
2015-08-10T17:19:05.000000Z,27.046875,27.015625,1.0
2015-08-10T17:19:25.000000Z,27.046875,27.015625,1.0
2015-08-10T17:20:05.000000Z,27.046875,27.015625,1.0
2015-08-10T17:20:25.000000Z,27.046875,27.015625,1.0
2015-08-10T17:21:10.000000Z,27.046875,27.015625,1.0
2015-08-10T17:21:30.000000Z,27.046875,27.015625,1.0
2015-08-10T17:21:50.000000Z,27.046875,27.015625,1.0
2015-08-10T17:22:10.000000Z,27.046875,27.015625,1.0
2015-08-10T17:22:30.000000Z,27.046875,27.015625,1.0
2015-08-10T17:22:50.000000Z,27.046875,27.015625,1.0
2015-08-10T17:24:15.000000Z,27.046875,27.015625,1.0
2015-08-10T17:24:35.000000Z,27.046875,27.015625,1.0
2015-08-10T17:24:55.000000Z,27.046875,27.015625,1.0
2015-08-10T17:25:20.000000Z,27.046875,27.015625,1.0
2015-08-10T17:26:20.000000Z,27.046875,27.015625,1.0
2015-08-10T17:27:00.000000Z,27.046875,27.015625,1.0
2015-08-10T17:27:25.000000Z,27.046875,27.015625,1.0
2015-08-10T17:27:45.000000Z,27.046875,27.015625,1.0
2015-08-10T17:28:45.000000Z,27.046875,27.015625,1.0
2015-08-10T17:29:25.000000Z,27.046875,27.015625,3.0
2015-08-10T17:29:30.000000Z,27.046875,27.015625,2.0
2015-08-10T17:29:35.000000Z,27.046875,27.015625,1.0
2015-08-10T17:30:30.000000Z,27.046875,27.015625,1.0
2015-08-10T17:30:50.000000Z,27.046875,27.015625,1.0
2015-08-10T17:32:55.000000Z,27.046875,27.015625,1.0
2015-08-10T17:33:15.000000Z,27.046875,27.015625,1.0
2015-08-10T17:34:00.000000Z,27.046875,27.015625,1.0
2015-08-10T17:34:20.000000Z,27.046875,27.015625,1.0
2015-08-10T17:34:25.000000Z,27.046875,27.015625,1.0
2015-08-10T17:34:40.000000Z,27.046875,27.015625,1.0
2015-08-10T17:34:50.000000Z,27.046875,27.015625,1.0
2015-08-10T17:35:00.000000Z,27.046875,27.015625,1.0
2015-08-10T17:36:00.000000Z,27.046875,27.015625,1.0
2015-08-10T17:37:05.000000Z,27.046875,27.015625,1.0
2015-08-10T17:37:25.000000Z,27.046875,27.015625,1.0
2015-08-10T17:37:45.000000Z,27.046875,27.015625,1.0
2015-08-10T17:39:30.000000Z,27.046875,27.015625,1.0
2015-08-10T17:40:10.000000Z,27.046875,27.015625,1.0
2015-08-10T17:40:30.000000Z,27.046875,27.015625,1.0
2015-08-10T17:41:30.000000Z,27.046875,27.015625,1.0
2015-08-10T17:41:55.000000Z,27.046875,27.015625,1.0
2015-08-10T17:42:15.000000Z,27.046875,27.015625,1.0
2015-08-10T17:42:35.000000Z,27.046875,27.015625,1.0
2015-08-10T17:43:15.000000Z,27.046875,27.015625,1.0
2015-08-10T17:43:25.000000Z,27.046875,27.015625,3.0
2015-08-10T17:43:30.000000Z,27.046875,27.015625,3.0
2015-08-10T17:43:35.000000Z,27.046875,27.015625,5.0
2015-08-10T17:43:40.000000Z,27.046875,27.015625,11.0
2015-08-10T17:43:50.000000Z,27.046875,27.015625,5.0
2015-08-10T17:44:00.000000Z,27.046875,27.015625,1.0
2015-08-10T17:45:05.000000Z,27.046875,27.015625,1.0
2015-08-10T17:46:05.000000Z,27.046875,27.015625,1.0
2015-08-10T17:46:10.000000Z,27.046875,27.015625,1.0
2015-08-10T17:46:25.000000Z,27.046875,27.015625,1.0
2015-08-10T17:48:10.000000Z,27.046875,27.015625,1.0
2015-08-10T17:48:30.000000Z,27.046875,27.015625,1.0
2015-08-10T17:48:50.000000Z,27.046875,27.015625,1.0
2015-08-10T17:49:15.000000Z,27.046875,27.015625,1.0
2015-08-10T17:49:35.000000Z,27.046875,27.015625,1.0
2015-08-10T17:50:35.000000Z,27.046875,27.015625,1.0
2015-08-10T17:51:05.000000Z,27.046875,27.015625,2.0
2015-08-10T17:51:25.000000Z,27.046875,27.015625,2.0
2015-08-10T17:51:45.000000Z,27.046875,27.015625,1.0
2015-08-10T17:52:05.000000Z,27.046875,27.015625,1.0
2015-08-10T17:52:45.000000Z,27.046875,27.015625,1.0
2015-08-10T17:53:30.000000Z,27.046875,27.015625,1.0
2015-08-10T17:53:50.000000Z,27.046875,27.015625,1.0
2015-08-10T17:54:10.000000Z,27.046875,27.015625,1.0
2015-08-10T17:54:50.000000Z,27.046875,27.015625,1.0
2015-08-10T17:55:10.000000Z,27.046875,27.015625,1.0
2015-08-10T17:55:30.000000Z,27.046875,27.015625,1.0
2015-08-10T17:55:40.000000Z,27.046875,27.015625,2.0
2015-08-10T17:55:45.000000Z,27.046875,27.015625,1.0
2015-08-10T17:56:20.000000Z,27.046875,27.015625,1.0
2015-08-10T17:56:40.000000Z,27.046875,27.015625,1.0
2015-08-10T17:57:05.000000Z,27.046875,27.015625,1.0
2015-08-10T17:57:25.000000Z,27.046875,27.015625,1.0
2015-08-10T17:57:45.000000Z,27.046875,27.015625,1.0
2015-08-10T17:58:45.000000Z,27.046875,27.015625,1.0
2015-08-10T17:59:05.000000Z,27.046875,27.015625,1.0
2015-08-10T17:59:25.000000Z,27.046875,27.015625,1.0
2015-08-10T17:59:45.000000Z,27.046875,27.015625,1.0
2015-08-10T18:00:10.000000Z,27.046875,27.015625,1.0
2015-08-10T18:00:50.000000Z,27.046875,27.015625,1.0
2015-08-10T18:03:15.000000Z,27.046875,27.015625,1.0
2015-08-10T18:03:35.000000Z,27.046875,27.015625,1.0
2015-08-10T18:03:55.000000Z,27.046875,27.015625,1.0
2015-08-10T18:04:15.000000Z,27.046875,27.015625,1.0
2015-08-10T18:05:00.000000Z,27.046875,27.015625,1.0
2015-08-10T18:05:20.000000Z,27.046875,27.015625,1.0
2015-08-10T18:05:30.000000Z,27.046875,27.015625,1.0
2015-08-10T18:05:40.000000Z,27.046875,27.015625,1.0
2015-08-10T18:06:05.000000Z,27.046875,27.015625,2.0
2015-08-10T18:06:10.000000Z,27.046875,27.015625,1.0
2015-08-10T18:06:45.000000Z,27.046875,27.015625,1.0
2015-08-10T18:07:05.000000Z,27.046875,27.015625,1.0
2015-08-10T18:07:25.000000Z,27.046875,27.015625,1.0
2015-08-10T18:08:40.000000Z,27.046875,27.015625,2.0
2015-08-10T18:08:45.000000Z,27.046875,27.015625,1.0
2015-08-10T18:09:20.000000Z,27.046875,27.015625,1.0
2015-08-10T18:09:40.000000Z,27.046875,27.015625,1.0
2015-08-10T18:10:00.000000Z,27.046875,27.015625,1.0
2015-08-10T18:10:20.000000Z,27.046875,27.015625,1.0
2015-08-10T18:10:40.000000Z,27.046875,27.015625,1.0
2015-08-10T18:11:20.000000Z,27.046875,27.015625,1.0
2015-08-10T18:11:45.000000Z,27.046875,27.015625,1.0
2015-08-10T18:12:25.000000Z,27.046875,27.015625,1.0
2015-08-10T18:12:45.000000Z,27.046875,27.015625,1.0
2015-08-10T18:13:20.000000Z,27.046875,27.015625,1.0
2015-08-10T18:13:25.000000Z,27.046875,27.015625,1.0
2015-08-10T18:13:30.000000Z,27.046875,27.015625,1.0
2015-08-10T18:14:00.000000Z,27.046875,27.015625,3.0
2015-08-10T18:14:20.000000Z,27.046875,27.015625,1.0
2015-08-10T18:14:40.000000Z,27.046875,27.015625,1.0
2015-08-10T18:14:55.000000Z,27.046875,27.015625,1.0
2015-08-10T18:15:00.000000Z,27.046875,27.015625,1.0
2015-08-10T18:15:15.000000Z,27.046875,27.015625,1.0
2015-08-10T18:15:35.000000Z,27.046875,27.015625,1.0
2015-08-10T18:16:15.000000Z,27.046875,27.015625,1.0
2015-08-10T18:16:35.000000Z,27.046875,27.015625,1.0
2015-08-10T18:16:55.000000Z,27.046875,27.015625,1.0
2015-08-10T18:17:15.000000Z,27.046875,27.015625,1.0
2015-08-10T18:17:40.000000Z,27.046875,27.015625,1.0
2015-08-10T18:18:00.000000Z,27.046875,27.015625,1.0
2015-08-10T18:18:20.000000Z,27.046875,27.015625,1.0
2015-08-10T18:18:40.000000Z,27.046875,27.015625,1.0
2015-08-10T18:19:00.000000Z,27.046875,27.015625,1.0
2015-08-10T18:20:00.000000Z,27.046875,27.015625,1.0
2015-08-10T18:20:20.000000Z,27.046875,27.015625,1.0
2015-08-10T18:20:40.000000Z,27.046875,27.015625,1.0
2015-08-10T18:21:45.000000Z,27.046875,27.015625,1.0
2015-08-10T18:22:05.000000Z,27.046875,27.015625,1.0
2015-08-10T18:22:45.000000Z,27.046875,27.015625,1.0
2015-08-10T18:24:50.000000Z,27.046875,27.015625,1.0
2015-08-10T18:26:15.000000Z,27.046875,27.015625,1.0
2015-08-10T18:26:55.000000Z,27.046875,27.015625,1.0
2015-08-10T18:28:15.000000Z,27.046875,27.015625,1.0
2015-08-10T18:28:40.000000Z,27.046875,27.015625,1.0
2015-08-10T18:28:55.000000Z,27.046875,27.015625,1.0
2015-08-10T18:29:00.000000Z,27.046875,27.015625,1.0
2015-08-10T18:30:00.000000Z,27.046875,27.015625,1.0
2015-08-10T18:30:20.000000Z,27.046875,27.015625,1.0
2015-08-10T18:30:40.000000Z,27.046875,27.015625,1.0
2015-08-10T18:31:00.000000Z,27.046875,27.015625,1.0
2015-08-10T18:31:45.000000Z,27.046875,27.015625,1.0
2015-08-10T18:32:05.000000Z,27.046875,27.015625,1.0
2015-08-10T18:32:25.000000Z,27.046875,27.015625,3.0
2015-08-10T18:32:30.000000Z,27.046875,27.015625,1.0
2015-08-10T18:32:35.000000Z,27.046875,27.015625,2.0
2015-08-10T18:32:40.000000Z,27.046875,27.015625,1.0
2015-08-10T18:32:55.000000Z,27.046875,27.015625,1.0
2015-08-10T18:33:20.000000Z,27.046875,27.015625,1.0
2015-08-10T18:36:00.000000Z,27.046875,27.015625,1.0
2015-08-10T18:36:25.000000Z,27.046875,27.015625,1.0
2015-08-10T18:37:05.000000Z,27.046875,27.015625,1.0
2015-08-10T18:37:45.000000Z,27.046875,27.015625,1.0
2015-08-10T18:38:10.000000Z,27.046875,27.015625,1.0
2015-08-10T18:39:30.000000Z,27.046875,27.015625,1.0
2015-08-10T18:40:10.000000Z,27.046875,27.015625,1.0
2015-08-10T18:40:30.000000Z,27.046875,27.015625,1.0
2015-08-10T18:40:50.000000Z,27.046875,27.015625,1.0
2015-08-10T18:41:15.000000Z,27.046875,27.015625,1.0
2015-08-10T18:42:55.000000Z,27.046875,27.015625,1.0
2015-08-10T18:43:40.000000Z,27.046875,27.015625,1.0
2015-08-10T18:44:20.000000Z,27.046875,27.015625,1.0
2015-08-10T18:44:30.000000Z,27.046875,27.015625,2.0
2015-08-10T18:44:35.000000Z,27.046875,27.015625,1.0
2015-08-10T18:44:40.000000Z,27.046875,27.015625,1.0
2015-08-10T18:45:25.000000Z,27.046875,27.015625,1.0
2015-08-10T18:45:45.000000Z,27.046875,27.015625,1.0
2015-08-10T18:47:05.000000Z,27.046875,27.015625,1.0
2015-08-10T18:49:15.000000Z,27.046875,27.015625,1.0
2015-08-10T18:49:55.000000Z,27.046875,27.015625,1.0
2015-08-10T18:52:00.000000Z,27.046875,27.015625,1.0
2015-08-10T18:54:15.000000Z,27.046875,27.015625,4.0
2015-08-10T18:54:20.000000Z,27.046875,27.015625,1.0
2015-08-10T18:54:25.000000Z,27.046875,27.015625,2.0
2015-08-10T18:54:30.000000Z,27.046875,27.015625,1.0
2015-08-10T18:54:45.000000Z,27.046875,27.015625,1.0
2015-08-10T18:55:05.000000Z,27.046875,27.015625,1.0
2015-08-10T18:55:15.000000Z,27.046875,27.015625,2.0
2015-08-10T18:55:25.000000Z,27.046875,27.015625,1.0
2015-08-10T18:55:55.000000Z,27.046875,27.015625,1.0
2015-08-10T18:56:15.000000Z,27.046875,27.015625,1.0
2015-08-10T18:56:35.000000Z,27.046875,27.015625,1.0
2015-08-10T18:57:00.000000Z,27.046875,27.015625,1.0
2015-08-10T18:57:20.000000Z,27.046875,27.015625,1.0
2015-08-10T18:58:00.000000Z,27.046875,27.015625,1.0
2015-08-10T18:58:30.000000Z,27.046875,27.015625,1.0
2015-08-10T18:58:35.000000Z,27.046875,27.015625,1.0
2015-08-10T18:58:50.000000Z,27.046875,27.015625,2.0
2015-08-10T18:59:00.000000Z,27.046875,27.015625,2.0
2015-08-10T18:59:10.000000Z,27.046875,27.015625,1.0
2015-08-10T18:59:45.000000Z,27.046875,27.015625,3.0
2015-08-10T18:59:50.000000Z,27.046875,27.015625,1.0
2015-08-10T18:59:55.000000Z,27.046875,27.015625,1.0
2015-08-10T19:00:00.000000Z,27.046875,27.015625,1.0
2015-08-10T19:00:05.000000Z,27.046875,27.015625,1.0
2015-08-10T19:00:10.000000Z,27.046875,27.015625,1.0
2015-08-10T19:00:45.000000Z,27.046875,27.015625,1.0
2015-08-10T19:01:05.000000Z,27.046875,27.015625,1.0
2015-08-10T19:01:25.000000Z,27.046875,27.015625,1.0
2015-08-10T19:01:40.000000Z,27.046875,27.015625,3.0
2015-08-10T19:01:45.000000Z,27.046875,27.015625,2.0
2015-08-10T19:02:05.000000Z,27.046875,27.015625,1.0
2015-08-10T19:03:50.000000Z,27.046875,27.015625,1.0
2015-08-10T19:04:30.000000Z,27.046875,27.015625,1.0
2015-08-10T19:04:55.000000Z,27.046875,27.015625,1.0
2015-08-10T19:05:35.000000Z,27.046875,27.015625,1.0
2015-08-10T19:06:15.000000Z,27.046875,27.015625,1.0
2015-08-10T19:07:00.000000Z,27.046875,27.015625,1.0
2015-08-10T19:08:40.000000Z,27.046875,27.015625,1.0
2015-08-10T19:09:45.000000Z,27.046875,27.015625,2.0
2015-08-10T19:09:55.000000Z,27.046875,27.015625,1.0
2015-08-10T19:10:25.000000Z,27.046875,27.015625,1.0
2015-08-10T19:11:05.000000Z,27.046875,27.015625,1.0
2015-08-10T19:12:50.000000Z,27.046875,27.015625,1.0
2015-08-10T19:14:15.000000Z,27.046875,27.015625,1.0
2015-08-10T19:15:15.000000Z,27.046875,27.015625,1.0
2015-08-10T19:15:35.000000Z,27.046875,27.015625,1.0
2015-08-10T19:15:55.000000Z,27.046875,27.015625,1.0
2015-08-10T19:16:15.000000Z,27.046875,27.015625,1.0
2015-08-10T19:16:40.000000Z,27.046875,27.015625,1.0
2015-08-10T19:17:20.000000Z,27.046875,27.015625,1.0
2015-08-10T19:18:00.000000Z,27.046875,27.015625,1.0
2015-08-10T19:18:20.000000Z,27.046875,27.015625,1.0
2015-08-10T19:18:45.000000Z,27.046875,27.015625,1.0
2015-08-10T19:19:25.000000Z,27.046875,27.015625,1.0
2015-08-10T19:24:15.000000Z,27.046875,27.015625,1.0
2015-08-10T19:24:55.000000Z,27.046875,27.015625,1.0
2015-08-10T19:25:15.000000Z,27.046875,27.015625,1.0
2015-08-10T19:26:00.000000Z,27.046875,27.015625,1.0
2015-08-10T19:30:10.000000Z,27.046875,27.015625,1.0
2015-08-10T19:30:50.000000Z,27.046875,27.015625,1.0
2015-08-10T19:31:10.000000Z,27.046875,27.015625,1.0
2015-08-10T19:32:15.000000Z,27.046875,27.015625,1.0
2015-08-10T19:32:55.000000Z,27.046875,27.015625,1.0
2015-08-10T19:33:15.000000Z,27.046875,27.015625,1.0
2015-08-10T19:34:20.000000Z,27.046875,27.015625,1.0
2015-08-10T19:35:20.000000Z,27.046875,27.015625,1.0
2015-08-10T19:35:40.000000Z,27.046875,27.015625,1.0
2015-08-10T19:37:05.000000Z,27.046875,27.015625,1.0
2015-08-10T19:37:25.000000Z,27.046875,27.015625,1.0
2015-08-10T19:37:45.000000Z,27.046875,27.015625,1.0
2015-08-10T19:38:10.000000Z,27.046875,27.015625,1.0
2015-08-10T19:39:10.000000Z,27.046875,27.015625,1.0
2015-08-10T19:39:30.000000Z,27.046875,27.015625,1.0
2015-08-10T19:39:50.000000Z,27.046875,27.015625,1.0
2015-08-10T19:41:35.000000Z,27.046875,27.015625,1.0
2015-08-10T19:43:00.000000Z,27.046875,27.015625,1.0
2015-08-10T19:43:40.000000Z,27.046875,27.015625,1.0
2015-08-10T19:44:00.000000Z,27.046875,27.015625,1.0
2015-08-10T19:44:25.000000Z,27.046875,27.015625,1.0
2015-08-10T19:45:05.000000Z,27.046875,27.015625,1.0
2015-08-10T19:45:25.000000Z,27.046875,27.015625,1.0
2015-08-10T19:47:30.000000Z,27.046875,27.015625,1.0
2015-08-10T19:48:55.000000Z,27.046875,27.015625,1.0
2015-08-10T19:50:00.000000Z,27.046875,27.015625,1.0
2015-08-10T19:50:20.000000Z,27.046875,27.015625,1.0
2015-08-10T19:51:00.000000Z,27.046875,27.015625,1.0
2015-08-10T19:51:40.000000Z,27.046875,27.015625,1.0
2015-08-10T19:54:10.000000Z,27.046875,27.015625,1.0
2015-08-10T19:55:10.000000Z,27.046875,27.015625,1.0
2015-08-10T19:55:30.000000Z,27.046875,27.015625,1.0
2015-08-10T19:56:35.000000Z,27.046875,27.015625,1.0
2015-08-10T19:56:55.000000Z,27.046875,27.015625,1.0
2015-08-10T19:57:30.000000Z,27.046875,27.015625,2.0
2015-08-10T19:57:40.000000Z,27.046875,27.015625,1.0
2015-08-10T19:57:50.000000Z,27.046875,27.015625,4.0
2015-08-10T19:57:55.000000Z,27.046875,27.015625,1.0
2015-08-10T19:58:10.000000Z,27.046875,27.015625,3.0
2015-08-10T19:58:15.000000Z,27.046875,27.015625,1.0
2015-08-10T19:58:50.000000Z,27.046875,27.015625,2.0
2015-08-10T19:59:00.000000Z,27.046875,27.015625,4.0
2015-08-10T19:59:15.000000Z,27.046875,27.015625,1.0
2015-08-10T19:59:20.000000Z,27.046875,27.015625,1.0
2015-08-10T19:59:25.000000Z,27.046875,27.015625,1.0
2015-08-10T19:59:30.000000Z,27.046875,27.015625,3.0
2015-08-10T19:59:40.000000Z,27.046875,27.015625,4.0
2015-08-10T20:00:00.000000Z,27.046875,27.015625,1.0
2015-08-10T20:00:10.000000Z,27.046875,27.015625,3.0
2015-08-10T20:00:20.000000Z,27.046875,27.015625,3.0
2015-08-10T20:00:50.000000Z,27.046875,27.015625,3.0
2015-08-10T20:01:00.000000Z,27.046875,27.015625,3.0
2015-08-10T20:01:05.000000Z,27.046875,27.015625,1.0
2015-08-10T20:01:25.000000Z,27.046875,27.015625,1.0
2015-08-10T20:01:40.000000Z,27.046875,27.015625,2.0
2015-08-10T20:01:45.000000Z,27.046875,27.015625,2.0
2015-08-10T20:01:50.000000Z,27.046875,27.015625,2.0
2015-08-10T20:01:55.000000Z,27.046875,27.015625,1.0
2015-08-10T20:02:25.000000Z,27.046875,27.015625,1.0
2015-08-10T20:02:35.000000Z,27.046875,27.015625,3.0
2015-08-10T20:02:45.000000Z,27.046875,27.015625,3.0
2015-08-10T20:03:10.000000Z,27.046875,27.015625,1.0
2015-08-10T20:03:25.000000Z,27.046875,27.015625,3.0
2015-08-10T20:03:35.000000Z,27.046875,27.015625,3.0
2015-08-10T20:04:15.000000Z,27.046875,27.015625,2.0
2015-08-10T20:04:20.000000Z,27.046875,27.015625,1.0
2015-08-10T20:04:25.000000Z,27.046875,27.015625,2.0
2015-08-10T20:04:30.000000Z,27.046875,27.015625,1.0
2015-08-10T20:04:35.000000Z,27.046875,27.015625,1.0
2015-08-10T20:04:55.000000Z,27.046875,27.015625,1.0
2015-08-10T20:05:05.000000Z,27.046875,27.015625,1.0
2015-08-10T20:05:10.000000Z,27.046875,27.015625,2.0
2015-08-10T20:05:15.000000Z,27.046875,27.015625,1.0
2015-08-10T20:05:55.000000Z,27.046875,27.015625,1.0
2015-08-10T20:06:15.000000Z,27.046875,27.015625,1.0
2015-08-10T20:08:00.000000Z,27.046875,27.015625,1.0
2015-08-10T20:09:45.000000Z,27.046875,27.015625,1.0
2015-08-10T20:10:50.000000Z,27.046875,27.015625,1.0
2015-08-10T20:11:10.000000Z,27.046875,27.015625,1.0
2015-08-10T20:11:30.000000Z,27.046875,27.015625,1.0
2015-08-10T20:12:30.000000Z,27.046875,27.015625,1.0
2015-08-10T20:12:55.000000Z,27.046875,27.015625,1.0
2015-08-10T20:13:15.000000Z,27.046875,27.015625,1.0
2015-08-10T20:19:50.000000Z,27.046875,27.015625,1.0
2015-08-10T20:20:10.000000Z,27.046875,27.015625,1.0
2015-08-10T20:21:55.000000Z,27.046875,27.015625,1.0
2015-08-10T20:23:50.000000Z,27.046875,27.015625,1.0
2015-08-10T20:24:55.000000Z,27.046875,27.015625,1.0
2015-08-10T20:25:15.000000Z,27.046875,27.015625,1.0
2015-08-10T20:27:20.000000Z,27.046875,27.015625,1.0
2015-08-10T20:27:40.000000Z,27.046875,27.015625,1.0
2015-08-10T20:29:05.000000Z,27.046875,27.015625,1.0
2015-08-10T20:29:30.000000Z,27.046875,27.015625,8.0
2015-08-10T20:29:35.000000Z,27.046875,27.015625,2.0
2015-08-10T20:29:45.000000Z,27.046875,27.015625,1.0
2015-08-10T20:30:00.000000Z,27.046875,27.015625,1.0
2015-08-10T20:30:20.000000Z,27.046875,27.015625,1.0
2015-08-10T20:32:05.000000Z,27.046875,27.015625,1.0
2015-08-10T20:32:35.000000Z,27.046875,27.015625,2.0
2015-08-10T20:33:25.000000Z,27.046875,27.015625,1.0
2015-08-10T20:33:45.000000Z,27.046875,27.015625,1.0
2015-08-10T20:34:50.000000Z,27.046875,27.015625,1.0
2015-08-10T20:35:10.000000Z,27.046875,27.015625,1.0
2015-08-10T20:35:30.000000Z,27.046875,27.015625,1.0
2015-08-10T20:35:45.000000Z,27.046875,27.015625,4.0
2015-08-10T20:36:10.000000Z,27.046875,27.015625,1.0
2015-08-10T20:36:35.000000Z,27.046875,27.015625,1.0
2015-08-10T20:36:55.000000Z,27.046875,27.015625,1.0
2015-08-10T20:37:15.000000Z,27.046875,27.015625,1.0
2015-08-10T20:38:40.000000Z,27.046875,27.015625,1.0
2015-08-10T20:39:00.000000Z,27.046875,27.015625,2.0
2015-08-10T20:39:40.000000Z,27.046875,27.015625,1.0
2015-08-10T20:42:10.000000Z,27.046875,27.015625,1.0
2015-08-10T20:42:30.000000Z,27.046875,27.015625,2.0
2015-08-10T20:42:50.000000Z,27.046875,27.015625,1.0
2015-08-10T20:44:15.000000Z,27.046875,27.015625,1.0
2015-08-10T20:44:35.000000Z,27.046875,27.015625,1.0
2015-08-10T20:44:55.000000Z,27.046875,27.015625,1.0
2015-08-10T20:45:35.000000Z,27.046875,27.015625,1.0
2015-08-10T20:45:55.000000Z,27.046875,27.015625,1.0
2015-08-10T20:46:35.000000Z,27.046875,27.015625,1.0
2015-08-10T20:47:20.000000Z,27.046875,27.015625,1.0
2015-08-10T20:48:10.000000Z,27.046875,27.015625,2.0
2015-08-10T20:48:20.000000Z,27.046875,27.015625,1.0
2015-08-10T20:49:50.000000Z,27.046875,27.015625,1.0
2015-08-10T20:50:00.000000Z,27.046875,27.015625,1.0
2015-08-10T20:50:10.000000Z,27.046875,27.015625,1.0
2015-08-10T20:50:20.000000Z,27.046875,27.015625,1.0
2015-08-10T20:52:30.000000Z,27.046875,27.015625,1.0
2015-08-10T20:52:50.000000Z,27.046875,27.015625,1.0
2015-08-10T20:53:30.000000Z,27.046875,27.015625,1.0
2015-08-10T20:55:00.000000Z,27.046875,27.0,1.0
2015-08-10T20:55:35.000000Z,27.046875,27.0,1.0
2015-08-10T20:56:00.000000Z,27.046875,27.0,1.0
2015-08-10T20:56:10.000000Z,27.046875,27.0,1.0
2015-08-10T20:57:10.000000Z,27.046875,27.0,1.0
2015-08-10T20:57:30.000000Z,27.046875,27.0,2.0
2015-08-10T20:58:10.000000Z,27.046875,27.0,2.0
2015-08-10T20:58:15.000000Z,27.046875,27.0,1.0
2015-08-10T20:59:40.000000Z,27.046875,27.0,1.0
2015-08-10T21:01:30.000000Z,27.046875,27.015625,1.0
2015-08-10T21:01:35.000000Z,27.046875,27.015625,1.0
2015-08-10T21:03:15.000000Z,27.046875,27.015625,4.0
2015-08-10T21:03:25.000000Z,27.046875,27.015625,2.0
2015-08-10T21:03:45.000000Z,27.046875,27.015625,1.0
2015-08-10T21:04:10.000000Z,27.046875,27.015625,1.0
2015-08-10T21:04:50.000000Z,27.046875,27.015625,1.0
2015-08-10T21:05:10.000000Z,27.046875,27.015625,1.0
2015-08-10T21:05:30.000000Z,27.046875,27.015625,1.0
2015-08-10T21:05:55.000000Z,27.046875,27.015625,1.0
2015-08-10T21:06:35.000000Z,27.046875,27.015625,2.0
2015-08-10T21:06:55.000000Z,27.046875,27.015625,1.0
2015-08-10T21:08:20.000000Z,27.046875,27.015625,1.0
2015-08-10T21:13:30.000000Z,27.046875,27.015625,1.0
2015-08-10T21:15:15.000000Z,27.046875,27.015625,1.0
2015-08-10T21:16:15.000000Z,27.046875,27.015625,1.0
2015-08-10T21:17:00.000000Z,27.046875,27.015625,2.0
2015-08-10T21:17:10.000000Z,27.046875,27.015625,1.0
2015-08-10T21:17:15.000000Z,27.046875,27.015625,1.0
2015-08-10T21:18:20.000000Z,27.046875,27.015625,1.0
2015-08-10T21:18:40.000000Z,27.046875,27.015625,1.0
2015-08-10T21:19:00.000000Z,27.046875,27.015625,1.0
2015-08-10T21:19:20.000000Z,27.046875,27.015625,1.0
2015-08-10T21:19:45.000000Z,27.046875,27.015625,1.0
2015-08-10T21:21:05.000000Z,27.046875,27.015625,1.0
2015-08-10T21:23:30.000000Z,27.046875,27.015625,1.0
2015-08-10T21:26:00.000000Z,27.046875,27.015625,1.0
2015-08-10T21:26:20.000000Z,27.046875,27.015625,1.0
2015-08-10T21:26:40.000000Z,27.046875,27.015625,1.0
2015-08-10T21:27:20.000000Z,27.046875,27.015625,1.0
2015-08-10T21:28:25.000000Z,27.046875,27.015625,1.0
2015-08-10T21:28:45.000000Z,27.046875,27.015625,3.0
2015-08-10T21:30:05.000000Z,27.046875,27.015625,1.0
2015-08-10T21:30:25.000000Z,27.046875,27.015625,1.0
2015-08-10T21:30:45.000000Z,27.046875,27.015625,1.0
2015-08-10T21:31:30.000000Z,27.046875,27.015625,1.0
2015-08-10T21:33:15.000000Z,27.046875,27.015625,1.0
2015-08-10T21:33:35.000000Z,27.046875,27.015625,1.0
2015-08-10T21:33:55.000000Z,27.046875,27.015625,1.0
2015-08-10T21:34:35.000000Z,27.046875,27.015625,1.0
2015-08-10T21:34:50.000000Z,27.046875,27.015625,2.0
2015-08-10T21:35:10.000000Z,27.046875,27.015625,1.0
2015-08-10T21:35:30.000000Z,27.046875,27.015625,1.0
2015-08-10T21:35:50.000000Z,27.046875,27.015625,1.0
2015-08-10T21:36:35.000000Z,27.046875,27.015625,1.0
2015-08-10T21:36:55.000000Z,27.046875,27.015625,1.0
2015-08-10T21:37:35.000000Z,27.046875,27.015625,1.0
2015-08-10T21:39:00.000000Z,27.046875,27.015625,1.0
2015-08-10T21:39:20.000000Z,27.046875,27.015625,1.0
2015-08-10T21:42:25.000000Z,27.046875,27.015625,1.0
2015-08-10T21:43:10.000000Z,27.046875,27.015625,1.0
2015-08-10T21:43:50.000000Z,27.046875,27.015625,1.0
2015-08-10T21:44:10.000000Z,27.046875,27.015625,1.0
2015-08-10T21:44:30.000000Z,27.046875,27.015625,1.0
2015-08-10T21:45:15.000000Z,27.046875,27.015625,1.0
2015-08-10T21:45:55.000000Z,27.046875,27.015625,1.0
2015-08-10T21:46:00.000000Z,27.046875,27.0,3.0
2015-08-10T21:46:15.000000Z,27.046875,27.0,1.0
2015-08-10T21:46:20.000000Z,27.046875,27.0,1.0
2015-08-10T21:46:35.000000Z,27.046875,27.0,1.0
2015-08-10T21:47:40.000000Z,27.046875,27.0,1.0
2015-08-10T21:48:20.000000Z,27.046875,27.0,1.0
2015-08-10T21:48:45.000000Z,27.046875,27.0,1.0
2015-08-10T21:49:05.000000Z,27.046875,27.0,1.0
2015-08-10T21:49:25.000000Z,27.046875,27.0,1.0
2015-08-10T21:49:45.000000Z,27.046875,27.0,1.0
2015-08-10T21:50:05.000000Z,27.046875,27.0,1.0
2015-08-10T21:50:50.000000Z,27.046875,27.0,1.0
2015-08-10T21:51:10.000000Z,27.046875,27.0,1.0
2015-08-10T21:51:30.000000Z,27.046875,27.0,1.0
2015-08-10T21:51:50.000000Z,27.046875,27.0,1.0
2015-08-10T21:52:10.000000Z,27.046875,27.0,1.0
2015-08-10T21:52:30.000000Z,27.046875,27.0,1.0
2015-08-10T21:53:15.000000Z,27.046875,27.0,1.0
2015-08-10T21:53:35.000000Z,27.046875,27.0,1.0
2015-08-10T21:53:55.000000Z,27.046875,27.0,1.0
2015-08-10T21:54:35.000000Z,27.046875,27.0,1.0
2015-08-10T21:57:20.000000Z,27.046875,27.0,1.0
2015-08-10T21:58:25.000000Z,27.046875,27.0,1.0
2015-08-10T21:59:00.000000Z,27.046875,27.015625,1.0
2015-08-10T21:59:55.000000Z,27.046875,27.015625,1.0
2015-08-10T22:00:00.000000Z,27.046875,27.0,3.0
2015-08-10T22:00:05.000000Z,27.046875,27.0,1.0
2015-08-10T22:00:15.000000Z,27.046875,27.0,1.0
2015-08-10T22:00:20.000000Z,27.046875,27.0,1.0
2015-08-10T22:00:25.000000Z,27.046875,27.0,1.0
2015-08-10T22:00:35.000000Z,27.046875,27.0,3.0
2015-08-10T22:00:40.000000Z,27.046875,27.0,4.0
2015-08-10T22:00:55.000000Z,27.046875,27.0,1.0
2015-08-10T22:01:00.000000Z,27.046875,27.0,1.0
2015-08-10T22:01:05.000000Z,27.046875,27.015625,1.0
2015-08-10T22:02:20.000000Z,27.046875,27.015625,1.0
2015-08-10T22:03:00.000000Z,27.046875,27.015625,1.0
2015-08-10T22:06:05.000000Z,27.046875,27.015625,1.0
2015-08-10T22:06:10.000000Z,27.046875,27.015625,1.0
2015-08-10T22:06:30.000000Z,27.046875,27.015625,1.0
2015-08-10T22:06:35.000000Z,27.046875,27.015625,1.0
2015-08-10T22:06:50.000000Z,27.046875,27.015625,1.0
2015-08-10T22:07:10.000000Z,27.046875,27.015625,1.0
2015-08-10T22:07:30.000000Z,27.046875,27.015625,1.0
2015-08-10T22:07:50.000000Z,27.046875,27.015625,1.0
2015-08-10T22:10:35.000000Z,27.046875,27.015625,1.0
2015-08-10T22:11:00.000000Z,27.046875,27.015625,1.0
2015-08-10T22:12:25.000000Z,27.046875,27.0,2.0
2015-08-10T22:13:05.000000Z,27.046875,27.0,1.0
2015-08-10T22:13:20.000000Z,27.046875,27.0,1.0
2015-08-10T22:13:25.000000Z,27.046875,27.015625,8.0
2015-08-10T22:13:35.000000Z,27.046875,27.015625,1.0
2015-08-10T22:13:45.000000Z,27.046875,27.015625,1.0
2015-08-10T22:14:05.000000Z,27.046875,27.015625,1.0
2015-08-10T22:20:40.000000Z,27.046875,27.015625,1.0
2015-08-10T22:21:00.000000Z,27.046875,27.015625,1.0
2015-08-10T22:28:15.000000Z,27.046875,27.015625,1.0
2015-08-10T22:28:35.000000Z,27.046875,27.015625,1.0
2015-08-10T22:33:50.000000Z,27.046875,27.015625,1.0
2015-08-10T22:38:25.000000Z,27.046875,27.015625,1.0
2015-08-10T22:40:50.000000Z,27.046875,27.015625,1.0
2015-08-10T22:43:35.000000Z,27.046875,27.015625,1.0
2015-08-10T22:45:00.000000Z,27.046875,27.015625,1.0
2015-08-10T22:55:40.000000Z,27.046875,27.015625,1.0
2015-08-10T22:56:45.000000Z,27.046875,27.015625,1.0
2015-08-10T23:00:15.000000Z,27.046875,27.015625,1.0
2015-08-10T23:02:00.000000Z,27.046875,27.015625,1.0
2015-08-10T23:02:20.000000Z,27.046875,27.015625,1.0
2015-08-10T23:02:40.000000Z,27.046875,27.015625,1.0
2015-08-10T23:03:20.000000Z,27.046875,27.015625,1.0
2015-08-10T23:05:05.000000Z,27.046875,27.015625,1.0
2015-08-10T23:15:10.000000Z,27.046875,27.015625,1.0
2015-08-10T23:15:35.000000Z,27.046875,27.015625,1.0
2015-08-10T23:16:35.000000Z,27.046875,27.015625,1.0
2015-08-10T23:17:15.000000Z,27.046875,27.015625,1.0
2015-08-10T23:18:20.000000Z,27.046875,27.015625,1.0
2015-08-10T23:19:40.000000Z,27.046875,27.015625,1.0
2015-08-10T23:26:15.000000Z,27.046875,27.015625,1.0
2015-08-10T23:27:00.000000Z,27.046875,27.015625,1.0
2015-08-10T23:28:25.000000Z,27.046875,27.015625,1.0
2015-08-10T23:34:15.000000Z,27.046875,27.015625,1.0
2015-08-10T23:34:35.000000Z,27.046875,27.015625,1.0
2015-08-10T23:35:05.000000Z,27.046875,27.015625,1.0
2015-08-10T23:35:20.000000Z,27.046875,27.015625,1.0
2015-08-10T23:35:40.000000Z,27.046875,27.015625,1.0
2015-08-10T23:36:00.000000Z,27.046875,27.015625,1.0
2015-08-10T23:37:25.000000Z,27.046875,27.015625,1.0
2015-08-10T23:39:10.000000Z,27.046875,27.015625,2.0
2015-08-10T23:39:30.000000Z,27.046875,27.015625,1.0
2015-08-10T23:40:35.000000Z,27.046875,27.015625,1.0
2015-08-10T23:41:35.000000Z,27.046875,27.015625,1.0
2015-08-10T23:43:00.000000Z,27.046875,27.015625,1.0
2015-08-10T23:44:20.000000Z,27.046875,27.015625,1.0
2015-08-10T23:44:25.000000Z,27.046875,27.015625,1.0
2015-08-10T23:45:00.000000Z,27.046875,27.015625,1.0
2015-08-10T23:45:25.000000Z,27.046875,27.015625,1.0
2015-08-10T23:45:45.000000Z,27.046875,27.015625,1.0
2015-08-10T23:50:30.000000Z,27.046875,27.015625,1.0
2015-08-10T23:51:35.000000Z,27.046875,27.015625,1.0
2015-08-10T23:54:20.000000Z,27.046875,27.015625,1.0
2015-08-10T23:55:00.000000Z,27.046875,27.015625,1.0
2015-08-10T23:56:05.000000Z,27.046875,27.015625,1.0
2015-08-10T23:56:10.000000Z,27.046875,27.015625,3.0
2015-08-10T23:56:15.000000Z,27.046875,27.015625,2.0
2015-08-10T23:56:20.000000Z,27.046875,27.015625,3.0
2015-08-10T23:56:25.000000Z,27.046875,27.015625,3.0
2015-08-10T23:56:30.000000Z,27.046875,27.015625,2.0
2015-08-10T23:56:35.000000Z,27.046875,27.015625,2.0
2015-08-10T23:56:40.000000Z,27.046875,27.015625,2.0
2015-08-10T23:56:45.000000Z,27.046875,27.015625,1.0
2015-08-10T23:56:50.000000Z,27.046875,27.015625,3.0
2015-08-10T23:57:05.000000Z,27.046875,27.015625,3.0
2015-08-10T23:57:30.000000Z,27.046875,27.015625,1.0
2015-08-10T23:57:55.000000Z,27.046875,27.015625,4.0
2015-08-10T23:59:30.000000Z,27.046875,27.015625,1.0
2015-08-11T00:01:00.000000Z,27.046875,27.015625,1.0
2015-08-11T00:01:20.000000Z,27.046875,27.015625,1.0
2015-08-11T00:01:40.000000Z,27.046875,27.015625,1.0
2015-08-11T00:02:20.000000Z,27.046875,27.015625,1.0
2015-08-11T00:02:40.000000Z,27.046875,27.015625,1.0
2015-08-11T00:03:05.000000Z,27.046875,27.015625,1.0
2015-08-11T00:03:25.000000Z,27.046875,27.015625,1.0
2015-08-11T00:04:45.000000Z,27.046875,27.015625,1.0
2015-08-11T00:05:05.000000Z,27.046875,27.015625,2.0
2015-08-11T00:05:10.000000Z,27.046875,27.015625,1.0
2015-08-11T00:06:10.000000Z,27.046875,27.015625,1.0
2015-08-11T00:07:15.000000Z,27.046875,27.015625,1.0
2015-08-11T00:07:35.000000Z,27.046875,27.015625,1.0
2015-08-11T00:08:35.000000Z,27.046875,27.015625,1.0
2015-08-11T00:09:00.000000Z,27.046875,27.015625,1.0
2015-08-11T00:09:20.000000Z,27.046875,27.015625,1.0
2015-08-11T00:10:00.000000Z,27.046875,27.015625,1.0
2015-08-11T00:10:20.000000Z,27.046875,27.015625,1.0
2015-08-11T00:11:20.000000Z,27.046875,27.015625,1.0
2015-08-11T00:12:25.000000Z,27.046875,27.015625,1.0
2015-08-11T00:12:45.000000Z,27.046875,27.015625,1.0
2015-08-11T00:13:05.000000Z,27.046875,27.015625,1.0
2015-08-11T00:13:25.000000Z,27.046875,27.015625,1.0
2015-08-11T00:13:45.000000Z,27.046875,27.015625,1.0
2015-08-11T00:15:10.000000Z,27.046875,27.015625,1.0
2015-08-11T00:15:30.000000Z,27.046875,27.015625,1.0
2015-08-11T00:15:55.000000Z,27.046875,27.015625,1.0
2015-08-11T00:16:15.000000Z,27.046875,27.015625,1.0
2015-08-11T00:17:40.000000Z,27.046875,27.015625,1.0
2015-08-11T00:18:00.000000Z,27.046875,27.015625,1.0
2015-08-11T00:18:20.000000Z,27.046875,27.015625,1.0
2015-08-11T00:21:50.000000Z,27.046875,27.015625,1.0
2015-08-11T00:22:30.000000Z,27.046875,27.015625,1.0
2015-08-11T00:22:50.000000Z,27.046875,27.015625,1.0
2015-08-11T00:23:10.000000Z,27.046875,27.015625,1.0
2015-08-11T00:23:30.000000Z,27.046875,27.015625,1.0
2015-08-11T00:24:15.000000Z,27.046875,27.015625,1.0
2015-08-11T00:24:35.000000Z,27.046875,27.015625,1.0
2015-08-11T00:24:55.000000Z,27.046875,27.015625,1.0
2015-08-11T00:25:00.000000Z,27.046875,27.0,8.0
2015-08-11T00:25:10.000000Z,27.046875,27.0,1.0
2015-08-11T00:25:40.000000Z,27.046875,27.0,1.0
2015-08-11T00:26:00.000000Z,27.046875,27.0,1.0
2015-08-11T00:26:40.000000Z,27.046875,27.015625,11.0
2015-08-11T00:26:45.000000Z,27.046875,27.0,1.0
2015-08-11T00:27:00.000000Z,27.046875,27.0,1.0
2015-08-11T00:27:05.000000Z,27.046875,27.0,1.0
2015-08-11T00:27:40.000000Z,27.046875,27.0,1.0
2015-08-11T00:28:40.000000Z,27.046875,27.015625,7.0
2015-08-11T00:28:50.000000Z,27.046875,27.015625,1.0
2015-08-11T00:29:00.000000Z,27.046875,27.015625,1.0
2015-08-11T00:29:20.000000Z,27.046875,27.015625,1.0
2015-08-11T00:30:20.000000Z,27.046875,27.015625,1.0
2015-08-11T00:31:00.000000Z,27.046875,27.015625,6.0
2015-08-11T00:31:05.000000Z,27.046875,27.0,19.0
2015-08-11T00:31:10.000000Z,27.046875,27.0,10.0
2015-08-11T00:31:15.000000Z,27.046875,27.0,1.0
2015-08-11T00:31:30.000000Z,27.046875,27.0,1.0
2015-08-11T00:31:40.000000Z,27.046875,27.0,18.0
2015-08-11T00:31:50.000000Z,27.046875,27.0,1.0
2015-08-11T00:32:00.000000Z,27.046875,27.0,1.0
2015-08-11T00:32:40.000000Z,27.046875,27.0,1.0
2015-08-11T00:33:45.000000Z,27.046875,27.0,1.0
2015-08-11T00:33:55.000000Z,27.046875,27.0,8.0
2015-08-11T00:34:00.000000Z,27.046875,27.0,5.0
2015-08-11T00:34:05.000000Z,27.046875,27.0,9.0
2015-08-11T00:34:10.000000Z,27.046875,27.015625,5.0
2015-08-11T00:34:15.000000Z,27.046875,27.0,5.0
2015-08-11T00:34:20.000000Z,27.046875,27.0,3.0
2015-08-11T00:34:30.000000Z,27.046875,27.0,1.0
2015-08-11T00:34:35.000000Z,27.046875,27.0,1.0
2015-08-11T00:34:55.000000Z,27.046875,27.0,1.0
2015-08-11T00:35:10.000000Z,27.046875,27.0,11.0
2015-08-11T00:35:15.000000Z,27.046875,27.0,3.0
2015-08-11T00:35:25.000000Z,27.046875,27.0,1.0
2015-08-11T00:35:30.000000Z,27.046875,27.0,1.0
2015-08-11T00:35:35.000000Z,27.046875,27.0,1.0
2015-08-11T00:36:15.000000Z,27.046875,27.0,9.0
2015-08-11T00:36:20.000000Z,27.046875,27.0,1.0
2015-08-11T00:36:25.000000Z,27.046875,27.015625,10.0
2015-08-11T00:36:35.000000Z,27.046875,27.015625,1.0
2015-08-11T00:36:45.000000Z,27.046875,27.015625,2.0
2015-08-11T00:36:55.000000Z,27.046875,27.015625,1.0
2015-08-11T00:37:05.000000Z,27.046875,27.015625,1.0
2015-08-11T00:37:45.000000Z,27.046875,27.015625,1.0
2015-08-11T00:39:25.000000Z,27.046875,27.015625,1.0
2015-08-11T00:41:55.000000Z,27.046875,27.015625,8.0
2015-08-11T00:42:15.000000Z,27.046875,27.015625,1.0
2015-08-11T00:42:35.000000Z,27.046875,27.015625,1.0
2015-08-11T00:42:55.000000Z,27.046875,27.015625,3.0
2015-08-11T00:43:00.000000Z,27.046875,27.015625,1.0
2015-08-11T00:44:20.000000Z,27.046875,27.015625,1.0
2015-08-11T00:45:00.000000Z,27.046875,27.015625,1.0
2015-08-11T00:46:05.000000Z,27.046875,27.015625,1.0
2015-08-11T00:47:05.000000Z,27.046875,27.015625,1.0
2015-08-11T00:47:50.000000Z,27.046875,27.015625,1.0
2015-08-11T00:48:30.000000Z,27.046875,27.015625,1.0
2015-08-11T00:48:50.000000Z,27.046875,27.015625,1.0
2015-08-11T00:49:35.000000Z,27.046875,27.015625,1.0
2015-08-11T00:50:30.000000Z,27.046875,27.015625,2.0
2015-08-11T00:50:40.000000Z,27.046875,27.015625,1.0
2015-08-11T00:51:35.000000Z,27.046875,27.015625,1.0
2015-08-11T00:52:10.000000Z,27.046875,27.015625,1.0
2015-08-11T00:52:20.000000Z,27.046875,27.015625,1.0
2015-08-11T00:52:40.000000Z,27.046875,27.015625,1.0
2015-08-11T00:53:10.000000Z,27.046875,27.015625,2.0
2015-08-11T00:53:15.000000Z,27.046875,27.015625,1.0
2015-08-11T00:55:05.000000Z,27.046875,27.015625,1.0
2015-08-11T00:55:20.000000Z,27.046875,27.015625,3.0
2015-08-11T00:55:25.000000Z,27.046875,27.015625,1.0
2015-08-11T00:55:45.000000Z,27.046875,27.015625,1.0
2015-08-11T00:56:45.000000Z,27.046875,27.015625,1.0
2015-08-11T00:57:10.000000Z,27.046875,27.015625,2.0
2015-08-11T00:57:30.000000Z,27.046875,27.015625,1.0
2015-08-11T00:58:10.000000Z,27.046875,27.015625,1.0
2015-08-11T00:58:30.000000Z,27.046875,27.015625,1.0
2015-08-11T00:58:50.000000Z,27.046875,27.015625,1.0
2015-08-11T00:59:10.000000Z,27.046875,27.015625,1.0
2015-08-11T00:59:50.000000Z,27.046875,27.015625,1.0
2015-08-11T01:00:15.000000Z,27.046875,27.015625,1.0
2015-08-11T01:00:35.000000Z,27.046875,27.015625,1.0
2015-08-11T01:00:55.000000Z,27.046875,27.015625,1.0
2015-08-11T01:02:15.000000Z,27.046875,27.015625,1.0
2015-08-11T01:02:40.000000Z,27.046875,27.015625,1.0
2015-08-11T01:03:40.000000Z,27.046875,27.015625,1.0
2015-08-11T01:04:45.000000Z,27.046875,27.015625,1.0
2015-08-11T01:05:25.000000Z,27.046875,27.015625,1.0
2015-08-11T01:05:45.000000Z,27.046875,27.015625,1.0
2015-08-11T01:07:10.000000Z,27.046875,27.015625,1.0
2015-08-11T01:08:30.000000Z,27.046875,27.015625,1.0
2015-08-11T01:09:55.000000Z,27.046875,27.015625,1.0
2015-08-11T01:10:15.000000Z,27.046875,27.015625,1.0
2015-08-11T01:12:40.000000Z,27.046875,27.015625,1.0
2015-08-11T01:15:25.000000Z,27.046875,27.015625,1.0
2015-08-11T01:16:30.000000Z,27.046875,27.015625,1.0
2015-08-11T01:17:15.000000Z,27.046875,27.015625,2.0
2015-08-11T01:17:20.000000Z,27.046875,27.0,8.0
2015-08-11T01:17:25.000000Z,27.046875,27.0,10.0
2015-08-11T01:17:30.000000Z,27.046875,27.0,21.0
2015-08-11T01:17:35.000000Z,27.046875,27.0,1.0
2015-08-11T01:17:40.000000Z,27.046875,27.0,6.0
2015-08-11T01:17:50.000000Z,27.046875,27.0,14.0
2015-08-11T01:18:00.000000Z,27.046875,27.015625,15.0
2015-08-11T01:18:05.000000Z,27.046875,27.015625,1.0
2015-08-11T01:18:20.000000Z,27.046875,27.015625,2.0
2015-08-11T01:19:00.000000Z,27.046875,27.015625,1.0
2015-08-11T01:19:25.000000Z,27.046875,27.015625,1.0
2015-08-11T01:19:45.000000Z,27.046875,27.015625,1.0
2015-08-11T01:21:05.000000Z,27.046875,27.015625,1.0
2015-08-11T01:21:10.000000Z,27.046875,27.015625,3.0
2015-08-11T01:21:25.000000Z,27.046875,27.015625,1.0
2015-08-11T01:21:45.000000Z,27.046875,27.015625,1.0
2015-08-11T01:22:30.000000Z,27.046875,27.015625,1.0
2015-08-11T01:22:50.000000Z,27.046875,27.015625,1.0
2015-08-11T01:23:30.000000Z,27.046875,27.015625,1.0
2015-08-11T01:23:50.000000Z,27.046875,27.015625,1.0
2015-08-11T01:24:30.000000Z,27.046875,27.015625,1.0
2015-08-11T01:25:35.000000Z,27.046875,27.015625,1.0
2015-08-11T01:25:55.000000Z,27.046875,27.015625,1.0
2015-08-11T01:26:15.000000Z,27.046875,27.015625,1.0
2015-08-11T01:26:35.000000Z,27.046875,27.015625,1.0
2015-08-11T01:26:55.000000Z,27.046875,27.015625,1.0
2015-08-11T01:27:15.000000Z,27.046875,27.015625,1.0
2015-08-11T01:27:55.000000Z,27.046875,27.015625,1.0
2015-08-11T01:28:55.000000Z,27.046875,27.015625,1.0
2015-08-11T01:29:20.000000Z,27.046875,27.015625,1.0
2015-08-11T01:29:40.000000Z,27.046875,27.015625,1.0
2015-08-11T01:30:00.000000Z,27.046875,27.015625,1.0
2015-08-11T01:31:20.000000Z,27.046875,27.015625,1.0
2015-08-11T01:31:45.000000Z,27.046875,27.015625,1.0
2015-08-11T01:32:05.000000Z,27.046875,27.015625,1.0
2015-08-11T01:32:25.000000Z,27.046875,27.015625,1.0
2015-08-11T01:33:10.000000Z,27.046875,27.015625,1.0
2015-08-11T01:34:10.000000Z,27.046875,27.015625,1.0
2015-08-11T01:34:30.000000Z,27.046875,27.015625,1.0
2015-08-11T01:34:50.000000Z,27.046875,27.015625,1.0
2015-08-11T01:35:10.000000Z,27.046875,27.015625,1.0
2015-08-11T01:36:30.000000Z,27.046875,27.015625,1.0
2015-08-11T01:37:15.000000Z,27.046875,27.015625,1.0
2015-08-11T01:37:55.000000Z,27.046875,27.015625,1.0
2015-08-11T01:38:15.000000Z,27.046875,27.015625,1.0
2015-08-11T01:38:35.000000Z,27.046875,27.015625,1.0
2015-08-11T01:38:50.000000Z,27.046875,27.015625,2.0
2015-08-11T01:38:55.000000Z,27.046875,27.015625,1.0
2015-08-11T01:39:10.000000Z,27.046875,27.015625,2.0
2015-08-11T01:39:15.000000Z,27.046875,27.015625,1.0
2015-08-11T01:39:35.000000Z,27.046875,27.015625,1.0
2015-08-11T01:40:00.000000Z,27.046875,27.015625,1.0
2015-08-11T01:40:05.000000Z,27.046875,27.015625,1.0
2015-08-11T01:40:20.000000Z,27.046875,27.015625,1.0
2015-08-11T01:40:40.000000Z,27.046875,27.015625,1.0
2015-08-11T01:41:00.000000Z,27.046875,27.015625,1.0
2015-08-11T01:42:00.000000Z,27.046875,27.015625,1.0
2015-08-11T01:42:25.000000Z,27.046875,27.015625,1.0
2015-08-11T01:42:45.000000Z,27.046875,27.015625,1.0
2015-08-11T01:43:05.000000Z,27.046875,27.015625,1.0
2015-08-11T01:43:25.000000Z,27.046875,27.015625,1.0
2015-08-11T01:44:05.000000Z,27.046875,27.015625,1.0
2015-08-11T01:44:25.000000Z,27.046875,27.015625,1.0
2015-08-11T01:44:50.000000Z,27.046875,27.015625,1.0
2015-08-11T01:45:10.000000Z,27.046875,27.015625,1.0
2015-08-11T01:45:30.000000Z,27.046875,27.015625,1.0
2015-08-11T01:47:55.000000Z,27.046875,27.015625,1.0
2015-08-11T01:48:35.000000Z,27.046875,27.015625,1.0
2015-08-11T01:48:55.000000Z,27.046875,27.015625,1.0
2015-08-11T01:49:15.000000Z,27.046875,27.015625,1.0
2015-08-11T01:50:00.000000Z,27.046875,27.015625,1.0
2015-08-11T01:50:20.000000Z,27.046875,27.015625,1.0
2015-08-11T01:51:00.000000Z,27.046875,27.015625,1.0
2015-08-11T01:51:20.000000Z,27.046875,27.015625,1.0
2015-08-11T01:51:40.000000Z,27.046875,27.015625,1.0
2015-08-11T01:52:05.000000Z,27.046875,27.015625,1.0
2015-08-11T01:52:25.000000Z,27.046875,27.015625,1.0
2015-08-11T01:53:45.000000Z,27.046875,27.015625,1.0
2015-08-11T01:54:10.000000Z,27.046875,27.015625,1.0
2015-08-11T01:55:10.000000Z,27.046875,27.015625,1.0
2015-08-11T01:55:30.000000Z,27.046875,27.015625,1.0
2015-08-11T01:55:55.000000Z,27.046875,27.015625,1.0
2015-08-11T01:56:00.000000Z,27.046875,27.015625,1.0
2015-08-11T01:56:15.000000Z,27.046875,27.015625,1.0
2015-08-11T01:56:30.000000Z,27.046875,27.015625,1.0
2015-08-11T01:56:35.000000Z,27.046875,27.015625,1.0
2015-08-11T01:56:40.000000Z,27.046875,27.015625,1.0
2015-08-11T01:57:05.000000Z,27.046875,27.015625,1.0
2015-08-11T01:57:10.000000Z,27.046875,27.015625,1.0
2015-08-11T01:57:15.000000Z,27.046875,27.015625,1.0
2015-08-11T01:57:50.000000Z,27.046875,27.015625,1.0
2015-08-11T01:58:00.000000Z,27.046875,27.015625,2.0
2015-08-11T01:58:05.000000Z,27.046875,27.015625,2.0
2015-08-11T01:58:10.000000Z,27.046875,27.015625,4.0
2015-08-11T01:58:20.000000Z,27.046875,27.015625,1.0
2015-08-11T01:58:40.000000Z,27.046875,27.015625,1.0
2015-08-11T01:59:00.000000Z,27.046875,27.015625,4.0
2015-08-11T01:59:20.000000Z,27.046875,27.015625,2.0
2015-08-11T01:59:40.000000Z,27.046875,27.015625,1.0
2015-08-11T01:59:50.000000Z,27.046875,27.015625,1.0
2015-08-11T02:00:00.000000Z,27.046875,27.015625,1.0
2015-08-11T02:00:45.000000Z,27.046875,27.015625,1.0
2015-08-11T02:01:05.000000Z,27.046875,27.015625,1.0
2015-08-11T02:01:25.000000Z,27.046875,27.015625,1.0
2015-08-11T02:02:25.000000Z,27.046875,27.015625,1.0
2015-08-11T02:02:45.000000Z,27.046875,27.015625,1.0
2015-08-11T02:02:55.000000Z,27.046875,27.015625,1.0
2015-08-11T02:03:30.000000Z,27.046875,27.015625,1.0
2015-08-11T02:03:50.000000Z,27.046875,27.015625,1.0
2015-08-11T02:03:55.000000Z,27.046875,27.015625,1.0
2015-08-11T02:04:00.000000Z,27.046875,27.015625,2.0
2015-08-11T02:04:05.000000Z,27.046875,27.015625,2.0
2015-08-11T02:04:10.000000Z,27.046875,27.015625,3.0
2015-08-11T02:04:25.000000Z,27.046875,27.015625,2.0
2015-08-11T02:04:30.000000Z,27.046875,27.015625,1.0
2015-08-11T02:05:35.000000Z,27.046875,27.015625,1.0
2015-08-11T02:05:55.000000Z,27.046875,27.015625,1.0
2015-08-11T02:06:15.000000Z,27.046875,27.015625,1.0
2015-08-11T02:06:35.000000Z,27.046875,27.015625,1.0
2015-08-11T02:06:55.000000Z,27.046875,27.015625,1.0
2015-08-11T02:07:35.000000Z,27.046875,27.015625,1.0
2015-08-11T02:07:55.000000Z,27.046875,27.015625,1.0
2015-08-11T02:09:20.000000Z,27.046875,27.015625,1.0
2015-08-11T02:09:40.000000Z,27.046875,27.015625,1.0
2015-08-11T02:10:20.000000Z,27.046875,27.015625,1.0
2015-08-11T02:11:05.000000Z,27.046875,27.015625,1.0
2015-08-11T02:12:45.000000Z,27.046875,27.015625,1.0
2015-08-11T02:13:05.000000Z,27.046875,27.015625,1.0
2015-08-11T02:15:30.000000Z,27.046875,27.015625,1.0
2015-08-11T02:15:50.000000Z,27.046875,27.015625,1.0
2015-08-11T02:18:40.000000Z,27.046875,27.015625,1.0
2015-08-11T02:18:50.000000Z,27.046875,27.015625,2.0
2015-08-11T02:19:00.000000Z,27.046875,27.015625,1.0
2015-08-11T02:19:20.000000Z,27.046875,27.015625,1.0
2015-08-11T02:19:25.000000Z,27.046875,27.015625,1.0
2015-08-11T02:20:00.000000Z,27.046875,27.015625,1.0
2015-08-11T02:20:20.000000Z,27.046875,27.015625,1.0
2015-08-11T02:20:25.000000Z,27.046875,27.015625,2.0
2015-08-11T02:20:40.000000Z,27.046875,27.015625,1.0
2015-08-11T02:21:00.000000Z,27.046875,27.015625,1.0
2015-08-11T02:21:45.000000Z,27.046875,27.015625,1.0
2015-08-11T02:22:25.000000Z,27.046875,27.015625,1.0
2015-08-11T02:22:45.000000Z,27.046875,27.015625,1.0
2015-08-11T02:23:05.000000Z,27.046875,27.015625,1.0
2015-08-11T02:23:25.000000Z,27.046875,27.015625,1.0
2015-08-11T02:23:45.000000Z,27.046875,27.015625,1.0
2015-08-11T02:24:30.000000Z,27.046875,27.015625,1.0
2015-08-11T02:26:10.000000Z,27.046875,27.015625,1.0
2015-08-11T02:26:30.000000Z,27.046875,27.015625,1.0
2015-08-11T02:27:15.000000Z,27.046875,27.015625,1.0
2015-08-11T02:27:35.000000Z,27.046875,27.015625,1.0
2015-08-11T02:27:55.000000Z,27.046875,27.015625,1.0
2015-08-11T02:28:35.000000Z,27.046875,27.015625,1.0
2015-08-11T02:28:55.000000Z,27.046875,27.015625,1.0
2015-08-11T02:32:05.000000Z,27.046875,27.015625,2.0
2015-08-11T02:33:05.000000Z,27.046875,27.015625,1.0
2015-08-11T02:33:25.000000Z,27.046875,27.015625,1.0
2015-08-11T02:34:30.000000Z,27.046875,27.015625,1.0
2015-08-11T02:34:50.000000Z,27.046875,27.015625,1.0
2015-08-11T02:35:30.000000Z,27.046875,27.015625,1.0
2015-08-11T02:35:50.000000Z,27.046875,27.015625,1.0
2015-08-11T02:36:35.000000Z,27.046875,27.015625,1.0
2015-08-11T02:36:55.000000Z,27.046875,27.015625,1.0
2015-08-11T02:38:20.000000Z,27.046875,27.015625,1.0
2015-08-11T02:38:40.000000Z,27.046875,27.015625,1.0
2015-08-11T02:39:40.000000Z,27.046875,27.015625,1.0
2015-08-11T02:40:20.000000Z,27.046875,27.015625,1.0
2015-08-11T02:40:40.000000Z,27.046875,27.015625,1.0
2015-08-11T02:41:45.000000Z,27.046875,27.015625,1.0
2015-08-11T02:42:25.000000Z,27.046875,27.015625,1.0
2015-08-11T02:43:05.000000Z,27.046875,27.015625,1.0
2015-08-11T02:43:30.000000Z,27.046875,27.015625,1.0
2015-08-11T02:43:50.000000Z,27.046875,27.015625,1.0
2015-08-11T02:44:10.000000Z,27.046875,27.015625,1.0
2015-08-11T02:44:30.000000Z,27.046875,27.015625,1.0
2015-08-11T02:45:10.000000Z,27.046875,27.015625,1.0
2015-08-11T02:45:50.000000Z,27.046875,27.015625,1.0
2015-08-11T02:46:10.000000Z,27.046875,27.015625,1.0
2015-08-11T02:46:55.000000Z,27.046875,27.015625,1.0
2015-08-11T02:47:35.000000Z,27.046875,27.015625,1.0
2015-08-11T02:47:55.000000Z,27.046875,27.015625,1.0
2015-08-11T02:48:40.000000Z,27.046875,27.015625,1.0
2015-08-11T02:50:20.000000Z,27.046875,27.015625,1.0
2015-08-11T02:51:45.000000Z,27.046875,27.015625,1.0
2015-08-11T02:52:05.000000Z,27.046875,27.015625,1.0
2015-08-11T02:52:25.000000Z,27.046875,27.015625,1.0
2015-08-11T02:52:45.000000Z,27.046875,27.015625,1.0
2015-08-11T02:53:25.000000Z,27.046875,27.015625,1.0
2015-08-11T02:53:45.000000Z,27.046875,27.015625,1.0
2015-08-11T02:54:05.000000Z,27.046875,27.015625,1.0
2015-08-11T02:54:50.000000Z,27.046875,27.015625,1.0
2015-08-11T02:55:10.000000Z,27.046875,27.015625,1.0
2015-08-11T02:55:30.000000Z,27.046875,27.015625,1.0
2015-08-11T02:55:50.000000Z,27.046875,27.015625,1.0
2015-08-11T02:58:15.000000Z,27.046875,27.015625,1.0
2015-08-11T03:00:20.000000Z,27.046875,27.015625,1.0
2015-08-11T03:00:40.000000Z,27.046875,27.015625,1.0
2015-08-11T03:02:25.000000Z,27.046875,27.015625,1.0
2015-08-11T03:02:45.000000Z,27.046875,27.015625,1.0
2015-08-11T03:03:30.000000Z,27.046875,27.015625,1.0
2015-08-11T03:04:10.000000Z,27.046875,27.015625,1.0
2015-08-11T03:04:30.000000Z,27.046875,27.015625,1.0
2015-08-11T03:05:35.000000Z,27.046875,27.015625,1.0
2015-08-11T03:05:55.000000Z,27.046875,27.015625,1.0
2015-08-11T03:06:35.000000Z,27.046875,27.015625,1.0
2015-08-11T03:06:55.000000Z,27.046875,27.015625,1.0
2015-08-11T03:07:35.000000Z,27.046875,27.015625,1.0
2015-08-11T03:08:00.000000Z,27.046875,27.015625,1.0
2015-08-11T03:09:00.000000Z,27.046875,27.015625,1.0
2015-08-11T03:09:20.000000Z,27.046875,27.015625,1.0
2015-08-11T03:09:40.000000Z,27.046875,27.015625,1.0
2015-08-11T03:10:05.000000Z,27.046875,27.015625,1.0
2015-08-11T03:10:45.000000Z,27.046875,27.015625,1.0
2015-08-11T03:11:05.000000Z,27.046875,27.015625,1.0
2015-08-11T03:11:50.000000Z,27.046875,27.015625,1.0
2015-08-11T03:12:30.000000Z,27.046875,27.015625,1.0
2015-08-11T03:12:50.000000Z,27.046875,27.015625,1.0
2015-08-11T03:13:50.000000Z,27.046875,27.015625,1.0
2015-08-11T03:14:15.000000Z,27.046875,27.015625,1.0
2015-08-11T03:14:35.000000Z,27.046875,27.015625,1.0
2015-08-11T03:17:20.000000Z,27.046875,27.015625,1.0
2015-08-11T03:18:00.000000Z,27.046875,27.015625,1.0
2015-08-11T03:19:25.000000Z,27.046875,27.015625,1.0
2015-08-11T03:20:50.000000Z,27.046875,27.015625,1.0
2015-08-11T03:21:30.000000Z,27.046875,27.015625,1.0
2015-08-11T03:24:20.000000Z,27.046875,27.015625,1.0
2015-08-11T03:25:00.000000Z,27.046875,27.015625,1.0
2015-08-11T03:25:45.000000Z,27.046875,27.015625,1.0
2015-08-11T03:26:05.000000Z,27.046875,27.015625,1.0
2015-08-11T03:26:25.000000Z,27.046875,27.015625,1.0
2015-08-11T03:26:45.000000Z,27.046875,27.015625,1.0
2015-08-11T03:28:10.000000Z,27.046875,27.015625,1.0
2015-08-11T03:29:30.000000Z,27.046875,27.015625,1.0
2015-08-11T03:29:55.000000Z,27.046875,27.015625,1.0
2015-08-11T03:30:15.000000Z,27.046875,27.015625,1.0
2015-08-11T03:31:15.000000Z,27.046875,27.015625,1.0
2015-08-11T03:31:35.000000Z,27.046875,27.015625,1.0
2015-08-11T03:32:20.000000Z,27.046875,27.015625,1.0
2015-08-11T03:32:40.000000Z,27.046875,27.015625,3.0
2015-08-11T03:33:00.000000Z,27.046875,27.015625,1.0
2015-08-11T03:33:40.000000Z,27.046875,27.015625,1.0
2015-08-11T03:35:00.000000Z,27.046875,27.015625,1.0
2015-08-11T03:36:05.000000Z,27.046875,27.015625,1.0
2015-08-11T03:36:25.000000Z,27.046875,27.015625,1.0
2015-08-11T03:37:45.000000Z,27.046875,27.015625,1.0
2015-08-11T03:39:30.000000Z,27.046875,27.015625,1.0
2015-08-11T03:39:50.000000Z,27.046875,27.015625,1.0
2015-08-11T03:40:30.000000Z,27.046875,27.015625,1.0
2015-08-11T03:41:15.000000Z,27.046875,27.015625,1.0
2015-08-11T03:42:35.000000Z,27.046875,27.015625,1.0
2015-08-11T03:42:55.000000Z,27.046875,27.015625,1.0
2015-08-11T03:43:15.000000Z,27.046875,27.015625,1.0
2015-08-11T03:44:00.000000Z,27.046875,27.015625,1.0
2015-08-11T03:44:20.000000Z,27.046875,27.015625,1.0
2015-08-11T03:45:20.000000Z,27.046875,27.015625,1.0
2015-08-11T03:46:45.000000Z,27.046875,27.015625,1.0
2015-08-11T03:47:45.000000Z,27.046875,27.015625,1.0
2015-08-11T03:48:05.000000Z,27.046875,27.015625,1.0
2015-08-11T03:48:30.000000Z,27.046875,27.015625,1.0
2015-08-11T03:48:50.000000Z,27.046875,27.015625,1.0
2015-08-11T03:49:30.000000Z,27.046875,27.015625,1.0
2015-08-11T03:49:50.000000Z,27.046875,27.015625,1.0
2015-08-11T03:50:35.000000Z,27.046875,27.015625,1.0
2015-08-11T03:54:00.000000Z,27.046875,27.015625,1.0
2015-08-11T03:54:45.000000Z,27.046875,27.015625,1.0
2015-08-11T03:55:45.000000Z,27.046875,27.015625,1.0
2015-08-11T03:56:50.000000Z,27.046875,27.015625,1.0
2015-08-11T03:57:00.000000Z,27.046875,27.015625,4.0
2015-08-11T03:57:10.000000Z,27.046875,27.015625,1.0
2015-08-11T03:58:05.000000Z,27.046875,27.015625,2.0
2015-08-11T03:58:10.000000Z,27.046875,27.015625,1.0
2015-08-11T04:02:45.000000Z,27.046875,27.015625,1.0
2015-08-11T04:03:00.000000Z,27.046875,27.015625,1.0
2015-08-11T04:03:45.000000Z,27.046875,27.015625,1.0
2015-08-11T04:04:05.000000Z,27.046875,27.015625,1.0
2015-08-11T04:07:10.000000Z,27.046875,27.015625,1.0
2015-08-11T04:07:55.000000Z,27.046875,27.015625,1.0
2015-08-11T04:10:40.000000Z,27.046875,27.015625,1.0
2015-08-11T04:11:20.000000Z,27.046875,27.015625,1.0
2015-08-11T04:12:05.000000Z,27.046875,27.015625,1.0
2015-08-11T04:12:25.000000Z,27.046875,27.015625,1.0
2015-08-11T04:14:05.000000Z,27.046875,27.015625,1.0
2015-08-11T04:14:25.000000Z,27.046875,27.015625,1.0
2015-08-11T04:17:55.000000Z,27.046875,27.015625,1.0
2015-08-11T04:18:15.000000Z,27.046875,27.015625,1.0
2015-08-11T04:20:20.000000Z,27.046875,27.015625,1.0
2015-08-11T04:20:40.000000Z,27.046875,27.015625,1.0
2015-08-11T04:21:20.000000Z,27.046875,27.015625,1.0
2015-08-11T04:21:40.000000Z,27.046875,27.015625,1.0
2015-08-11T04:22:45.000000Z,27.046875,27.015625,1.0
2015-08-11T04:23:05.000000Z,27.046875,27.015625,1.0
2015-08-11T04:25:10.000000Z,27.046875,27.015625,1.0
2015-08-11T04:27:35.000000Z,27.046875,27.015625,1.0
2015-08-11T04:28:35.000000Z,27.046875,27.015625,1.0
2015-08-11T04:28:55.000000Z,27.046875,27.015625,1.0
2015-08-11T04:34:10.000000Z,27.046875,27.015625,1.0
2015-08-11T04:35:50.000000Z,27.046875,27.015625,1.0
2015-08-11T04:39:20.000000Z,27.046875,27.015625,1.0
2015-08-11T04:40:00.000000Z,27.046875,27.015625,1.0
2015-08-11T04:42:05.000000Z,27.046875,27.015625,1.0
2015-08-11T04:42:25.000000Z,27.046875,27.015625,1.0
2015-08-11T04:42:45.000000Z,27.046875,27.015625,1.0
2015-08-11T04:43:45.000000Z,27.046875,27.015625,1.0
2015-08-11T04:44:10.000000Z,27.046875,27.015625,1.0
2015-08-11T04:46:10.000000Z,27.046875,27.015625,1.0
2015-08-11T04:46:30.000000Z,27.046875,27.015625,1.0
2015-08-11T04:46:55.000000Z,27.046875,27.015625,1.0
2015-08-11T04:47:15.000000Z,27.046875,27.015625,1.0
2015-08-11T04:47:55.000000Z,27.046875,27.015625,1.0
2015-08-11T04:51:25.000000Z,27.046875,27.015625,1.0
2015-08-11T04:52:45.000000Z,27.046875,27.015625,1.0
2015-08-11T04:53:25.000000Z,27.046875,27.015625,1.0
2015-08-11T04:53:50.000000Z,27.046875,27.015625,1.0
2015-08-11T04:56:35.000000Z,27.046875,27.015625,1.0
2015-08-11T04:57:15.000000Z,27.046875,27.015625,1.0
2015-08-11T04:57:35.000000Z,27.046875,27.015625,1.0
2015-08-11T04:58:00.000000Z,27.046875,27.015625,1.0
2015-08-11T04:58:40.000000Z,27.046875,27.015625,1.0
2015-08-11T04:59:20.000000Z,27.046875,27.015625,1.0
2015-08-11T04:59:45.000000Z,27.046875,27.015625,1.0
2015-08-11T05:00:05.000000Z,27.046875,27.015625,1.0
2015-08-11T05:00:10.000000Z,27.046875,27.015625,1.0
2015-08-11T05:01:05.000000Z,27.046875,27.015625,1.0
2015-08-11T05:02:50.000000Z,27.046875,27.015625,1.0
2015-08-11T05:03:10.000000Z,27.046875,27.015625,1.0
2015-08-11T05:03:50.000000Z,27.046875,27.015625,1.0
2015-08-11T05:04:10.000000Z,27.046875,27.015625,1.0
2015-08-11T05:05:15.000000Z,27.046875,27.015625,1.0
2015-08-11T05:05:35.000000Z,27.046875,27.015625,1.0
2015-08-11T05:05:55.000000Z,27.046875,27.015625,1.0
2015-08-11T05:08:00.000000Z,27.046875,27.015625,1.0
2015-08-11T05:08:15.000000Z,27.046875,27.015625,1.0
2015-08-11T05:08:40.000000Z,27.046875,27.015625,1.0
2015-08-11T05:10:25.000000Z,27.046875,27.015625,1.0
2015-08-11T05:10:30.000000Z,27.046875,27.015625,1.0
2015-08-11T05:10:45.000000Z,27.046875,27.015625,1.0
2015-08-11T05:12:30.000000Z,27.046875,27.015625,1.0
2015-08-11T05:12:50.000000Z,27.046875,27.015625,1.0
2015-08-11T05:13:10.000000Z,27.046875,27.015625,1.0
2015-08-11T05:13:50.000000Z,27.046875,27.015625,1.0
2015-08-11T05:14:10.000000Z,27.046875,27.015625,2.0
2015-08-11T05:14:30.000000Z,27.046875,27.015625,1.0
2015-08-11T05:14:35.000000Z,27.046875,27.015625,1.0
2015-08-11T05:14:55.000000Z,27.046875,27.015625,1.0
2015-08-11T05:15:35.000000Z,27.046875,27.015625,1.0
2015-08-11T05:16:15.000000Z,27.046875,27.015625,1.0
2015-08-11T05:17:00.000000Z,27.046875,27.015625,1.0
2015-08-11T05:18:05.000000Z,27.046875,27.015625,2.0
2015-08-11T05:18:10.000000Z,27.046875,27.015625,3.0
2015-08-11T05:18:15.000000Z,27.046875,27.015625,1.0
2015-08-11T05:18:25.000000Z,27.046875,27.015625,1.0
2015-08-11T05:18:45.000000Z,27.046875,27.015625,2.0
2015-08-11T05:18:50.000000Z,27.046875,27.015625,2.0
2015-08-11T05:19:25.000000Z,27.046875,27.015625,1.0
2015-08-11T05:20:05.000000Z,27.046875,27.015625,1.0
2015-08-11T05:22:50.000000Z,27.046875,27.015625,1.0
2015-08-11T05:26:15.000000Z,27.046875,27.015625,1.0
2015-08-11T05:26:55.000000Z,27.046875,27.015625,1.0
2015-08-11T05:28:45.000000Z,27.046875,27.015625,1.0
2015-08-11T05:29:45.000000Z,27.046875,27.015625,1.0
2015-08-11T05:30:00.000000Z,27.046875,27.015625,2.0
2015-08-11T05:30:05.000000Z,27.046875,27.015625,1.0
2015-08-11T05:31:35.000000Z,27.046875,27.015625,1.0
2015-08-11T05:31:45.000000Z,27.046875,27.015625,2.0
2015-08-11T05:31:50.000000Z,27.046875,27.015625,1.0
2015-08-11T05:31:55.000000Z,27.046875,27.015625,1.0
2015-08-11T05:33:25.000000Z,27.046875,27.015625,1.0
2015-08-11T05:33:50.000000Z,27.046875,27.015625,1.0
2015-08-11T05:34:10.000000Z,27.046875,27.015625,1.0
2015-08-11T05:35:10.000000Z,27.046875,27.015625,1.0
2015-08-11T05:35:15.000000Z,27.046875,27.015625,2.0
2015-08-11T05:35:35.000000Z,27.046875,27.015625,1.0
2015-08-11T05:35:40.000000Z,27.046875,27.015625,4.0
2015-08-11T05:35:45.000000Z,27.046875,27.015625,1.0
2015-08-11T05:36:15.000000Z,27.046875,27.015625,3.0
2015-08-11T05:36:35.000000Z,27.046875,27.015625,1.0
2015-08-11T05:36:55.000000Z,27.046875,27.015625,1.0
2015-08-11T05:37:15.000000Z,27.046875,27.015625,1.0
2015-08-11T05:38:20.000000Z,27.046875,27.015625,1.0
2015-08-11T05:39:00.000000Z,27.046875,27.015625,1.0
2015-08-11T05:40:15.000000Z,27.046875,27.015625,1.0
2015-08-11T05:40:20.000000Z,27.046875,27.015625,1.0
2015-08-11T05:40:40.000000Z,27.046875,27.015625,1.0
2015-08-11T05:41:05.000000Z,27.046875,27.015625,1.0
2015-08-11T05:41:45.000000Z,27.046875,27.015625,1.0
2015-08-11T05:42:05.000000Z,27.046875,27.015625,1.0
2015-08-11T05:43:30.000000Z,27.046875,27.015625,1.0
2015-08-11T05:43:50.000000Z,27.046875,27.015625,1.0
2015-08-11T05:44:10.000000Z,27.046875,27.015625,1.0
2015-08-11T05:44:15.000000Z,27.046875,27.015625,1.0
2015-08-11T05:44:30.000000Z,27.046875,27.015625,1.0
2015-08-11T05:44:50.000000Z,27.046875,27.015625,1.0
2015-08-11T05:46:35.000000Z,27.046875,27.015625,1.0
2015-08-11T05:47:00.000000Z,27.046875,27.0,5.0
2015-08-11T05:47:05.000000Z,27.0625,27.0,4.0
2015-08-11T05:47:10.000000Z,27.0625,27.0,2.0
2015-08-11T05:47:20.000000Z,27.046875,27.0,2.0
2015-08-11T05:47:25.000000Z,27.046875,27.0,3.0
2015-08-11T05:47:45.000000Z,27.046875,27.0,1.0
2015-08-11T05:48:20.000000Z,27.0625,27.0,6.0
2015-08-11T05:48:30.000000Z,27.046875,27.015625,1.0
2015-08-11T05:49:00.000000Z,27.046875,27.015625,1.0
2015-08-11T05:49:40.000000Z,27.046875,27.015625,1.0
2015-08-11T05:50:00.000000Z,27.046875,27.015625,1.0
2015-08-11T05:50:20.000000Z,27.046875,27.015625,1.0
2015-08-11T05:51:25.000000Z,27.046875,27.015625,1.0
2015-08-11T05:51:35.000000Z,27.046875,27.015625,1.0
2015-08-11T05:53:05.000000Z,27.046875,27.015625,4.0
2015-08-11T05:53:10.000000Z,27.046875,27.015625,5.0
2015-08-11T05:53:30.000000Z,27.046875,27.015625,1.0
2015-08-11T05:54:15.000000Z,27.046875,27.015625,2.0
2015-08-11T05:54:20.000000Z,27.046875,27.015625,3.0
2015-08-11T05:54:30.000000Z,27.046875,27.015625,1.0
2015-08-11T05:55:35.000000Z,27.046875,27.015625,1.0
2015-08-11T05:55:45.000000Z,27.046875,27.015625,1.0
2015-08-11T05:55:55.000000Z,27.046875,27.015625,1.0
2015-08-11T05:56:10.000000Z,27.046875,27.015625,1.0
2015-08-11T05:56:15.000000Z,27.046875,27.015625,1.0
2015-08-11T05:56:35.000000Z,27.046875,27.015625,1.0
2015-08-11T05:57:25.000000Z,27.046875,27.015625,1.0
2015-08-11T05:57:40.000000Z,27.046875,27.015625,1.0
2015-08-11T05:58:30.000000Z,27.046875,27.015625,1.0
2015-08-11T05:58:40.000000Z,27.046875,27.015625,1.0
2015-08-11T05:58:45.000000Z,27.046875,27.015625,1.0
2015-08-11T05:59:00.000000Z,27.046875,27.015625,2.0
2015-08-11T05:59:20.000000Z,27.046875,27.015625,1.0
2015-08-11T05:59:45.000000Z,27.046875,27.015625,2.0
2015-08-11T05:59:50.000000Z,27.046875,27.015625,1.0
2015-08-11T05:59:55.000000Z,27.046875,27.015625,1.0
2015-08-11T06:00:05.000000Z,27.046875,27.015625,2.0
2015-08-11T06:00:20.000000Z,27.046875,27.015625,1.0
2015-08-11T06:00:40.000000Z,27.046875,27.015625,1.0
2015-08-11T06:00:45.000000Z,27.046875,27.015625,3.0
2015-08-11T06:01:00.000000Z,27.046875,27.015625,1.0
2015-08-11T06:01:30.000000Z,27.046875,27.015625,3.0
2015-08-11T06:01:35.000000Z,27.046875,27.015625,3.0
2015-08-11T06:01:40.000000Z,27.046875,27.015625,6.0
2015-08-11T06:01:45.000000Z,27.046875,27.015625,2.0
2015-08-11T06:02:00.000000Z,27.046875,27.015625,2.0
2015-08-11T06:02:20.000000Z,27.046875,27.015625,1.0
2015-08-11T06:02:30.000000Z,27.046875,27.015625,2.0
2015-08-11T06:02:35.000000Z,27.046875,27.015625,1.0
2015-08-11T06:02:40.000000Z,27.046875,27.015625,3.0
2015-08-11T06:03:05.000000Z,27.046875,27.015625,1.0
2015-08-11T06:03:25.000000Z,27.046875,27.015625,1.0
2015-08-11T06:04:05.000000Z,27.046875,27.015625,1.0
2015-08-11T06:05:50.000000Z,27.046875,27.015625,1.0
2015-08-11T06:07:15.000000Z,27.046875,27.015625,1.0
2015-08-11T06:08:15.000000Z,27.046875,27.015625,1.0
2015-08-11T06:10:00.000000Z,27.046875,27.015625,1.0
2015-08-11T06:10:40.000000Z,27.046875,27.015625,1.0
2015-08-11T06:10:50.000000Z,27.046875,27.015625,4.0
2015-08-11T06:11:15.000000Z,27.046875,27.015625,3.0
2015-08-11T06:11:20.000000Z,27.046875,27.015625,8.0
2015-08-11T06:11:25.000000Z,27.046875,27.015625,3.0
2015-08-11T06:11:30.000000Z,27.046875,27.015625,5.0
2015-08-11T06:11:40.000000Z,27.046875,27.015625,5.0
2015-08-11T06:11:45.000000Z,27.046875,27.015625,1.0
2015-08-11T06:11:50.000000Z,27.046875,27.015625,1.0
2015-08-11T06:12:00.000000Z,27.046875,27.015625,5.0
2015-08-11T06:12:05.000000Z,27.046875,27.015625,1.0
2015-08-11T06:12:20.000000Z,27.046875,27.015625,1.0
2015-08-11T06:13:00.000000Z,27.046875,27.015625,1.0
2015-08-11T06:13:25.000000Z,27.046875,27.015625,5.0
2015-08-11T06:13:40.000000Z,27.046875,27.015625,5.0
2015-08-11T06:14:00.000000Z,27.046875,27.015625,1.0
2015-08-11T06:14:20.000000Z,27.046875,27.015625,1.0
2015-08-11T06:14:30.000000Z,27.046875,27.015625,5.0
2015-08-11T06:15:00.000000Z,27.046875,27.015625,1.0
2015-08-11T06:15:30.000000Z,27.046875,27.015625,2.0
2015-08-11T06:15:35.000000Z,27.046875,27.015625,3.0
2015-08-11T06:15:40.000000Z,27.046875,27.015625,3.0
2015-08-11T06:15:45.000000Z,27.046875,27.015625,2.0
2015-08-11T06:15:55.000000Z,27.046875,27.015625,1.0
2015-08-11T06:16:35.000000Z,27.046875,27.015625,1.0
2015-08-11T06:16:55.000000Z,27.046875,27.015625,1.0
2015-08-11T06:17:15.000000Z,27.046875,27.015625,1.0
2015-08-11T06:18:00.000000Z,27.046875,27.015625,1.0
2015-08-11T06:18:20.000000Z,27.046875,27.015625,1.0
2015-08-11T06:18:40.000000Z,27.046875,27.015625,1.0
2015-08-11T06:19:45.000000Z,27.046875,27.015625,2.0
2015-08-11T06:19:50.000000Z,27.046875,27.015625,3.0
2015-08-11T06:19:55.000000Z,27.046875,27.015625,1.0
2015-08-11T06:20:00.000000Z,27.046875,27.015625,1.0
2015-08-11T06:20:15.000000Z,27.046875,27.015625,1.0
2015-08-11T06:20:35.000000Z,27.046875,27.015625,1.0
2015-08-11T06:20:55.000000Z,27.046875,27.015625,1.0
2015-08-11T06:21:15.000000Z,27.046875,27.015625,1.0
2015-08-11T06:21:25.000000Z,27.046875,27.015625,3.0
2015-08-11T06:21:30.000000Z,27.046875,27.015625,1.0
2015-08-11T06:22:05.000000Z,27.046875,27.015625,1.0
2015-08-11T06:23:25.000000Z,27.046875,27.015625,1.0
2015-08-11T06:23:45.000000Z,27.046875,27.015625,1.0
2015-08-11T06:24:05.000000Z,27.046875,27.015625,1.0
2015-08-11T06:25:10.000000Z,27.046875,27.015625,1.0
2015-08-11T06:25:20.000000Z,27.046875,27.015625,3.0
2015-08-11T06:25:30.000000Z,27.046875,27.015625,1.0
2015-08-11T06:25:50.000000Z,27.046875,27.015625,1.0
2015-08-11T06:26:10.000000Z,27.046875,27.015625,1.0
2015-08-11T06:26:30.000000Z,27.046875,27.015625,1.0
2015-08-11T06:26:50.000000Z,27.046875,27.015625,1.0
2015-08-11T06:28:15.000000Z,27.046875,27.015625,1.0
2015-08-11T06:28:35.000000Z,27.046875,27.015625,1.0
2015-08-11T06:29:20.000000Z,27.046875,27.015625,1.0
2015-08-11T06:30:00.000000Z,27.046875,27.015625,1.0
2015-08-11T06:30:10.000000Z,27.046875,27.015625,1.0
2015-08-11T06:30:20.000000Z,27.046875,27.015625,1.0
2015-08-11T06:30:40.000000Z,27.046875,27.015625,1.0
2015-08-11T06:31:00.000000Z,27.046875,27.015625,1.0
2015-08-11T06:31:05.000000Z,27.046875,27.015625,1.0
2015-08-11T06:31:10.000000Z,27.046875,27.015625,1.0
2015-08-11T06:31:20.000000Z,27.046875,27.015625,1.0
2015-08-11T06:31:25.000000Z,27.046875,27.015625,1.0
2015-08-11T06:31:40.000000Z,27.046875,27.015625,1.0
2015-08-11T06:31:45.000000Z,27.046875,27.015625,1.0
2015-08-11T06:32:05.000000Z,27.046875,27.015625,3.0
2015-08-11T06:32:30.000000Z,27.046875,27.015625,1.0
2015-08-11T06:32:50.000000Z,27.046875,27.015625,1.0
2015-08-11T06:33:05.000000Z,27.046875,27.015625,4.0
2015-08-11T06:33:30.000000Z,27.046875,27.015625,1.0
2015-08-11T06:33:45.000000Z,27.046875,27.015625,1.0
2015-08-11T06:34:25.000000Z,27.046875,27.015625,1.0
2015-08-11T06:35:10.000000Z,27.046875,27.015625,1.0
2015-08-11T06:35:50.000000Z,27.046875,27.015625,1.0
2015-08-11T06:36:10.000000Z,27.046875,27.015625,1.0
2015-08-11T06:36:20.000000Z,27.046875,27.015625,1.0
2015-08-11T06:36:30.000000Z,27.046875,27.015625,1.0
2015-08-11T06:36:50.000000Z,27.046875,27.015625,1.0
2015-08-11T06:37:55.000000Z,27.046875,27.015625,1.0
2015-08-11T06:38:00.000000Z,27.046875,27.015625,5.0
2015-08-11T06:38:05.000000Z,27.046875,27.015625,1.0
2015-08-11T06:38:20.000000Z,27.046875,27.015625,1.0
2015-08-11T06:38:40.000000Z,27.046875,27.015625,1.0
2015-08-11T06:39:25.000000Z,27.046875,27.015625,1.0
2015-08-11T06:39:45.000000Z,27.046875,27.015625,1.0
2015-08-11T06:40:00.000000Z,27.046875,27.015625,4.0
2015-08-11T06:40:10.000000Z,27.046875,27.015625,1.0
2015-08-11T06:41:05.000000Z,27.046875,27.015625,1.0
2015-08-11T06:41:30.000000Z,27.046875,27.015625,1.0
2015-08-11T06:41:50.000000Z,27.046875,27.015625,1.0
2015-08-11T06:42:30.000000Z,27.046875,27.015625,1.0
2015-08-11T06:42:50.000000Z,27.046875,27.015625,1.0
2015-08-11T06:43:10.000000Z,27.046875,27.015625,1.0
2015-08-11T06:43:55.000000Z,27.046875,27.015625,1.0
2015-08-11T06:44:15.000000Z,27.046875,27.015625,1.0
2015-08-11T06:44:55.000000Z,27.046875,27.015625,1.0
2015-08-11T06:45:15.000000Z,27.046875,27.015625,1.0
2015-08-11T06:45:35.000000Z,27.046875,27.015625,1.0
2015-08-11T06:46:00.000000Z,27.046875,27.015625,1.0
2015-08-11T06:47:15.000000Z,27.046875,27.015625,1.0
2015-08-11T06:47:40.000000Z,27.046875,27.015625,1.0
2015-08-11T06:48:00.000000Z,27.046875,27.015625,1.0
2015-08-11T06:48:20.000000Z,27.046875,27.015625,1.0
2015-08-11T06:48:45.000000Z,27.046875,27.015625,1.0
2015-08-11T06:49:05.000000Z,27.046875,27.015625,1.0
2015-08-11T06:49:20.000000Z,27.046875,27.015625,1.0
2015-08-11T06:49:45.000000Z,27.046875,27.015625,1.0
2015-08-11T06:50:25.000000Z,27.046875,27.015625,1.0
2015-08-11T06:50:50.000000Z,27.046875,27.015625,1.0
2015-08-11T06:51:10.000000Z,27.046875,27.015625,1.0
2015-08-11T06:51:30.000000Z,27.046875,27.015625,1.0
2015-08-11T06:51:50.000000Z,27.046875,27.015625,1.0
2015-08-11T06:52:30.000000Z,27.046875,27.015625,1.0
2015-08-11T06:52:55.000000Z,27.046875,27.015625,1.0
2015-08-11T06:53:10.000000Z,27.046875,27.03125,1.0
2015-08-11T06:53:15.000000Z,27.046875,27.03125,1.0
2015-08-11T06:54:15.000000Z,27.046875,27.03125,1.0
2015-08-11T06:55:20.000000Z,27.046875,27.03125,1.0
2015-08-11T06:57:20.000000Z,27.046875,27.03125,1.0
2015-08-11T06:58:10.000000Z,27.046875,27.03125,2.0
2015-08-11T06:58:25.000000Z,27.046875,27.03125,1.0
2015-08-11T06:58:45.000000Z,27.046875,27.015625,2.0
2015-08-11T06:59:05.000000Z,27.046875,27.015625,1.0
2015-08-11T06:59:25.000000Z,27.046875,27.015625,1.0
2015-08-11T06:59:45.000000Z,27.046875,27.015625,1.0
2015-08-11T07:00:00.000000Z,27.046875,27.015625,1.0
2015-08-11T07:00:30.000000Z,27.046875,27.03125,1.0
2015-08-11T07:00:50.000000Z,27.046875,27.015625,1.0
2015-08-11T07:01:10.000000Z,27.046875,27.015625,1.0
2015-08-11T07:01:30.000000Z,27.046875,27.015625,5.0
2015-08-11T07:01:40.000000Z,27.046875,27.015625,4.0
2015-08-11T07:02:00.000000Z,27.046875,27.015625,3.0
2015-08-11T07:02:20.000000Z,27.046875,27.015625,1.0
2015-08-11T07:02:40.000000Z,27.046875,27.015625,1.0
2015-08-11T07:03:00.000000Z,27.03125,27.015625,6.0
2015-08-11T07:03:05.000000Z,27.03125,27.015625,3.0
2015-08-11T07:03:15.000000Z,27.03125,27.015625,8.0
2015-08-11T07:03:20.000000Z,27.03125,27.015625,2.0
2015-08-11T07:03:30.000000Z,27.046875,27.015625,10.0
2015-08-11T07:03:40.000000Z,27.046875,27.015625,1.0
2015-08-11T07:03:45.000000Z,27.046875,27.015625,9.0
2015-08-11T07:03:55.000000Z,27.046875,27.03125,9.0
2015-08-11T07:04:15.000000Z,27.046875,27.03125,1.0
2015-08-11T07:04:35.000000Z,27.046875,27.03125,1.0
2015-08-11T07:05:00.000000Z,27.046875,27.015625,5.0
2015-08-11T07:05:20.000000Z,27.046875,27.015625,1.0
2015-08-11T07:05:40.000000Z,27.046875,27.015625,1.0
2015-08-11T07:06:00.000000Z,27.046875,27.015625,1.0
2015-08-11T07:06:20.000000Z,27.046875,27.015625,1.0
2015-08-11T07:06:40.000000Z,27.046875,27.015625,1.0
2015-08-11T07:07:00.000000Z,27.046875,27.015625,1.0
2015-08-11T07:07:20.000000Z,27.046875,27.015625,1.0
2015-08-11T07:07:40.000000Z,27.046875,27.015625,1.0
2015-08-11T07:08:00.000000Z,27.046875,27.015625,2.0
2015-08-11T07:08:20.000000Z,27.046875,27.015625,1.0
2015-08-11T07:08:40.000000Z,27.046875,27.015625,1.0
2015-08-11T07:08:50.000000Z,27.046875,27.03125,4.0
2015-08-11T07:08:55.000000Z,27.046875,27.015625,2.0
2015-08-11T07:09:00.000000Z,27.046875,27.015625,1.0
2015-08-11T07:09:20.000000Z,27.046875,27.015625,1.0
2015-08-11T07:09:40.000000Z,27.046875,27.015625,1.0
2015-08-11T07:10:00.000000Z,27.046875,27.015625,4.0
2015-08-11T07:10:05.000000Z,27.046875,27.03125,2.0
2015-08-11T07:10:15.000000Z,27.046875,27.015625,4.0
2015-08-11T07:10:20.000000Z,27.046875,27.015625,1.0
2015-08-11T07:10:25.000000Z,27.046875,27.015625,2.0
2015-08-11T07:10:35.000000Z,27.046875,27.015625,2.0
2015-08-11T07:10:45.000000Z,27.046875,27.015625,2.0
2015-08-11T07:10:50.000000Z,27.046875,27.015625,2.0
2015-08-11T07:10:55.000000Z,27.046875,27.015625,1.0
2015-08-11T07:11:00.000000Z,27.046875,27.015625,1.0
2015-08-11T07:11:10.000000Z,27.046875,27.015625,1.0
2015-08-11T07:11:15.000000Z,27.046875,27.015625,1.0
2015-08-11T07:11:25.000000Z,27.046875,27.015625,1.0
2015-08-11T07:11:35.000000Z,27.046875,27.015625,2.0
2015-08-11T07:11:45.000000Z,27.046875,27.015625,1.0
2015-08-11T07:12:20.000000Z,27.046875,27.015625,1.0
2015-08-11T07:12:25.000000Z,27.046875,27.015625,2.0
2015-08-11T07:12:45.000000Z,27.046875,27.015625,1.0
2015-08-11T07:12:50.000000Z,27.03125,27.015625,10.0
2015-08-11T07:12:55.000000Z,27.03125,27.015625,1.0
2015-08-11T07:13:15.000000Z,27.03125,27.015625,3.0
2015-08-11T07:13:35.000000Z,27.03125,27.015625,2.0
2015-08-11T07:13:45.000000Z,27.03125,27.015625,2.0
2015-08-11T07:13:55.000000Z,27.03125,27.015625,3.0
2015-08-11T07:14:05.000000Z,27.03125,27.015625,1.0
2015-08-11T07:14:15.000000Z,27.03125,27.015625,1.0
2015-08-11T07:14:35.000000Z,27.03125,27.015625,1.0
2015-08-11T07:14:55.000000Z,27.03125,27.015625,1.0
2015-08-11T07:15:35.000000Z,27.03125,27.015625,1.0
2015-08-11T07:15:50.000000Z,27.03125,27.015625,1.0
2015-08-11T07:15:55.000000Z,27.03125,27.015625,1.0
2015-08-11T07:16:05.000000Z,27.03125,27.015625,1.0
2015-08-11T07:16:15.000000Z,27.03125,27.015625,1.0
2015-08-11T07:16:30.000000Z,27.03125,27.015625,1.0
2015-08-11T07:16:45.000000Z,27.03125,27.015625,1.0
2015-08-11T07:17:05.000000Z,27.03125,27.015625,1.0
2015-08-11T07:17:15.000000Z,27.03125,27.015625,1.0
2015-08-11T07:17:20.000000Z,27.03125,27.015625,2.0
2015-08-11T07:17:25.000000Z,27.03125,27.015625,1.0
2015-08-11T07:17:30.000000Z,27.03125,27.015625,1.0
2015-08-11T07:17:40.000000Z,27.03125,27.015625,1.0
2015-08-11T07:18:00.000000Z,27.03125,27.015625,1.0
2015-08-11T07:18:20.000000Z,27.03125,27.015625,1.0
2015-08-11T07:18:40.000000Z,27.03125,27.015625,1.0
2015-08-11T07:19:00.000000Z,27.03125,27.015625,1.0
2015-08-11T07:19:20.000000Z,27.03125,27.015625,1.0
2015-08-11T07:19:40.000000Z,27.03125,27.015625,1.0
2015-08-11T07:20:00.000000Z,27.03125,27.015625,1.0
2015-08-11T07:20:20.000000Z,27.03125,27.015625,1.0
2015-08-11T07:20:40.000000Z,27.03125,27.015625,1.0
2015-08-11T07:20:45.000000Z,27.03125,27.015625,1.0
2015-08-11T07:21:05.000000Z,27.03125,27.015625,1.0
2015-08-11T07:21:25.000000Z,27.03125,27.015625,1.0
2015-08-11T07:21:45.000000Z,27.03125,27.015625,1.0
2015-08-11T07:22:05.000000Z,27.03125,27.015625,1.0
2015-08-11T07:22:30.000000Z,27.03125,27.015625,1.0
2015-08-11T07:22:40.000000Z,27.03125,27.015625,1.0
2015-08-11T07:22:50.000000Z,27.03125,27.015625,1.0
2015-08-11T07:23:30.000000Z,27.03125,27.015625,4.0
2015-08-11T07:23:40.000000Z,27.03125,27.015625,1.0
2015-08-11T07:23:45.000000Z,27.03125,27.015625,2.0
2015-08-11T07:24:45.000000Z,27.03125,27.015625,1.0
2015-08-11T07:25:10.000000Z,27.03125,27.015625,1.0
2015-08-11T07:25:30.000000Z,27.03125,27.015625,1.0
2015-08-11T07:25:50.000000Z,27.03125,27.015625,1.0
2015-08-11T07:26:10.000000Z,27.03125,27.015625,1.0
2015-08-11T07:26:20.000000Z,27.03125,27.015625,3.0
2015-08-11T07:26:30.000000Z,27.046875,27.015625,3.0
2015-08-11T07:26:35.000000Z,27.046875,27.015625,3.0
2015-08-11T07:26:40.000000Z,27.046875,27.015625,2.0
2015-08-11T07:26:45.000000Z,27.046875,27.015625,1.0
2015-08-11T07:26:55.000000Z,27.046875,27.015625,1.0
2015-08-11T07:27:15.000000Z,27.046875,27.015625,1.0
2015-08-11T07:27:35.000000Z,27.046875,27.015625,1.0
2015-08-11T07:27:55.000000Z,27.046875,27.015625,1.0
2015-08-11T07:28:10.000000Z,27.046875,27.015625,1.0
2015-08-11T07:28:30.000000Z,27.046875,27.015625,1.0
2015-08-11T07:28:50.000000Z,27.046875,27.015625,1.0
2015-08-11T07:29:10.000000Z,27.046875,27.015625,1.0
2015-08-11T07:29:20.000000Z,27.046875,27.015625,4.0
2015-08-11T07:29:30.000000Z,27.046875,27.015625,2.0
2015-08-11T07:30:00.000000Z,27.046875,27.015625,1.0
2015-08-11T07:30:10.000000Z,27.046875,27.015625,1.0
2015-08-11T07:30:20.000000Z,27.046875,27.015625,1.0
2015-08-11T07:30:25.000000Z,27.046875,27.015625,1.0
2015-08-11T07:30:40.000000Z,27.046875,27.015625,1.0
2015-08-11T07:30:45.000000Z,27.03125,27.015625,1.0
2015-08-11T07:30:50.000000Z,27.03125,27.015625,1.0
2015-08-11T07:31:00.000000Z,27.03125,27.015625,1.0
2015-08-11T07:31:15.000000Z,27.03125,27.015625,2.0
2015-08-11T07:31:20.000000Z,27.03125,27.015625,1.0
2015-08-11T07:31:35.000000Z,27.03125,27.015625,1.0
2015-08-11T07:31:40.000000Z,27.03125,27.015625,1.0
2015-08-11T07:31:50.000000Z,27.046875,27.015625,4.0
2015-08-11T07:31:55.000000Z,27.046875,27.015625,2.0
2015-08-11T07:32:15.000000Z,27.046875,27.015625,1.0
2015-08-11T07:32:35.000000Z,27.046875,27.015625,1.0
2015-08-11T07:32:55.000000Z,27.046875,27.015625,1.0
2015-08-11T07:33:20.000000Z,27.046875,27.015625,1.0
2015-08-11T07:33:40.000000Z,27.046875,27.015625,1.0
2015-08-11T07:34:00.000000Z,27.046875,27.015625,1.0
2015-08-11T07:34:20.000000Z,27.046875,27.015625,1.0
2015-08-11T07:35:00.000000Z,27.046875,27.015625,1.0
2015-08-11T07:35:15.000000Z,27.046875,27.015625,1.0
2015-08-11T07:35:20.000000Z,27.046875,27.015625,2.0
2015-08-11T07:35:25.000000Z,27.046875,27.015625,1.0
2015-08-11T07:35:45.000000Z,27.046875,27.015625,1.0
2015-08-11T07:36:05.000000Z,27.046875,27.015625,1.0
2015-08-11T07:36:25.000000Z,27.046875,27.015625,1.0
2015-08-11T07:36:40.000000Z,27.046875,27.015625,1.0
2015-08-11T07:36:45.000000Z,27.046875,27.015625,1.0
2015-08-11T07:37:05.000000Z,27.046875,27.015625,1.0
2015-08-11T07:37:40.000000Z,27.046875,27.015625,1.0
2015-08-11T07:37:45.000000Z,27.046875,27.015625,1.0
2015-08-11T07:37:50.000000Z,27.046875,27.015625,1.0
2015-08-11T07:38:05.000000Z,27.046875,27.015625,1.0
2015-08-11T07:38:25.000000Z,27.046875,27.015625,1.0
2015-08-11T07:38:35.000000Z,27.046875,27.015625,1.0
2015-08-11T07:38:40.000000Z,27.046875,27.015625,1.0
2015-08-11T07:39:05.000000Z,27.046875,27.015625,1.0
2015-08-11T07:39:25.000000Z,27.046875,27.015625,1.0
2015-08-11T07:39:50.000000Z,27.03125,27.015625,5.0
2015-08-11T07:39:55.000000Z,27.03125,27.015625,9.0
2015-08-11T07:40:15.000000Z,27.03125,27.015625,1.0
2015-08-11T07:40:35.000000Z,27.03125,27.015625,1.0
2015-08-11T07:40:40.000000Z,27.046875,27.015625,1.0
2015-08-11T07:40:55.000000Z,27.046875,27.015625,1.0
2015-08-11T07:41:15.000000Z,27.046875,27.03125,7.0
2015-08-11T07:41:20.000000Z,27.046875,27.03125,2.0
2015-08-11T07:41:25.000000Z,27.046875,27.015625,9.0
2015-08-11T07:41:30.000000Z,27.046875,27.015625,1.0
2015-08-11T07:41:35.000000Z,27.046875,27.015625,1.0
2015-08-11T07:41:50.000000Z,27.046875,27.015625,1.0
2015-08-11T07:42:00.000000Z,27.046875,27.03125,10.0
2015-08-11T07:42:05.000000Z,27.046875,27.015625,9.0
2015-08-11T07:42:10.000000Z,27.046875,27.03125,8.0
2015-08-11T07:42:15.000000Z,27.046875,27.015625,9.0
2015-08-11T07:42:20.000000Z,27.046875,27.015625,2.0
2015-08-11T07:42:25.000000Z,27.046875,27.015625,1.0
2015-08-11T07:42:30.000000Z,27.046875,27.015625,5.0
2015-08-11T07:42:35.000000Z,27.03125,27.015625,2.0
2015-08-11T07:42:45.000000Z,27.03125,27.015625,5.0
2015-08-11T07:42:50.000000Z,27.03125,27.015625,7.0
2015-08-11T07:42:55.000000Z,27.03125,27.015625,12.0
2015-08-11T07:43:00.000000Z,27.046875,27.015625,10.0
2015-08-11T07:43:10.000000Z,27.046875,27.015625,4.0
2015-08-11T07:43:15.000000Z,27.03125,27.015625,7.0
2015-08-11T07:43:20.000000Z,27.03125,27.015625,1.0
2015-08-11T07:43:30.000000Z,27.03125,27.015625,4.0
2015-08-11T07:43:35.000000Z,27.03125,27.015625,2.0
2015-08-11T07:43:55.000000Z,27.03125,27.015625,1.0
2015-08-11T07:44:15.000000Z,27.03125,27.015625,1.0
2015-08-11T07:44:35.000000Z,27.03125,27.015625,1.0
2015-08-11T07:44:55.000000Z,27.03125,27.015625,1.0
2015-08-11T07:45:00.000000Z,27.03125,27.015625,1.0
2015-08-11T07:45:20.000000Z,27.03125,27.015625,1.0
2015-08-11T07:45:25.000000Z,27.03125,27.015625,1.0
2015-08-11T07:45:40.000000Z,27.03125,27.015625,1.0
2015-08-11T07:46:00.000000Z,27.03125,27.015625,1.0
