time,closeAsk,closeBid
2015-07-28T08:41:00.000000Z,27.03825,27.02091
2015-07-28T08:41:20.000000Z,27.03834,27.02092
2015-07-28T08:41:40.000000Z,27.03858,27.02092
2015-07-28T08:42:00.000000Z,27.03866,27.02091
2015-07-28T08:42:20.000000Z,27.0388,27.02092
2015-07-28T08:42:30.000000Z,27.03959,27.02068
2015-07-28T08:42:40.000000Z,27.03935,27.02092
2015-07-28T08:43:00.000000Z,27.03923,27.02092
2015-07-28T08:43:10.000000Z,27.03885,27.02092
2015-07-28T08:43:20.000000Z,27.03851,27.02092
2015-07-28T08:43:30.000000Z,27.03808,27.02017
2015-07-28T08:43:50.000000Z,27.03808,27.02038
2015-07-28T08:44:20.000000Z,27.03808,27.02042
2015-07-28T08:44:40.000000Z,27.03808,27.02038
2015-07-28T08:45:00.000000Z,27.03808,27.02027
2015-07-28T08:45:20.000000Z,27.03809,27.02031
2015-07-28T08:45:40.000000Z,27.03809,27.02024
2015-07-28T08:46:00.000000Z,27.03809,27.02031
2015-07-28T08:46:20.000000Z,27.03808,27.02038
2015-07-28T08:46:30.000000Z,27.03808,27.0208
2015-07-28T08:46:40.000000Z,27.03803,27.01891
2015-07-28T08:46:50.000000Z,27.03966,27.02043
2015-07-28T08:47:00.000000Z,27.03919,27.02092
2015-07-28T08:47:10.000000Z,27.03926,27.02092
2015-07-28T08:47:30.000000Z,27.03933,27.02092
2015-07-28T08:47:50.000000Z,27.03944,27.02092
2015-07-28T08:48:00.000000Z,27.0388,27.02077
2015-07-28T08:48:10.000000Z,27.03865,27.02091
2015-07-28T08:48:20.000000Z,27.03872,27.02092
2015-07-28T08:48:40.000000Z,27.03927,27.01992
2015-07-28T08:48:50.000000Z,27.03927,27.01992
2015-07-28T08:49:10.000000Z,27.03903,27.01992
2015-07-28T08:49:30.000000Z,27.03899,27.01992
2015-07-28T08:49:50.000000Z,27.03907,27.01992
2015-07-28T08:50:10.000000Z,27.03914,27.01992
2015-07-28T08:50:30.000000Z,27.03911,27.01992
2015-07-28T08:50:50.000000Z,27.03736,27.01992
2015-07-28T08:51:30.000000Z,27.03733,27.01992
2015-07-28T08:52:10.000000Z,27.03736,27.01992
2015-07-28T08:52:30.000000Z,27.03709,27.01987
2015-07-28T08:52:40.000000Z,27.03725,27.01992
2015-07-28T08:52:50.000000Z,27.03732,27.01991
2015-07-28T08:53:10.000000Z,27.03851,27.01992
2015-07-28T08:53:20.000000Z,27.0381,27.01991
2015-07-28T08:53:30.000000Z,27.03836,27.01992
2015-07-28T08:53:50.000000Z,27.03845,27.01992
2015-07-28T08:54:10.000000Z,27.03854,27.01992
2015-07-28T08:54:30.000000Z,27.03832,27.01992
2015-07-28T08:54:50.000000Z,27.03858,27.01992
2015-07-28T08:55:10.000000Z,27.0385,27.01992
2015-07-28T08:55:30.000000Z,27.03819,27.01992
2015-07-28T08:55:50.000000Z,27.03855,27.01992
2015-07-28T08:56:10.000000Z,27.03867,27.01992
2015-07-28T08:56:30.000000Z,27.03919,27.02092
2015-07-28T08:56:50.000000Z,27.03907,27.02091
2015-07-28T08:57:40.000000Z,27.03932,27.01992
2015-07-28T08:57:50.000000Z,27.0379,27.01953
2015-07-28T08:58:00.000000Z,27.03751,27.01992
2015-07-28T08:58:10.000000Z,27.03736,27.01991
2015-07-28T08:58:30.000000Z,27.03733,27.01992
2015-07-28T08:58:50.000000Z,27.03743,27.01991
2015-07-28T08:59:00.000000Z,27.03808,27.02013
2015-07-28T08:59:10.000000Z,27.03708,27.01961
2015-07-28T08:59:20.000000Z,27.03708,27.01945
2015-07-28T08:59:30.000000Z,27.03661,27.01792
2015-07-28T08:59:50.000000Z,27.03656,27.01692
2015-07-28T09:00:00.000000Z,27.03876,27.01975
2015-07-28T09:00:10.000000Z,27.03847,27.0194
2015-07-28T09:00:20.000000Z,27.03795,27.01991
2015-07-28T09:00:30.000000Z,27.03834,27.01992
2015-07-28T09:00:50.000000Z,27.03817,27.01992
2015-07-28T09:01:10.000000Z,27.03834,27.01992
2015-07-28T09:01:30.000000Z,27.03852,27.01992
2015-07-28T09:01:40.000000Z,27.03813,27.01992
2015-07-28T09:02:00.000000Z,27.03838,27.01992
2015-07-28T09:02:20.000000Z,27.03821,27.01992
2015-07-28T09:02:40.000000Z,27.03849,27.01991
2015-07-28T09:03:10.000000Z,27.03853,27.01992
2015-07-28T09:03:30.000000Z,27.03857,27.01992
2015-07-28T09:03:50.000000Z,27.03842,27.01992
2015-07-28T09:04:10.000000Z,27.0382,27.01992
2015-07-28T09:04:20.000000Z,27.03786,27.01992
2015-07-28T09:04:40.000000Z,27.03745,27.0166
2015-07-28T09:04:50.000000Z,27.03718,27.01891
2015-07-28T09:05:00.000000Z,27.0378,27.01791
2015-07-28T09:05:10.000000Z,27.03759,27.01791
2015-07-28T09:05:30.000000Z,27.03775,27.01792
2015-07-28T09:05:50.000000Z,27.03784,27.01792
2015-07-28T09:06:10.000000Z,27.03797,27.01792
2015-07-28T09:06:30.000000Z,27.03776,27.01792
2015-07-28T09:06:50.000000Z,27.03759,27.01792
2015-07-28T09:07:00.000000Z,27.03796,27.01791
2015-07-28T09:07:20.000000Z,27.03801,27.01792
2015-07-28T09:07:40.000000Z,27.03791,27.01791
2015-07-28T09:07:50.000000Z,27.03662,27.01625
2015-07-28T09:08:00.000000Z,27.03843,27.01975
2015-07-28T09:08:10.000000Z,27.03877,27.01975
2015-07-28T09:08:30.000000Z,27.03873,27.01975
2015-07-28T09:09:10.000000Z,27.03877,27.01975
2015-07-28T09:09:20.000000Z,27.03795,27.01925
2015-07-28T09:09:40.000000Z,27.03788,27.01925
2015-07-28T09:09:50.000000Z,27.03928,27.01925
2015-07-28T09:10:10.000000Z,27.03933,27.01925
2015-07-28T09:10:30.000000Z,27.03921,27.01925
2015-07-28T09:10:50.000000Z,27.03921,27.01925
2015-07-28T09:11:00.000000Z,27.03757,27.01851
2015-07-28T09:11:10.000000Z,27.03716,27.01892
2015-07-28T09:11:30.000000Z,27.03938,27.02025
2015-07-28T09:11:50.000000Z,27.03929,27.02025
2015-07-28T09:12:20.000000Z,27.04074,27.0207
2015-07-28T09:12:30.000000Z,27.04016,27.02225
2015-07-28T09:12:40.000000Z,27.04083,27.02225
2015-07-28T09:12:50.000000Z,27.04101,27.02225
2015-07-28T09:13:10.000000Z,27.04093,27.02225
2015-07-28T09:13:20.000000Z,27.04172,27.02225
2015-07-28T09:13:40.000000Z,27.04151,27.02225
2015-07-28T09:14:00.000000Z,27.04138,27.02225
2015-07-28T09:14:10.000000Z,27.04103,27.02192
2015-07-28T09:14:30.000000Z,27.04115,27.02192
2015-07-28T09:14:50.000000Z,27.04119,27.02192
2015-07-28T09:15:10.000000Z,27.04111,27.02192
2015-07-28T09:15:40.000000Z,27.04114,27.02225
2015-07-28T09:15:50.000000Z,27.04123,27.02225
2015-07-28T09:16:10.000000Z,27.04115,27.02192
2015-07-28T09:16:30.000000Z,27.04082,27.02192
2015-07-28T09:16:50.000000Z,27.04044,27.02192
2015-07-28T09:17:10.000000Z,27.04052,27.02192
2015-07-28T09:17:40.000000Z,27.04117,27.02092
2015-07-28T09:17:50.000000Z,27.0406,27.02192
2015-07-28T09:18:00.000000Z,27.0406,27.02192
2015-07-28T09:18:10.000000Z,27.04044,27.02192
2015-07-28T09:18:30.000000Z,27.0404,27.02192
2015-07-28T09:18:50.000000Z,27.04052,27.02192
2015-07-28T09:19:10.000000Z,27.04056,27.02192
2015-07-28T09:19:30.000000Z,27.04098,27.02192
2015-07-28T09:20:00.000000Z,27.03986,27.02088
2015-07-28T09:20:10.000000Z,27.03942,27.02092
2015-07-28T09:20:30.000000Z,27.03951,27.02008
2015-07-28T09:20:40.000000Z,27.03869,27.02092
2015-07-28T09:20:50.000000Z,27.03844,27.02092
2015-07-28T09:21:10.000000Z,27.03828,27.02091
2015-07-28T09:21:30.000000Z,27.03883,27.01975
2015-07-28T09:21:40.000000Z,27.03808,27.02089
2015-07-28T09:21:50.000000Z,27.03809,27.02082
2015-07-28T09:22:10.000000Z,27.03819,27.02092
2015-07-28T09:22:30.000000Z,27.0398,27.01925
2015-07-28T09:22:40.000000Z,27.03973,27.01992
2015-07-28T09:22:50.000000Z,27.03956,27.01992
2015-07-28T09:23:10.000000Z,27.03935,27.01991
2015-07-28T09:23:30.000000Z,27.03931,27.01992
2015-07-28T09:23:50.000000Z,27.03935,27.01992
2015-07-28T09:24:10.000000Z,27.03923,27.01992
2015-07-28T09:24:30.000000Z,27.03655,27.01892
2015-07-28T09:24:50.000000Z,27.03649,27.01891
2015-07-28T09:25:30.000000Z,27.0363,27.01892
2015-07-28T09:25:40.000000Z,27.03609,27.01891
2015-07-28T09:26:10.000000Z,27.03609,27.0189
2015-07-28T09:26:30.000000Z,27.03608,27.01883
2015-07-28T09:27:00.000000Z,27.03609,27.01876
2015-07-28T09:27:20.000000Z,27.03626,27.01892
2015-07-28T09:27:30.000000Z,27.03739,27.01992
2015-07-28T09:27:50.000000Z,27.03743,27.01991
2015-07-28T09:28:00.000000Z,27.03781,27.01992
2015-07-28T09:28:20.000000Z,27.03718,27.01992
2015-07-28T09:28:40.000000Z,27.03739,27.01992
2015-07-28T09:29:00.000000Z,27.03944,27.01991
2015-07-28T09:29:10.000000Z,27.03955,27.01992
2015-07-28T09:31:30.000000Z,27.03975,27.01887
2015-07-28T09:31:40.000000Z,27.03975,27.01858
2015-07-28T09:32:00.000000Z,27.04014,27.01934
2015-07-28T09:32:10.000000Z,27.03975,27.01973
2015-07-28T09:32:20.000000Z,27.03975,27.01966
2015-07-28T09:32:40.000000Z,27.03975,27.01977
2015-07-28T09:33:00.000000Z,27.03975,27.0197
2015-07-28T09:33:10.000000Z,27.03975,27.02019
2015-07-28T09:33:20.000000Z,27.03975,27.02013
2015-07-28T09:33:40.000000Z,27.03975,27.02023
2015-07-28T09:34:00.000000Z,27.03975,27.02016
2015-07-28T09:34:10.000000Z,27.03975,27.01979
2015-07-28T09:34:20.000000Z,27.03975,27.02006
2015-07-28T09:34:50.000000Z,27.03975,27.01983
2015-07-28T09:35:10.000000Z,27.03975,27.01972
2015-07-28T09:35:30.000000Z,27.03975,27.01979
2015-07-28T09:36:00.000000Z,27.03975,27.01897
2015-07-28T09:36:10.000000Z,27.03975,27.01879
2015-07-28T09:36:20.000000Z,27.03875,27.01899
2015-07-28T09:36:30.000000Z,27.03912,27.01872
2015-07-28T09:36:40.000000Z,27.03858,27.01876
2015-07-28T09:36:50.000000Z,27.03808,27.01904
2015-07-28T09:37:00.000000Z,27.03808,27.01913
2015-07-28T09:37:20.000000Z,27.03809,27.01923
2015-07-28T09:37:40.000000Z,27.03808,27.01919
2015-07-28T09:38:50.000000Z,27.03808,27.01926
2015-07-28T09:39:10.000000Z,27.03808,27.0191
2015-07-28T09:39:30.000000Z,27.03736,27.01892
2015-07-28T09:39:40.000000Z,27.03808,27.01909
2015-07-28T09:39:50.000000Z,27.03808,27.01929
2015-07-28T09:40:10.000000Z,27.03808,27.01901
2015-07-28T09:40:30.000000Z,27.03809,27.01907
2015-07-28T09:40:50.000000Z,27.03808,27.0191
2015-07-28T09:41:00.000000Z,27.03726,27.01774
2015-07-28T09:41:10.000000Z,27.03808,27.01914
2015-07-28T09:41:30.000000Z,27.03808,27.01911
2015-07-28T09:41:50.000000Z,27.03808,27.01864
2015-07-28T09:42:10.000000Z,27.03808,27.01867
2015-07-28T09:42:30.000000Z,27.03808,27.01887
2015-07-28T09:42:50.000000Z,27.03808,27.01874
2015-07-28T09:43:00.000000Z,27.03675,27.01747
2015-07-28T09:43:20.000000Z,27.03675,27.01742
2015-07-28T09:43:40.000000Z,27.03675,27.01738
2015-07-28T09:44:20.000000Z,27.03675,27.01754
2015-07-28T09:45:20.000000Z,27.03675,27.01738
2015-07-28T09:45:30.000000Z,27.03575,27.01801
2015-07-28T09:45:40.000000Z,27.03675,27.01737
2015-07-28T09:46:00.000000Z,27.03675,27.01745
2015-07-28T09:46:20.000000Z,27.03675,27.01738
2015-07-28T09:46:40.000000Z,27.03675,27.0171
2015-07-28T09:47:00.000000Z,27.03675,27.01671
2015-07-28T09:47:20.000000Z,27.03675,27.01687
2015-07-28T09:47:40.000000Z,27.03675,27.01667
2015-07-28T09:48:00.000000Z,27.03608,27.01682
2015-07-28T09:48:10.000000Z,27.03813,27.01858
2015-07-28T09:48:20.000000Z,27.03808,27.01862
2015-07-28T09:48:30.000000Z,27.03808,27.01847
2015-07-28T09:48:50.000000Z,27.03808,27.01858
2015-07-28T09:49:10.000000Z,27.03808,27.01847
2015-07-28T09:49:30.000000Z,27.03808,27.01836
2015-07-28T09:49:50.000000Z,27.03724,27.01892
2015-07-28T09:50:30.000000Z,27.03716,27.01892
2015-07-28T09:50:50.000000Z,27.03709,27.01892
2015-07-28T09:51:10.000000Z,27.03708,27.01884
2015-07-28T09:51:20.000000Z,27.03708,27.01843
2015-07-28T09:51:30.000000Z,27.03575,27.01732
2015-07-28T09:51:40.000000Z,27.03529,27.01691
2015-07-28T09:51:50.000000Z,27.0357,27.01691
2015-07-28T09:52:00.000000Z,27.03756,27.01891
2015-07-28T09:52:10.000000Z,27.03808,27.01877
2015-07-28T09:52:20.000000Z,27.03809,27.01884
2015-07-28T09:52:40.000000Z,27.03808,27.01869
2015-07-28T09:53:00.000000Z,27.03808,27.01876
2015-07-28T09:53:20.000000Z,27.03808,27.0188
2015-07-28T09:53:40.000000Z,27.03808,27.01887
2015-07-28T09:54:00.000000Z,27.03808,27.0188
2015-07-28T09:54:20.000000Z,27.03808,27.01876
2015-07-28T09:54:40.000000Z,27.03808,27.01873
2015-07-28T09:55:00.000000Z,27.03808,27.0188
2015-07-28T09:56:10.000000Z,27.03808,27.01876
2015-07-28T09:56:30.000000Z,27.03808,27.0188
2015-07-28T09:56:50.000000Z,27.03808,27.01891
2015-07-28T09:57:00.000000Z,27.03808,27.01892
2015-07-28T09:57:10.000000Z,27.03808,27.01869
2015-07-28T09:57:30.000000Z,27.03908,27.01915
2015-07-28T09:57:50.000000Z,27.03905,27.01896
2015-07-28T09:58:10.000000Z,27.03908,27.01895
2015-07-28T09:58:30.000000Z,27.03908,27.01898
2015-07-28T09:58:50.000000Z,27.03908,27.01895
2015-07-28T09:59:30.000000Z,27.03908,27.01919
2015-07-28T09:59:50.000000Z,27.03909,27.01899
2015-07-28T10:00:20.000000Z,27.03908,27.01919
2015-07-28T10:00:40.000000Z,27.03908,27.01905
2015-07-28T10:01:00.000000Z,27.03908,27.01902
2015-07-28T10:01:20.000000Z,27.03908,27.01919
2015-07-28T10:01:30.000000Z,27.03875,27.01908
2015-07-28T10:01:40.000000Z,27.03875,27.01904
2015-07-28T10:01:50.000000Z,27.03909,27.01959
2015-07-28T10:02:00.000000Z,27.03908,27.01972
2015-07-28T10:02:10.000000Z,27.03908,27.02061
2015-07-28T10:02:20.000000Z,27.03908,27.02084
2015-07-28T10:02:40.000000Z,27.03908,27.02071
2015-07-28T10:02:50.000000Z,27.04008,27.02011
2015-07-28T10:03:00.000000Z,27.04008,27.02029
2015-07-28T10:03:20.000000Z,27.03908,27.02004
2015-07-28T10:03:30.000000Z,27.03908,27.0192
2015-07-28T10:03:50.000000Z,27.03908,27.01912
2015-07-28T10:04:10.000000Z,27.03908,27.01919
2015-07-28T10:04:30.000000Z,27.03908,27.0194
2015-07-28T10:04:50.000000Z,27.03908,27.01932
2015-07-28T10:05:10.000000Z,27.03908,27.01928
2015-07-28T10:05:30.000000Z,27.03909,27.01924
2015-07-28T10:06:00.000000Z,27.03809,27.01932
2015-07-28T10:06:10.000000Z,27.03809,27.01932
2015-07-28T10:06:20.000000Z,27.03808,27.01952
2015-07-28T10:06:40.000000Z,27.03808,27.01923
2015-07-28T10:07:00.000000Z,27.03808,27.01927
2015-07-28T10:07:20.000000Z,27.03808,27.01943
2015-07-28T10:07:30.000000Z,27.03808,27.01954
2015-07-28T10:07:40.000000Z,27.03809,27.01992
2015-07-28T10:07:50.000000Z,27.03815,27.01992
2015-07-28T10:08:00.000000Z,27.03814,27.01991
2015-07-28T10:08:10.000000Z,27.03808,27.01978
2015-07-28T10:08:20.000000Z,27.03886,27.01879
2015-07-28T10:08:30.000000Z,27.03979,27.0201
2015-07-28T10:08:40.000000Z,27.03956,27.01992
2015-07-28T10:08:50.000000Z,27.03966,27.01991
2015-07-28T10:09:50.000000Z,27.03959,27.01992
2015-07-28T10:10:00.000000Z,27.03988,27.01992
2015-07-28T10:10:10.000000Z,27.03981,27.01992
2015-07-28T10:10:30.000000Z,27.03988,27.01992
2015-07-28T10:10:50.000000Z,27.03996,27.01992
2015-07-28T10:11:10.000000Z,27.03988,27.01991
2015-07-28T10:11:20.000000Z,27.04005,27.01992
2015-07-28T10:11:30.000000Z,27.03928,27.02092
2015-07-28T10:11:40.000000Z,27.03931,27.02092
2015-07-28T10:11:50.000000Z,27.04009,27.01992
2015-07-28T10:12:00.000000Z,27.03924,27.02092
2015-07-28T10:12:20.000000Z,27.0391,27.02091
2015-07-28T10:12:40.000000Z,27.04008,27.0208
2015-07-28T10:13:00.000000Z,27.04018,27.02101
2015-07-28T10:13:10.000000Z,27.04008,27.02081
2015-07-28T10:13:50.000000Z,27.04008,27.02104
2015-07-28T10:14:00.000000Z,27.04008,27.02061
2015-07-28T10:14:10.000000Z,27.04008,27.02064
2015-07-28T10:14:30.000000Z,27.04008,27.02057
2015-07-28T10:14:40.000000Z,27.03932,27.02092
2015-07-28T10:14:50.000000Z,27.03921,27.02092
2015-07-28T10:15:30.000000Z,27.03924,27.02092
2015-07-28T10:15:50.000000Z,27.03928,27.02092
2015-07-28T10:16:10.000000Z,27.03939,27.02092
2015-07-28T10:16:50.000000Z,27.03921,27.02092
2015-07-28T10:17:10.000000Z,27.039,27.01992
2015-07-28T10:17:20.000000Z,27.0386,27.01992
2015-07-28T10:17:30.000000Z,27.03706,27.01673
2015-07-28T10:17:40.000000Z,27.03964,27.01992
2015-07-28T10:18:00.000000Z,27.03965,27.01992
2015-07-28T10:18:50.000000Z,27.03982,27.01992
2015-07-28T10:19:10.000000Z,27.03993,27.01991
2015-07-28T10:19:30.000000Z,27.03982,27.01992
2015-07-28T10:19:50.000000Z,27.04034,27.02092
2015-07-28T10:20:00.000000Z,27.04075,27.02133
2015-07-28T10:20:10.000000Z,27.04075,27.02125
2015-07-28T10:20:20.000000Z,27.04209,27.02228
2015-07-28T10:20:40.000000Z,27.04208,27.02246
2015-07-28T10:21:00.000000Z,27.04208,27.02221
2015-07-28T10:21:10.000000Z,27.04209,27.023
2015-07-28T10:21:20.000000Z,27.04208,27.0232
2015-07-28T10:21:40.000000Z,27.04208,27.02335
2015-07-28T10:22:00.000000Z,27.04208,27.02317
2015-07-28T10:22:30.000000Z,27.04208,27.02343
2015-07-28T10:22:50.000000Z,27.04208,27.02317
2015-07-28T10:23:10.000000Z,27.04209,27.02321
2015-07-28T10:23:50.000000Z,27.04208,27.02324
2015-07-28T10:24:00.000000Z,27.04236,27.02292
2015-07-28T10:24:10.000000Z,27.04133,27.02292
2015-07-28T10:24:30.000000Z,27.04129,27.02292
2015-07-28T10:25:30.000000Z,27.04125,27.02292
2015-07-28T10:26:10.000000Z,27.04108,27.02285
2015-07-28T10:26:30.000000Z,27.04118,27.02292
2015-07-28T10:26:50.000000Z,27.04112,27.02292
2015-07-28T10:27:10.000000Z,27.04122,27.02292
2015-07-28T10:27:30.000000Z,27.04125,27.02292
2015-07-28T10:28:10.000000Z,27.04129,27.02292
2015-07-28T10:28:30.000000Z,27.04115,27.02292
2015-07-28T10:29:00.000000Z,27.04122,27.02292
2015-07-28T10:29:10.000000Z,27.04165,27.02292
2015-07-28T10:29:20.000000Z,27.0419,27.02292
2015-07-28T10:30:00.000000Z,27.04201,27.02292
2015-07-28T10:30:40.000000Z,27.04126,27.02292
2015-07-28T10:31:20.000000Z,27.04112,27.02292
2015-07-28T10:31:40.000000Z,27.04109,27.02292
2015-07-28T10:32:00.000000Z,27.04108,27.02285
2015-07-28T10:32:20.000000Z,27.04115,27.02292
2015-07-28T10:33:00.000000Z,27.04118,27.02291
2015-07-28T10:33:20.000000Z,27.04115,27.02292
2015-07-28T10:33:40.000000Z,27.04118,27.02291
2015-07-28T10:34:00.000000Z,27.04125,27.02292
2015-07-28T10:34:20.000000Z,27.04108,27.02279
2015-07-28T10:34:40.000000Z,27.04108,27.02285
2015-07-28T10:35:00.000000Z,27.04108,27.02291
2015-07-28T10:35:40.000000Z,27.04108,27.02136
2015-07-28T10:35:50.000000Z,27.04208,27.02201
2015-07-28T10:36:00.000000Z,27.04208,27.02271
2015-07-28T10:36:10.000000Z,27.04208,27.02275
2015-07-28T10:36:30.000000Z,27.04208,27.02271
2015-07-28T10:36:50.000000Z,27.04209,27.02261
2015-07-28T10:37:10.000000Z,27.04209,27.02268
2015-07-28T10:37:30.000000Z,27.04208,27.0224
2015-07-28T10:37:50.000000Z,27.04208,27.02243
2015-07-28T10:38:10.000000Z,27.04208,27.0224
2015-07-28T10:38:50.000000Z,27.04208,27.02246
2015-07-28T10:39:10.000000Z,27.04208,27.0225
2015-07-28T10:39:40.000000Z,27.04208,27.02243
2015-07-28T10:40:00.000000Z,27.04209,27.02247
2015-07-28T10:40:20.000000Z,27.04208,27.02243
2015-07-28T10:40:40.000000Z,27.04208,27.0225
2015-07-28T10:41:00.000000Z,27.04208,27.0226
2015-07-28T10:41:20.000000Z,27.04208,27.02247
2015-07-28T10:41:40.000000Z,27.04208,27.02237
2015-07-28T10:42:00.000000Z,27.04209,27.02231
2015-07-28T10:42:30.000000Z,27.04178,27.02248
2015-07-28T10:42:40.000000Z,27.04175,27.02208
2015-07-28T10:42:50.000000Z,27.04175,27.02216
2015-07-28T10:43:10.000000Z,27.04175,27.02227
2015-07-28T10:43:30.000000Z,27.04175,27.02234
2015-07-28T10:43:50.000000Z,27.04175,27.02227
2015-07-28T10:44:10.000000Z,27.04175,27.0226
2015-07-28T10:44:30.000000Z,27.04175,27.02249
2015-07-28T10:44:50.000000Z,27.04175,27.02227
2015-07-28T10:45:10.000000Z,27.04175,27.02217
2015-07-28T10:45:30.000000Z,27.04175,27.02227
2015-07-28T10:46:10.000000Z,27.04175,27.02237
2015-07-28T10:46:30.000000Z,27.04175,27.02227
2015-07-28T10:47:10.000000Z,27.04175,27.0223
2015-07-28T10:47:30.000000Z,27.04175,27.02265
2015-07-28T10:47:40.000000Z,27.04175,27.02231
2015-07-28T10:48:00.000000Z,27.04175,27.02227
2015-07-28T10:48:20.000000Z,27.04175,27.02241
2015-07-28T10:48:50.000000Z,27.04175,27.0222
2015-07-28T10:49:00.000000Z,27.04175,27.0222
2015-07-28T10:49:20.000000Z,27.04175,27.02241
2015-07-28T10:49:40.000000Z,27.04175,27.02224
2015-07-28T10:50:00.000000Z,27.04175,27.02234
2015-07-28T10:50:20.000000Z,27.04175,27.02227
2015-07-28T10:50:40.000000Z,27.04175,27.0222
2015-07-28T10:51:00.000000Z,27.04208,27.0226
2015-07-28T10:51:10.000000Z,27.04275,27.02131
2015-07-28T10:51:20.000000Z,27.04275,27.02135
2015-07-28T10:51:40.000000Z,27.04275,27.02148
2015-07-28T10:52:00.000000Z,27.04275,27.02169
2015-07-28T10:52:20.000000Z,27.04275,27.02144
2015-07-28T10:52:40.000000Z,27.04208,27.02178
2015-07-28T10:53:00.000000Z,27.04209,27.02182
2015-07-28T10:53:20.000000Z,27.04208,27.02186
2015-07-28T10:53:40.000000Z,27.04202,27.02192
2015-07-28T10:53:50.000000Z,27.04108,27.02232
2015-07-28T10:54:10.000000Z,27.04111,27.02191
2015-07-28T10:54:20.000000Z,27.04048,27.02192
2015-07-28T10:54:30.000000Z,27.04108,27.02165
2015-07-28T10:54:50.000000Z,27.04108,27.02169
2015-07-28T10:55:30.000000Z,27.04108,27.02158
2015-07-28T10:55:50.000000Z,27.04108,27.02176
2015-07-28T10:56:10.000000Z,27.04108,27.02172
2015-07-28T10:57:00.000000Z,27.04108,27.02176
2015-07-28T10:57:20.000000Z,27.04012,27.02191
2015-07-28T10:57:30.000000Z,27.03975,27.02047
2015-07-28T10:57:40.000000Z,27.03975,27.02014
2015-07-28T10:57:50.000000Z,27.03975,27.01996
2015-07-28T10:58:10.000000Z,27.03775,27.01989
2015-07-28T10:58:20.000000Z,27.03775,27.01904
2015-07-28T10:58:40.000000Z,27.03775,27.01889
2015-07-28T10:59:00.000000Z,27.03675,27.01821
2015-07-28T10:59:20.000000Z,27.03675,27.0179
2015-07-28T10:59:40.000000Z,27.03675,27.01785
2015-07-28T11:00:00.000000Z,27.03575,27.01903
2015-07-28T11:00:10.000000Z,27.03575,27.01839
2015-07-28T11:00:30.000000Z,27.03575,27.01811
2015-07-28T11:00:50.000000Z,27.03575,27.0178
2015-07-28T11:01:00.000000Z,27.03575,27.01782
2015-07-28T11:01:10.000000Z,27.03575,27.01796
2015-07-28T11:01:50.000000Z,27.03575,27.01818
2015-07-28T11:02:10.000000Z,27.03575,27.01797
2015-07-28T11:02:50.000000Z,27.03575,27.018
2015-07-28T11:03:10.000000Z,27.03575,27.01854
2015-07-28T11:03:20.000000Z,27.0372,27.02092
2015-07-28T11:03:40.000000Z,27.03725,27.02092
2015-07-28T11:04:00.000000Z,27.03735,27.02086
2015-07-28T11:04:20.000000Z,27.03775,27.02065
2015-07-28T11:04:30.000000Z,27.03777,27.02092
2015-07-28T11:04:50.000000Z,27.03775,27.02213
2015-07-28T11:05:00.000000Z,27.03774,27.02166
2015-07-28T11:05:10.000000Z,27.03775,27.02214
2015-07-28T11:05:20.000000Z,27.03875,27.02021
2015-07-28T11:05:40.000000Z,27.03875,27.02016
2015-07-28T11:06:00.000000Z,27.03875,27.02021
2015-07-28T11:06:50.000000Z,27.03775,27.02141
2015-07-28T11:07:20.000000Z,27.03775,27.02091
2015-07-28T11:07:40.000000Z,27.03775,27.02047
2015-07-28T11:08:00.000000Z,27.03775,27.02042
2015-07-28T11:08:20.000000Z,27.03775,27.02039
2015-07-28T11:08:40.000000Z,27.03775,27.02045
2015-07-28T11:09:00.000000Z,27.03775,27.0206
2015-07-28T11:09:30.000000Z,27.03775,27.02068
2015-07-28T11:10:10.000000Z,27.03775,27.02053
2015-07-28T11:10:30.000000Z,27.03875,27.02122
2015-07-28T11:10:50.000000Z,27.03875,27.02105
2015-07-28T11:11:10.000000Z,27.03875,27.02101
2015-07-28T11:11:30.000000Z,27.03875,27.02105
2015-07-28T11:11:50.000000Z,27.03875,27.02118
2015-07-28T11:12:10.000000Z,27.03875,27.02113
2015-07-28T11:12:20.000000Z,27.03775,27.02124
2015-07-28T11:12:50.000000Z,27.03775,27.02148
2015-07-28T11:13:10.000000Z,27.03775,27.02136
2015-07-28T11:13:30.000000Z,27.03775,27.02112
2015-07-28T11:13:40.000000Z,27.03775,27.02135
2015-07-28T11:13:50.000000Z,27.03775,27.02112
2015-07-28T11:14:10.000000Z,27.03775,27.02123
2015-07-28T11:14:20.000000Z,27.03675,27.02087
2015-07-28T11:14:40.000000Z,27.03676,27.02092
2015-07-28T11:15:00.000000Z,27.03675,27.02083
2015-07-28T11:15:10.000000Z,27.0369,27.01992
2015-07-28T11:15:20.000000Z,27.03486,27.01992
2015-07-28T11:15:40.000000Z,27.0349,27.01992
2015-07-28T11:16:00.000000Z,27.03499,27.01992
2015-07-28T11:16:20.000000Z,27.03493,27.01991
2015-07-28T11:16:40.000000Z,27.03487,27.01992
2015-07-28T11:17:00.000000Z,27.03481,27.01992
2015-07-28T11:17:10.000000Z,27.03515,27.01991
2015-07-28T11:17:30.000000Z,27.03675,27.01983
2015-07-28T11:17:50.000000Z,27.03675,27.0199
2015-07-28T11:18:30.000000Z,27.0369,27.01992
2015-07-28T11:18:40.000000Z,27.03584,27.01892
2015-07-28T11:19:20.000000Z,27.03591,27.01892
2015-07-28T11:19:40.000000Z,27.03568,27.01891
2015-07-28T11:20:00.000000Z,27.03508,27.01882
2015-07-28T11:20:10.000000Z,27.03498,27.01892
2015-07-28T11:20:20.000000Z,27.03502,27.01892
2015-07-28T11:20:40.000000Z,27.03514,27.01892
2015-07-28T11:21:00.000000Z,27.03519,27.01892
2015-07-28T11:21:20.000000Z,27.03514,27.01892
2015-07-28T11:21:40.000000Z,27.0351,27.01892
2015-07-28T11:22:00.000000Z,27.03502,27.01892
2015-07-28T11:23:00.000000Z,27.03506,27.01892
2015-07-28T11:23:40.000000Z,27.03556,27.01892
2015-07-28T11:23:50.000000Z,27.03686,27.01892
2015-07-28T11:24:00.000000Z,27.03733,27.0191
2015-07-28T11:24:10.000000Z,27.03675,27.01975
2015-07-28T11:24:30.000000Z,27.03675,27.01965
2015-07-28T11:25:00.000000Z,27.03503,27.01892
2015-07-28T11:25:20.000000Z,27.03518,27.01891
2015-07-28T11:25:40.000000Z,27.03514,27.01892
2015-07-28T11:26:10.000000Z,27.03491,27.01892
2015-07-28T11:26:30.000000Z,27.03483,27.01891
2015-07-28T11:26:50.000000Z,27.0348,27.01892
2015-07-28T11:27:10.000000Z,27.03483,27.01892
2015-07-28T11:27:30.000000Z,27.03494,27.01892
2015-07-28T11:28:10.000000Z,27.03509,27.01892
2015-07-28T11:28:50.000000Z,27.03498,27.01892
2015-07-28T11:29:10.000000Z,27.03494,27.01892
2015-07-28T11:29:30.000000Z,27.03514,27.01892
2015-07-28T11:30:00.000000Z,27.03506,27.01892
2015-07-28T11:30:10.000000Z,27.03675,27.01959
2015-07-28T11:30:20.000000Z,27.03675,27.01978
2015-07-28T11:30:30.000000Z,27.03566,27.02088
2015-07-28T11:30:40.000000Z,27.03509,27.02125
2015-07-28T11:30:50.000000Z,27.03528,27.02125
2015-07-28T11:31:10.000000Z,27.03521,27.02125
2015-07-28T11:31:30.000000Z,27.03557,27.02125
2015-07-28T11:31:50.000000Z,27.03673,27.01992
2015-07-28T11:32:20.000000Z,27.03676,27.01992
2015-07-28T11:32:40.000000Z,27.03572,27.01892
2015-07-28T11:33:00.000000Z,27.0351,27.01892
2015-07-28T11:33:10.000000Z,27.03531,27.01892
2015-07-28T11:33:30.000000Z,27.03526,27.01892
2015-07-28T11:34:10.000000Z,27.03575,27.01973
2015-07-28T11:34:20.000000Z,27.03575,27.01981
2015-07-28T11:34:40.000000Z,27.03508,27.02025
2015-07-28T11:35:00.000000Z,27.03463,27.02025
2015-07-28T11:35:10.000000Z,27.03484,27.02025
2015-07-28T11:35:30.000000Z,27.03488,27.02025
2015-07-28T11:35:50.000000Z,27.03514,27.02025
2015-07-28T11:36:10.000000Z,27.03505,27.02025
2015-07-28T11:36:20.000000Z,27.03575,27.02204
2015-07-28T11:36:30.000000Z,27.03609,27.02125
2015-07-28T11:36:40.000000Z,27.03618,27.02125
2015-07-28T11:37:00.000000Z,27.03611,27.02125
2015-07-28T11:37:20.000000Z,27.03619,27.02125
2015-07-28T11:38:00.000000Z,27.03629,27.02125
2015-07-28T11:38:20.000000Z,27.03625,27.02125
2015-07-28T11:39:00.000000Z,27.03622,27.02125
2015-07-28T11:39:20.000000Z,27.03625,27.02125
2015-07-28T11:39:40.000000Z,27.03611,27.02125
2015-07-28T11:39:50.000000Z,27.03634,27.02125
2015-07-28T11:40:00.000000Z,27.0355,27.02025
2015-07-28T11:40:10.000000Z,27.03606,27.02125
2015-07-28T11:40:20.000000Z,27.03604,27.02125
2015-07-28T11:40:30.000000Z,27.03625,27.02125
2015-07-28T11:40:40.000000Z,27.03605,27.02125
2015-07-28T11:40:50.000000Z,27.03625,27.02125
2015-07-28T11:41:00.000000Z,27.03605,27.02125
2015-07-28T11:41:20.000000Z,27.03614,27.02125
2015-07-28T11:41:50.000000Z,27.03611,27.02125
2015-07-28T11:42:30.000000Z,27.03605,27.02125
2015-07-28T11:42:50.000000Z,27.03611,27.02125
2015-07-28T11:43:10.000000Z,27.03608,27.02125
2015-07-28T11:43:30.000000Z,27.03596,27.02092
2015-07-28T11:43:50.000000Z,27.03591,27.02092
2015-07-28T11:44:10.000000Z,27.03614,27.02092
2015-07-28T11:44:30.000000Z,27.03595,27.02092
2015-07-28T11:44:50.000000Z,27.03598,27.02092
2015-07-28T11:45:10.000000Z,27.03584,27.02091
2015-07-28T11:45:20.000000Z,27.03605,27.02092
2015-07-28T11:45:30.000000Z,27.03509,27.02092
2015-07-28T11:45:40.000000Z,27.03507,27.02092
2015-07-28T11:45:50.000000Z,27.035,27.02092
2015-07-28T11:46:10.000000Z,27.03496,27.02092
2015-07-28T11:46:30.000000Z,27.03489,27.02092
2015-07-28T11:47:20.000000Z,27.03477,27.02092
2015-07-28T11:48:00.000000Z,27.0347,27.02092
2015-07-28T11:48:20.000000Z,27.03488,27.02092
2015-07-28T11:48:40.000000Z,27.03483,27.02092
2015-07-28T11:49:00.000000Z,27.03489,27.02092
2015-07-28T11:49:20.000000Z,27.03492,27.02092
2015-07-28T11:49:40.000000Z,27.03496,27.02092
2015-07-28T11:50:00.000000Z,27.03489,27.02092
2015-07-28T11:50:20.000000Z,27.03406,27.02067
2015-07-28T11:50:30.000000Z,27.03512,27.02092
2015-07-28T11:50:40.000000Z,27.03649,27.02125
2015-07-28T11:51:00.000000Z,27.03639,27.02092
2015-07-28T11:51:20.000000Z,27.03635,27.02092
2015-07-28T11:51:40.000000Z,27.03628,27.02092
2015-07-28T11:52:00.000000Z,27.03625,27.02092
2015-07-28T11:52:20.000000Z,27.03644,27.02092
2015-07-28T11:52:40.000000Z,27.03655,27.02092
2015-07-28T11:52:50.000000Z,27.03545,27.02091
2015-07-28T11:53:00.000000Z,27.03459,27.0203
2015-07-28T11:53:10.000000Z,27.03394,27.02091
2015-07-28T11:53:20.000000Z,27.03372,27.02092
2015-07-28T11:54:10.000000Z,27.03384,27.02092
2015-07-28T11:54:20.000000Z,27.03359,27.02092
2015-07-28T11:54:40.000000Z,27.03379,27.02092
2015-07-28T11:55:20.000000Z,27.03371,27.02092
2015-07-28T11:56:00.000000Z,27.03375,27.02092
2015-07-28T11:57:40.000000Z,27.03389,27.02092
2015-07-28T11:57:50.000000Z,27.03448,27.01992
2015-07-28T11:58:00.000000Z,27.03613,27.02025
2015-07-28T11:58:20.000000Z,27.03611,27.02025
2015-07-28T11:59:00.000000Z,27.03625,27.02025
2015-07-28T11:59:20.000000Z,27.03622,27.02025
2015-07-28T11:59:40.000000Z,27.03615,27.02025
2015-07-28T11:59:50.000000Z,27.03469,27.01992
2015-07-28T12:00:10.000000Z,27.03452,27.01992
2015-07-28T12:00:50.000000Z,27.03459,27.01991
2015-07-28T12:01:10.000000Z,27.03464,27.01992
2015-07-28T12:01:20.000000Z,27.03439,27.01991
2015-07-28T12:01:40.000000Z,27.03446,27.01992
2015-07-28T12:02:40.000000Z,27.03412,27.01992
2015-07-28T12:02:50.000000Z,27.03436,27.01991
2015-07-28T12:03:10.000000Z,27.03451,27.01992
2015-07-28T12:03:20.000000Z,27.03522,27.02025
2015-07-28T12:03:30.000000Z,27.03516,27.02025
2015-07-28T12:03:50.000000Z,27.03503,27.02025
2015-07-28T12:04:00.000000Z,27.03455,27.01992
2015-07-28T12:04:10.000000Z,27.03458,27.02092
2015-07-28T12:04:20.000000Z,27.03436,27.02092
2015-07-28T12:04:40.000000Z,27.03439,27.02092
2015-07-28T12:04:50.000000Z,27.03397,27.02092
2015-07-28T12:05:00.000000Z,27.0346,27.01922
2015-07-28T12:05:10.000000Z,27.03411,27.01892
2015-07-28T12:05:30.000000Z,27.03414,27.01892
2015-07-28T12:06:10.000000Z,27.0341,27.01892
2015-07-28T12:06:30.000000Z,27.03414,27.01892
2015-07-28T12:06:40.000000Z,27.03454,27.01892
2015-07-28T12:06:50.000000Z,27.03442,27.01892
2015-07-28T12:07:00.000000Z,27.03442,27.01892
2015-07-28T12:07:10.000000Z,27.03456,27.01792
2015-07-28T12:07:20.000000Z,27.03421,27.01792
2015-07-28T12:07:40.000000Z,27.03424,27.01792
2015-07-28T12:07:50.000000Z,27.03389,27.01791
2015-07-28T12:08:00.000000Z,27.03381,27.01792
2015-07-28T12:08:40.000000Z,27.03371,27.01791
2015-07-28T12:08:50.000000Z,27.03241,27.01791
2015-07-28T12:09:00.000000Z,27.03223,27.01792
2015-07-28T12:09:20.000000Z,27.0323,27.01692
2015-07-28T12:09:40.000000Z,27.03234,27.01692
2015-07-28T12:10:00.000000Z,27.03213,27.01692
2015-07-28T12:10:20.000000Z,27.03198,27.01692
2015-07-28T12:10:40.000000Z,27.03212,27.01692
2015-07-28T12:11:20.000000Z,27.03194,27.01691
2015-07-28T12:11:40.000000Z,27.03208,27.01556
2015-07-28T12:11:50.000000Z,27.03394,27.01825
2015-07-28T12:12:00.000000Z,27.03232,27.01725
2015-07-28T12:12:10.000000Z,27.03231,27.01725
2015-07-28T12:12:20.000000Z,27.03215,27.01725
2015-07-28T12:12:40.000000Z,27.03211,27.01725
2015-07-28T12:13:00.000000Z,27.03105,27.01753
2015-07-28T12:13:20.000000Z,27.03115,27.01747
2015-07-28T12:13:30.000000Z,27.03157,27.01725
2015-07-28T12:13:40.000000Z,27.0287,27.01292
2015-07-28T12:14:00.000000Z,27.03031,27.01525
2015-07-28T12:14:10.000000Z,27.02875,27.01531
2015-07-28T12:14:20.000000Z,27.02948,27.01325
2015-07-28T12:14:30.000000Z,27.02997,27.01625
2015-07-28T12:14:40.000000Z,27.02975,27.01565
2015-07-28T12:14:50.000000Z,27.03115,27.01625
2015-07-28T12:15:00.000000Z,27.03123,27.01593
2015-07-28T12:15:10.000000Z,27.03177,27.01625
2015-07-28T12:15:20.000000Z,27.03075,27.01658
2015-07-28T12:15:30.000000Z,27.03003,27.01625
2015-07-28T12:15:40.000000Z,27.03085,27.01625
2015-07-28T12:15:50.000000Z,27.0318,27.01625
2015-07-28T12:16:00.000000Z,27.03075,27.01674
2015-07-28T12:16:20.000000Z,27.03075,27.01678
2015-07-28T12:16:30.000000Z,27.03037,27.01592
2015-07-28T12:16:40.000000Z,27.03063,27.01525
2015-07-28T12:16:50.000000Z,27.03072,27.01525
2015-07-28T12:17:00.000000Z,27.02997,27.01625
2015-07-28T12:17:10.000000Z,27.02989,27.01525
2015-07-28T12:17:20.000000Z,27.03,27.01525
2015-07-28T12:17:30.000000Z,27.02965,27.01591
2015-07-28T12:17:40.000000Z,27.02974,27.01592
2015-07-28T12:18:00.000000Z,27.0297,27.01592
2015-07-28T12:18:40.000000Z,27.03007,27.01625
2015-07-28T12:19:00.000000Z,27.03011,27.01625
2015-07-28T12:19:20.000000Z,27.03015,27.01625
2015-07-28T12:19:40.000000Z,27.03028,27.01625
2015-07-28T12:20:00.000000Z,27.03015,27.01625
2015-07-28T12:20:20.000000Z,27.03018,27.01625
2015-07-28T12:20:30.000000Z,27.03032,27.01625
2015-07-28T12:20:40.000000Z,27.03018,27.01592
2015-07-28T12:20:50.000000Z,27.03039,27.01625
2015-07-28T12:21:00.000000Z,27.03082,27.01625
2015-07-28T12:21:10.000000Z,27.03089,27.01625
2015-07-28T12:21:30.000000Z,27.03109,27.01625
2015-07-28T12:21:50.000000Z,27.03113,27.01625
2015-07-28T12:22:10.000000Z,27.03073,27.01625
2015-07-28T12:22:20.000000Z,27.0305,27.01625
2015-07-28T12:22:40.000000Z,27.03046,27.01625
2015-07-28T12:23:00.000000Z,27.03049,27.01625
2015-07-28T12:23:10.000000Z,27.03072,27.01625
2015-07-28T12:23:30.000000Z,27.0305,27.01625
2015-07-28T12:23:50.000000Z,27.03052,27.01625
2015-07-28T12:24:10.000000Z,27.03049,27.01625
2015-07-28T12:24:30.000000Z,27.03053,27.01625
2015-07-28T12:25:30.000000Z,27.0306,27.01625
2015-07-28T12:25:50.000000Z,27.03049,27.01625
2015-07-28T12:26:10.000000Z,27.03064,27.01625
2015-07-28T12:26:30.000000Z,27.0305,27.01625
2015-07-28T12:26:40.000000Z,27.02949,27.01225
2015-07-28T12:26:50.000000Z,27.02916,27.01325
2015-07-28T12:27:00.000000Z,27.02875,27.01469
2015-07-28T12:27:10.000000Z,27.02875,27.01324
2015-07-28T12:27:20.000000Z,27.02875,27.01493
2015-07-28T12:27:30.000000Z,27.02921,27.01525
2015-07-28T12:27:40.000000Z,27.02896,27.01525
2015-07-28T12:28:00.000000Z,27.02883,27.01525
2015-07-28T12:28:10.000000Z,27.02875,27.0151
2015-07-28T12:28:20.000000Z,27.02882,27.01525
2015-07-28T12:28:30.000000Z,27.02908,27.01525
2015-07-28T12:28:50.000000Z,27.02904,27.01525
2015-07-28T12:29:10.000000Z,27.02887,27.01525
2015-07-28T12:29:20.000000Z,27.02886,27.01525
2015-07-28T12:29:30.000000Z,27.02899,27.01525
2015-07-28T12:29:40.000000Z,27.02899,27.01525
2015-07-28T12:29:50.000000Z,27.02883,27.01525
2015-07-28T12:30:20.000000Z,27.02875,27.01505
2015-07-28T12:30:30.000000Z,27.02875,27.0149
2015-07-28T12:30:50.000000Z,27.02875,27.01471
2015-07-28T12:31:00.000000Z,27.02875,27.01453
2015-07-28T12:31:20.000000Z,27.02875,27.01457
2015-07-28T12:31:40.000000Z,27.02897,27.01425
2015-07-28T12:32:00.000000Z,27.02875,27.01421
2015-07-28T12:32:20.000000Z,27.02875,27.01403
2015-07-28T12:32:30.000000Z,27.02875,27.01403
2015-07-28T12:33:00.000000Z,27.02875,27.01384
2015-07-28T12:33:10.000000Z,27.02875,27.01411
2015-07-28T12:33:40.000000Z,27.02875,27.01299
2015-07-28T12:33:50.000000Z,27.02875,27.01204
2015-07-28T12:34:00.000000Z,27.02875,27.01203
2015-07-28T12:34:10.000000Z,27.02875,27.01177
2015-07-28T12:34:30.000000Z,27.02875,27.01185
2015-07-28T12:34:50.000000Z,27.02875,27.0118
2015-07-28T12:35:10.000000Z,27.02845,27.01241
2015-07-28T12:35:30.000000Z,27.02815,27.01258
2015-07-28T12:35:50.000000Z,27.02875,27.01223
2015-07-28T12:36:00.000000Z,27.02875,27.01259
2015-07-28T12:36:10.000000Z,27.02975,27.01553
2015-07-28T12:36:20.000000Z,27.02975,27.01576
2015-07-28T12:36:30.000000Z,27.03075,27.01544
2015-07-28T12:36:50.000000Z,27.03075,27.01548
2015-07-28T12:37:30.000000Z,27.03075,27.0154
2015-07-28T12:37:40.000000Z,27.03075,27.01571
2015-07-28T12:37:50.000000Z,27.03075,27.01598
2015-07-28T12:38:00.000000Z,27.03075,27.01572
2015-07-28T12:38:20.000000Z,27.03075,27.01519
2015-07-28T12:38:30.000000Z,27.03175,27.01657
2015-07-28T12:38:40.000000Z,27.03225,27.016
2015-07-28T12:38:50.000000Z,27.03151,27.01525
2015-07-28T12:39:00.000000Z,27.03225,27.01616
2015-07-28T12:39:10.000000Z,27.03145,27.01592
2015-07-28T12:39:20.000000Z,27.03275,27.01644
2015-07-28T12:39:40.000000Z,27.03275,27.01648
2015-07-28T12:40:00.000000Z,27.03175,27.01708
2015-07-28T12:40:20.000000Z,27.03175,27.01711
2015-07-28T12:40:30.000000Z,27.03075,27.01723
2015-07-28T12:40:40.000000Z,27.03075,27.01659
2015-07-28T12:40:50.000000Z,27.03075,27.01695
2015-07-28T12:41:00.000000Z,27.03075,27.01669
2015-07-28T12:41:20.000000Z,27.03075,27.0166
2015-07-28T12:41:30.000000Z,27.03075,27.01634
2015-07-28T12:42:00.000000Z,27.03075,27.01659
2015-07-28T12:42:20.000000Z,27.03075,27.01664
2015-07-28T12:42:30.000000Z,27.03175,27.01605
2015-07-28T12:42:40.000000Z,27.03175,27.0161
2015-07-28T12:43:00.000000Z,27.03175,27.01615
2015-07-28T12:43:20.000000Z,27.03175,27.01661
2015-07-28T12:43:40.000000Z,27.03175,27.01677
2015-07-28T12:43:50.000000Z,27.03175,27.01694
2015-07-28T12:44:00.000000Z,27.03175,27.01653
2015-07-28T12:44:20.000000Z,27.03175,27.01657
2015-07-28T12:44:40.000000Z,27.03175,27.0163
2015-07-28T12:45:00.000000Z,27.03175,27.01643
2015-07-28T12:45:20.000000Z,27.03075,27.01699
2015-07-28T12:45:40.000000Z,27.03075,27.01721
2015-07-28T12:45:50.000000Z,27.03175,27.01667
2015-07-28T12:46:00.000000Z,27.03175,27.01698
2015-07-28T12:46:10.000000Z,27.03175,27.01699
2015-07-28T12:46:20.000000Z,27.03175,27.01757
2015-07-28T12:46:40.000000Z,27.03175,27.01708
2015-07-28T12:47:20.000000Z,27.03175,27.01717
2015-07-28T12:47:40.000000Z,27.03175,27.01694
2015-07-28T12:48:00.000000Z,27.03175,27.01681
2015-07-28T12:48:30.000000Z,27.03175,27.01681
2015-07-28T12:48:40.000000Z,27.03175,27.01689
2015-07-28T12:48:50.000000Z,27.03175,27.0169
2015-07-28T12:49:00.000000Z,27.03175,27.01716
2015-07-28T12:49:10.000000Z,27.03175,27.0169
2015-07-28T12:49:30.000000Z,27.03175,27.01716
2015-07-28T12:49:50.000000Z,27.03175,27.01707
2015-07-28T12:50:10.000000Z,27.03175,27.01685
2015-07-28T12:50:30.000000Z,27.03175,27.01712
2015-07-28T12:50:40.000000Z,27.03175,27.01686
2015-07-28T12:51:00.000000Z,27.03175,27.01676
2015-07-28T12:51:30.000000Z,27.03175,27.01694
2015-07-28T12:51:40.000000Z,27.03175,27.01695
2015-07-28T12:51:50.000000Z,27.03175,27.01699
2015-07-28T12:52:10.000000Z,27.03175,27.0169
2015-07-28T12:52:20.000000Z,27.03175,27.01662
2015-07-28T12:52:30.000000Z,27.03175,27.01689
2015-07-28T12:52:40.000000Z,27.03175,27.01689
2015-07-28T12:53:00.000000Z,27.03175,27.01648
2015-07-28T12:53:10.000000Z,27.03175,27.0168
2015-07-28T12:53:20.000000Z,27.03175,27.01681
2015-07-28T12:53:40.000000Z,27.03175,27.01685
2015-07-28T12:54:00.000000Z,27.03175,27.0169
2015-07-28T12:54:10.000000Z,27.03175,27.01662
2015-07-28T12:54:40.000000Z,27.03175,27.0163
2015-07-28T12:55:20.000000Z,27.03175,27.01643
2015-07-28T12:55:40.000000Z,27.03175,27.01639
2015-07-28T12:56:00.000000Z,27.03175,27.01643
2015-07-28T12:56:10.000000Z,27.03075,27.017
2015-07-28T12:56:20.000000Z,27.03075,27.01695
2015-07-28T12:56:40.000000Z,27.03075,27.01566
2015-07-28T12:57:00.000000Z,27.03075,27.01552
2015-07-28T12:57:10.000000Z,27.03008,27.01501
2015-07-28T12:57:20.000000Z,27.03008,27.015
2015-07-28T12:57:30.000000Z,27.03008,27.01496
2015-07-28T12:57:50.000000Z,27.03008,27.01515
2015-07-28T12:58:10.000000Z,27.03008,27.01506
2015-07-28T12:58:30.000000Z,27.03008,27.01492
2015-07-28T12:58:50.000000Z,27.03008,27.01487
2015-07-28T12:59:10.000000Z,27.03008,27.01514
2015-07-28T12:59:30.000000Z,27.03008,27.0154
2015-07-28T12:59:40.000000Z,27.02975,27.01332
2015-07-28T12:59:50.000000Z,27.02975,27.01437
2015-07-28T13:00:00.000000Z,27.0305,27.01364
2015-07-28T13:00:10.000000Z,27.0305,27.01425
2015-07-28T13:00:30.000000Z,27.0305,27.01421
2015-07-28T13:00:40.000000Z,27.0305,27.01422
2015-07-28T13:00:50.000000Z,27.0305,27.01431
2015-07-28T13:01:10.000000Z,27.0305,27.01402
2015-07-28T13:01:20.000000Z,27.0305,27.01375
2015-07-28T13:01:40.000000Z,27.0305,27.01379
2015-07-28T13:02:00.000000Z,27.0305,27.01374
2015-07-28T13:02:10.000000Z,27.0305,27.0139
2015-07-28T13:02:20.000000Z,27.0305,27.01426
2015-07-28T13:02:40.000000Z,27.03006,27.0145
2015-07-28T13:02:50.000000Z,27.03007,27.0145
2015-07-28T13:03:00.000000Z,27.0302,27.0145
2015-07-28T13:03:10.000000Z,27.03053,27.0135
2015-07-28T13:03:30.000000Z,27.03045,27.0135
2015-07-28T13:03:50.000000Z,27.03054,27.0135
2015-07-28T13:04:30.000000Z,27.03049,27.0135
2015-07-28T13:04:50.000000Z,27.0304,27.0135
2015-07-28T13:05:00.000000Z,27.03002,27.0135
2015-07-28T13:05:10.000000Z,27.03012,27.0135
2015-07-28T13:05:20.000000Z,27.03013,27.0135
2015-07-28T13:05:50.000000Z,27.02994,27.0135
2015-07-28T13:06:10.000000Z,27.0305,27.01378
2015-07-28T13:06:30.000000Z,27.0305,27.01388
2015-07-28T13:06:40.000000Z,27.0305,27.01388
2015-07-28T13:07:00.000000Z,27.0305,27.01402
2015-07-28T13:07:20.000000Z,27.0305,27.01407
2015-07-28T13:07:40.000000Z,27.0305,27.01412
2015-07-28T13:08:00.000000Z,27.0305,27.01407
2015-07-28T13:09:20.000000Z,27.0305,27.01412
2015-07-28T13:09:40.000000Z,27.0305,27.01416
2015-07-28T13:10:00.000000Z,27.0305,27.01402
2015-07-28T13:10:20.000000Z,27.0305,27.01393
2015-07-28T13:10:40.000000Z,27.0305,27.01388
2015-07-28T13:10:50.000000Z,27.0305,27.01416
2015-07-28T13:11:00.000000Z,27.02993,27.0145
2015-07-28T13:11:10.000000Z,27.0296,27.0145
2015-07-28T13:11:30.000000Z,27.02968,27.0145
2015-07-28T13:11:50.000000Z,27.02982,27.0145
2015-07-28T13:12:00.000000Z,27.0306,27.0135
2015-07-28T13:12:10.000000Z,27.03041,27.0135
2015-07-28T13:12:30.000000Z,27.03045,27.0135
2015-07-28T13:13:00.000000Z,27.03016,27.0135
2015-07-28T13:13:10.000000Z,27.0304,27.0135
2015-07-28T13:13:30.000000Z,27.03031,27.0135
2015-07-28T13:13:50.000000Z,27.03283,27.01502
2015-07-28T13:14:00.000000Z,27.03243,27.0153
2015-07-28T13:14:10.000000Z,27.0305,27.01536
2015-07-28T13:14:20.000000Z,27.03156,27.01572
2015-07-28T13:14:30.000000Z,27.0315,27.01565
2015-07-28T13:15:00.000000Z,27.0315,27.01491
2015-07-28T13:15:20.000000Z,27.0315,27.01486
2015-07-28T13:15:40.000000Z,27.0315,27.0149
2015-07-28T13:16:00.000000Z,27.0315,27.015
2015-07-28T13:16:20.000000Z,27.0315,27.01518
2015-07-28T13:16:30.000000Z,27.0315,27.01485
2015-07-28T13:16:40.000000Z,27.0305,27.01541
2015-07-28T13:16:50.000000Z,27.0305,27.01515
2015-07-28T13:17:00.000000Z,27.0305,27.01447
2015-07-28T13:17:10.000000Z,27.0305,27.01447
2015-07-28T13:17:20.000000Z,27.0305,27.01438
2015-07-28T13:17:40.000000Z,27.0305,27.01438
2015-07-28T13:18:00.000000Z,27.0305,27.01434
2015-07-28T13:18:10.000000Z,27.0305,27.01434
2015-07-28T13:18:20.000000Z,27.0305,27.01451
2015-07-28T13:18:30.000000Z,27.0305,27.01451
2015-07-28T13:18:40.000000Z,27.0305,27.01447
2015-07-28T13:18:50.000000Z,27.03125,27.0125
2015-07-28T13:19:10.000000Z,27.03102,27.0125
2015-07-28T13:20:00.000000Z,27.03102,27.0125
2015-07-28T13:20:10.000000Z,27.0305,27.01406
2015-07-28T13:20:30.000000Z,27.0295,27.01438
2015-07-28T13:20:40.000000Z,27.0295,27.01424
2015-07-28T13:20:50.000000Z,27.0295,27.01409
2015-07-28T13:21:30.000000Z,27.0295,27.01404
2015-07-28T13:21:40.000000Z,27.02884,27.01354
2015-07-28T13:22:00.000000Z,27.03002,27.01362
2015-07-28T13:22:10.000000Z,27.0295,27.01429
2015-07-28T13:22:20.000000Z,27.03283,27.01626
2015-07-28T13:22:30.000000Z,27.03183,27.01715
2015-07-28T13:22:40.000000Z,27.03183,27.0171
2015-07-28T13:23:00.000000Z,27.03183,27.017
2015-07-28T13:23:20.000000Z,27.03183,27.01695
2015-07-28T13:23:40.000000Z,27.03183,27.0171
2015-07-28T13:24:00.000000Z,27.0315,27.01579
2015-07-28T13:24:20.000000Z,27.0315,27.01564
2015-07-28T13:24:40.000000Z,27.0315,27.0155
2015-07-28T13:25:00.000000Z,27.0315,27.01568
2015-07-28T13:25:20.000000Z,27.0315,27.01559
2015-07-28T13:25:40.000000Z,27.0315,27.01586
2015-07-28T13:26:00.000000Z,27.0315,27.01582
2015-07-28T13:26:10.000000Z,27.0315,27.01583
2015-07-28T13:26:20.000000Z,27.0315,27.0161
2015-07-28T13:26:30.000000Z,27.0315,27.01584
2015-07-28T13:26:40.000000Z,27.0315,27.01554
2015-07-28T13:26:50.000000Z,27.0315,27.01559
2015-07-28T13:27:20.000000Z,27.0315,27.01554
2015-07-28T13:27:40.000000Z,27.0315,27.01572
2015-07-28T13:27:50.000000Z,27.0315,27.01601
2015-07-28T13:28:00.000000Z,27.0315,27.01606
2015-07-28T13:28:20.000000Z,27.0315,27.01611
2015-07-28T13:28:30.000000Z,27.03065,27.0135
2015-07-28T13:28:40.000000Z,27.02984,27.01277
2015-07-28T13:28:50.000000Z,27.0295,27.01273
2015-07-28T13:29:30.000000Z,27.0295,27.01268
2015-07-28T13:29:50.000000Z,27.0295,27.01272
2015-07-28T13:30:20.000000Z,27.0295,27.01273
2015-07-28T13:30:30.000000Z,27.0295,27.01226
2015-07-28T13:31:10.000000Z,27.0295,27.01215
2015-07-28T13:31:30.000000Z,27.02951,27.0125
2015-07-28T13:31:40.000000Z,27.0295,27.01235
2015-07-28T13:31:50.000000Z,27.03207,27.01517
2015-07-28T13:32:00.000000Z,27.0325,27.01546
2015-07-28T13:32:10.000000Z,27.0315,27.01586
2015-07-28T13:32:30.000000Z,27.0315,27.0159
2015-07-28T13:33:00.000000Z,27.0315,27.01581
2015-07-28T13:33:10.000000Z,27.0315,27.01608
2015-07-28T13:33:30.000000Z,27.0315,27.01621
2015-07-28T13:33:40.000000Z,27.0315,27.01621
2015-07-28T13:33:50.000000Z,27.0315,27.01617
2015-07-28T13:34:00.000000Z,27.0325,27.01579
2015-07-28T13:34:20.000000Z,27.0325,27.01596
2015-07-28T13:34:40.000000Z,27.0325,27.01613
2015-07-28T13:35:00.000000Z,27.0325,27.01622
2015-07-28T13:35:20.000000Z,27.0325,27.01601
2015-07-28T13:35:40.000000Z,27.0325,27.01583
2015-07-28T13:36:00.000000Z,27.0325,27.016
2015-07-28T13:36:20.000000Z,27.0325,27.01592
2015-07-28T13:36:40.000000Z,27.0325,27.01596
2015-07-28T13:36:50.000000Z,27.0325,27.01571
2015-07-28T13:37:10.000000Z,27.0325,27.016
2015-07-28T13:37:30.000000Z,27.0325,27.01609
2015-07-28T13:37:50.000000Z,27.0335,27.01518
2015-07-28T13:38:00.000000Z,27.0325,27.01592
2015-07-28T13:38:20.000000Z,27.03174,27.01639
2015-07-28T13:38:30.000000Z,27.0315,27.01637
2015-07-28T13:38:40.000000Z,27.0315,27.01604
2015-07-28T13:38:50.000000Z,27.0315,27.01586
2015-07-28T13:39:10.000000Z,27.0315,27.01594
2015-07-28T13:39:40.000000Z,27.03134,27.0155
2015-07-28T13:40:10.000000Z,27.03129,27.0155
2015-07-28T13:40:20.000000Z,27.03129,27.0155
2015-07-28T13:40:30.000000Z,27.03138,27.0155
2015-07-28T13:40:40.000000Z,27.03133,27.01517
2015-07-28T13:40:50.000000Z,27.0311,27.01417
2015-07-28T13:41:00.000000Z,27.03146,27.01309
2015-07-28T13:41:10.000000Z,27.03129,27.01317
2015-07-28T13:41:20.000000Z,27.03134,27.0135
2015-07-28T13:41:30.000000Z,27.0305,27.01399
2015-07-28T13:41:40.000000Z,27.0305,27.01412
2015-07-28T13:42:10.000000Z,27.0305,27.01426
2015-07-28T13:42:20.000000Z,27.03043,27.0125
2015-07-28T13:42:40.000000Z,27.03048,27.0125
2015-07-28T13:42:50.000000Z,27.03048,27.0125
2015-07-28T13:43:00.000000Z,27.02983,27.01467
2015-07-28T13:43:40.000000Z,27.0305,27.01413
2015-07-28T13:43:50.000000Z,27.0305,27.01426
2015-07-28T13:44:00.000000Z,27.0305,27.01412
2015-07-28T13:44:10.000000Z,27.0305,27.01427
2015-07-28T13:44:20.000000Z,27.03038,27.0135
2015-07-28T13:44:30.000000Z,27.0305,27.01421
2015-07-28T13:44:40.000000Z,27.0305,27.01404
2015-07-28T13:44:50.000000Z,27.0315,27.01281
2015-07-28T13:45:00.000000Z,27.0305,27.01422
2015-07-28T13:45:10.000000Z,27.02977,27.0145
2015-07-28T13:45:20.000000Z,27.02988,27.0145
2015-07-28T13:45:40.000000Z,27.02969,27.0145
2015-07-28T13:45:50.000000Z,27.02966,27.0145
2015-07-28T13:46:00.000000Z,27.02953,27.0145
2015-07-28T13:46:20.000000Z,27.02953,27.0145
2015-07-28T13:46:30.000000Z,27.02958,27.0145
2015-07-28T13:47:00.000000Z,27.0295,27.01431
2015-07-28T13:47:20.000000Z,27.0295,27.01425
2015-07-28T13:47:40.000000Z,27.0295,27.01439
2015-07-28T13:48:00.000000Z,27.02957,27.0145
2015-07-28T13:48:10.000000Z,27.0295,27.01431
2015-07-28T13:48:20.000000Z,27.02949,27.0135
2015-07-28T13:48:40.000000Z,27.02958,27.0135
2015-07-28T13:48:50.000000Z,27.02972,27.0135
2015-07-28T13:49:00.000000Z,27.02982,27.0135
2015-07-28T13:49:20.000000Z,27.02968,27.0135
2015-07-28T13:49:40.000000Z,27.02954,27.0135
2015-07-28T13:50:00.000000Z,27.02949,27.0135
2015-07-28T13:50:20.000000Z,27.02953,27.0135
2015-07-28T13:50:40.000000Z,27.02944,27.0135
2015-07-28T13:50:50.000000Z,27.0293,27.0115
2015-07-28T13:51:10.000000Z,27.02934,27.0115
2015-07-28T13:51:30.000000Z,27.02944,27.0115
2015-07-28T13:51:40.000000Z,27.02921,27.0135
2015-07-28T13:52:00.000000Z,27.02934,27.0135
2015-07-28T13:52:10.000000Z,27.02969,27.0135
2015-07-28T13:52:20.000000Z,27.03001,27.0135
2015-07-28T13:52:40.000000Z,27.03006,27.0135
2015-07-28T13:53:10.000000Z,27.03183,27.0155
2015-07-28T13:53:20.000000Z,27.0315,27.01479
2015-07-28T13:53:30.000000Z,27.03083,27.01566
2015-07-28T13:53:40.000000Z,27.0315,27.01483
2015-07-28T13:53:50.000000Z,27.0315,27.01479
2015-07-28T13:54:10.000000Z,27.0315,27.01488
2015-07-28T13:54:20.000000Z,27.03069,27.01444
2015-07-28T13:54:30.000000Z,27.0305,27.01426
2015-07-28T13:54:40.000000Z,27.0305,27.01424
2015-07-28T13:54:50.000000Z,27.0305,27.0145
2015-07-28T13:55:00.000000Z,27.0295,27.01447
2015-07-28T13:55:10.000000Z,27.0305,27.01448
2015-07-28T13:55:20.000000Z,27.0295,27.0142
2015-07-28T13:55:30.000000Z,27.0295,27.01418
2015-07-28T13:55:50.000000Z,27.02965,27.0145
2015-07-28T13:56:00.000000Z,27.0305,27.01417
2015-07-28T13:56:10.000000Z,27.0305,27.01419
2015-07-28T13:56:30.000000Z,27.02983,27.01476
2015-07-28T13:56:50.000000Z,27.0305,27.01419
2015-07-28T13:57:00.000000Z,27.0305,27.01424
2015-07-28T13:58:00.000000Z,27.02983,27.01488
2015-07-28T13:58:20.000000Z,27.03073,27.0135
2015-07-28T13:58:30.000000Z,27.02983,27.01497
2015-07-28T13:58:50.000000Z,27.02983,27.01513
2015-07-28T13:59:00.000000Z,27.0325,27.01217
2015-07-28T13:59:10.000000Z,27.03216,27.01217
2015-07-28T13:59:20.000000Z,27.03248,27.01216
2015-07-28T13:59:30.000000Z,27.03247,27.01217
2015-07-28T13:59:40.000000Z,27.03221,27.01217
2015-07-28T13:59:50.000000Z,27.03249,27.01217
2015-07-28T14:00:00.000000Z,27.03958,27.00451
2015-07-28T14:00:10.000000Z,27.0305,27.01371
2015-07-28T14:00:20.000000Z,27.02983,27.01433
2015-07-28T14:00:30.000000Z,27.02983,27.01437
2015-07-28T14:00:40.000000Z,27.02983,27.01427
2015-07-28T14:00:50.000000Z,27.02983,27.01403
2015-07-28T14:01:00.000000Z,27.02984,27.01426
2015-07-28T14:01:10.000000Z,27.02983,27.01428
2015-07-28T14:01:20.000000Z,27.02984,27.01427
2015-07-28T14:01:30.000000Z,27.02983,27.0142
2015-07-28T14:01:40.000000Z,27.0295,27.01405
2015-07-28T14:01:50.000000Z,27.02852,27.0135
2015-07-28T14:02:00.000000Z,27.02953,27.0145
2015-07-28T14:02:10.000000Z,27.02977,27.0145
2015-07-28T14:02:20.000000Z,27.02991,27.0145
2015-07-28T14:02:40.000000Z,27.02964,27.0145
2015-07-28T14:02:50.000000Z,27.0299,27.0145
2015-07-28T14:03:10.000000Z,27.02973,27.0145
2015-07-28T14:03:20.000000Z,27.0305,27.01495
2015-07-28T14:03:30.000000Z,27.0305,27.01494
2015-07-28T14:03:40.000000Z,27.0305,27.01468
2015-07-28T14:04:00.000000Z,27.02886,27.0125
2015-07-28T14:04:10.000000Z,27.0305,27.01496
2015-07-28T14:04:30.000000Z,27.0305,27.01477
2015-07-28T14:04:50.000000Z,27.0324,27.0138
2015-07-28T14:05:00.000000Z,27.0305,27.01547
2015-07-28T14:05:10.000000Z,27.03053,27.0155
2015-07-28T14:05:20.000000Z,27.0325,27.01379
2015-07-28T14:05:30.000000Z,27.03017,27.0145
2015-07-28T14:05:40.000000Z,27.03019,27.0145
2015-07-28T14:05:50.000000Z,27.02984,27.0145
2015-07-28T14:06:10.000000Z,27.03103,27.01516
2015-07-28T14:06:20.000000Z,27.0305,27.01481
2015-07-28T14:06:30.000000Z,27.03018,27.0135
2015-07-28T14:06:40.000000Z,27.0295,27.0144
2015-07-28T14:06:50.000000Z,27.0295,27.01411
2015-07-28T14:07:00.000000Z,27.0305,27.01481
2015-07-28T14:07:20.000000Z,27.03052,27.0155
2015-07-28T14:08:00.000000Z,27.0305,27.0145
2015-07-28T14:08:10.000000Z,27.0305,27.01541
2015-07-28T14:08:20.000000Z,27.0296,27.0145
2015-07-28T14:08:30.000000Z,27.0305,27.01501
2015-07-28T14:08:50.000000Z,27.0305,27.01527
2015-07-28T14:09:00.000000Z,27.0305,27.01479
2015-07-28T14:09:10.000000Z,27.0305,27.01481
2015-07-28T14:09:20.000000Z,27.03046,27.0135
2015-07-28T14:09:30.000000Z,27.0305,27.01404
2015-07-28T14:09:40.000000Z,27.0295,27.01405
2015-07-28T14:09:50.000000Z,27.03075,27.01359
2015-07-28T14:10:00.000000Z,27.0305,27.01416
2015-07-28T14:10:20.000000Z,27.0305,27.01402
2015-07-28T14:10:40.000000Z,27.0305,27.01411
2015-07-28T14:11:00.000000Z,27.0305,27.01387
2015-07-28T14:11:10.000000Z,27.0295,27.01385
2015-07-28T14:11:20.000000Z,27.0295,27.01383
2015-07-28T14:11:40.000000Z,27.0295,27.01409
2015-07-28T14:12:00.000000Z,27.0295,27.01384
2015-07-28T14:12:20.000000Z,27.0295,27.01393
2015-07-28T14:12:30.000000Z,27.02904,27.01235
2015-07-28T14:12:40.000000Z,27.02962,27.0132
2015-07-28T14:12:50.000000Z,27.0295,27.01364
2015-07-28T14:13:20.000000Z,27.0285,27.01332
2015-07-28T14:13:30.000000Z,27.03083,27.01532
2015-07-28T14:13:40.000000Z,27.03083,27.0154
2015-07-28T14:13:50.000000Z,27.03083,27.01542
2015-07-28T14:14:10.000000Z,27.0305,27.01531
2015-07-28T14:14:20.000000Z,27.0305,27.01529
2015-07-28T14:14:30.000000Z,27.0305,27.01534
2015-07-28T14:14:40.000000Z,27.0305,27.01533
2015-07-28T14:15:00.000000Z,27.0305,27.01544
2015-07-28T14:15:10.000000Z,27.0305,27.01514
2015-07-28T14:15:30.000000Z,27.0305,27.01518
2015-07-28T14:15:50.000000Z,27.0305,27.01508
2015-07-28T14:16:10.000000Z,27.03084,27.0146
2015-07-28T14:16:20.000000Z,27.0305,27.01443
2015-07-28T14:16:40.000000Z,27.0305,27.01453
2015-07-28T14:17:00.000000Z,27.0305,27.01464
2015-07-28T14:17:20.000000Z,27.0305,27.01416
2015-07-28T14:17:30.000000Z,27.0305,27.01449
2015-07-28T14:17:40.000000Z,27.0295,27.01429
2015-07-28T14:17:50.000000Z,27.02983,27.0135
2015-07-28T14:18:00.000000Z,27.0295,27.01249
2015-07-28T14:18:10.000000Z,27.02884,27.0127
2015-07-28T14:18:30.000000Z,27.02883,27.01264
2015-07-28T14:18:40.000000Z,27.02883,27.01233
2015-07-28T14:18:50.000000Z,27.02884,27.01263
2015-07-28T14:19:00.000000Z,27.0285,27.01223
2015-07-28T14:19:10.000000Z,27.0285,27.01223
2015-07-28T14:19:20.000000Z,27.0285,27.01233
2015-07-28T14:19:50.000000Z,27.0285,27.01208
2015-07-28T14:20:00.000000Z,27.0285,27.0126
2015-07-28T14:20:20.000000Z,27.0285,27.01239
2015-07-28T14:20:30.000000Z,27.0285,27.01236
2015-07-28T14:20:40.000000Z,27.0285,27.01233
2015-07-28T14:20:50.000000Z,27.0285,27.01181
2015-07-28T14:21:00.000000Z,27.02811,27.0125
2015-07-28T14:21:10.000000Z,27.0295,27.01188
2015-07-28T14:21:20.000000Z,27.02983,27.01279
2015-07-28T14:21:30.000000Z,27.02983,27.01309
2015-07-28T14:21:40.000000Z,27.02983,27.0131
2015-07-28T14:21:50.000000Z,27.03044,27.0125
2015-07-28T14:22:10.000000Z,27.03049,27.0125
2015-07-28T14:22:30.000000Z,27.0307,27.0125
2015-07-28T14:22:50.000000Z,27.0305,27.0125
2015-07-28T14:23:10.000000Z,27.0307,27.0125
2015-07-28T14:23:30.000000Z,27.0309,27.0125
2015-07-28T14:23:50.000000Z,27.03086,27.0125
2015-07-28T14:24:00.000000Z,27.03056,27.0125
2015-07-28T14:24:20.000000Z,27.0306,27.0125
2015-07-28T14:24:40.000000Z,27.03083,27.01194
2015-07-28T14:25:00.000000Z,27.03083,27.01188
2015-07-28T14:25:20.000000Z,27.03046,27.0119
2015-07-28T14:25:50.000000Z,27.03084,27.01168
2015-07-28T14:26:00.000000Z,27.03082,27.0115
2015-07-28T14:26:10.000000Z,27.03083,27.01177
2015-07-28T14:26:20.000000Z,27.03101,27.0121
2015-07-28T14:26:30.000000Z,27.03108,27.0117
2015-07-28T14:26:40.000000Z,27.03122,27.0117
2015-07-28T14:26:50.000000Z,27.03128,27.0116
2015-07-28T14:27:10.000000Z,27.03117,27.0118
2015-07-28T14:27:30.000000Z,27.03106,27.012
2015-07-28T14:27:50.000000Z,27.03047,27.0124
2015-07-28T14:28:00.000000Z,27.03057,27.0124
2015-07-28T14:28:10.000000Z,27.03083,27.0125
2015-07-28T14:29:00.000000Z,27.03096,27.0125
2015-07-28T14:29:10.000000Z,27.03084,27.0125
2015-07-28T14:29:20.000000Z,27.03013,27.0115
2015-07-28T14:29:40.000000Z,27.03023,27.0113
2015-07-28T14:30:00.000000Z,27.03028,27.0112
2015-07-28T14:30:10.000000Z,27.03075,27.0125
2015-07-28T14:30:20.000000Z,27.03084,27.01236
2015-07-28T14:30:30.000000Z,27.03129,27.0125
2015-07-28T14:30:40.000000Z,27.03138,27.0125
2015-07-28T14:31:10.000000Z,27.03124,27.0125
2015-07-28T14:31:20.000000Z,27.03009,27.0115
2015-07-28T14:31:30.000000Z,27.03312,27.0145
2015-07-28T14:31:50.000000Z,27.03231,27.01342
2015-07-28T14:32:00.000000Z,27.03091,27.01261
2015-07-28T14:32:10.000000Z,27.0315,27.01348
2015-07-28T14:32:30.000000Z,27.0315,27.0134
2015-07-28T14:32:50.000000Z,27.03161,27.0135
2015-07-28T14:33:10.000000Z,27.03153,27.0135
2015-07-28T14:33:20.000000Z,27.03152,27.0135
2015-07-28T14:33:30.000000Z,27.03157,27.0135
2015-07-28T14:34:00.000000Z,27.03153,27.0135
2015-07-28T14:34:20.000000Z,27.0315,27.0134
2015-07-28T14:34:30.000000Z,27.03245,27.0135
2015-07-28T14:34:40.000000Z,27.03281,27.0135
2015-07-28T14:34:50.000000Z,27.03259,27.014
2015-07-28T14:35:10.000000Z,27.03266,27.0138
2015-07-28T14:35:30.000000Z,27.03259,27.014
2015-07-28T14:35:50.000000Z,27.03282,27.0135
2015-07-28T14:36:10.000000Z,27.03259,27.014
2015-07-28T14:36:30.000000Z,27.03255,27.014
2015-07-28T14:36:50.000000Z,27.0326,27.0139
2015-07-28T14:37:10.000000Z,27.03264,27.014
2015-07-28T14:37:20.000000Z,27.03277,27.0136
2015-07-28T14:37:40.000000Z,27.03271,27.0137
2015-07-28T14:38:00.000000Z,27.03259,27.014
2015-07-28T14:38:10.000000Z,27.03287,27.0165
2015-07-28T14:38:20.000000Z,27.03326,27.0155
2015-07-28T14:38:50.000000Z,27.03334,27.0155
2015-07-28T14:39:20.000000Z,27.03342,27.0146
2015-07-28T14:39:30.000000Z,27.0333,27.0148
2015-07-28T14:39:50.000000Z,27.03336,27.0147
2015-07-28T14:40:00.000000Z,27.03338,27.0155
2015-07-28T14:40:10.000000Z,27.03317,27.0155
2015-07-28T14:40:20.000000Z,27.03343,27.0155
2015-07-28T14:40:40.000000Z,27.03347,27.0155
2015-07-28T14:41:00.000000Z,27.03334,27.0155
2015-07-28T14:41:20.000000Z,27.03343,27.0155
2015-07-28T14:42:00.000000Z,27.03183,27.01489
2015-07-28T14:42:20.000000Z,27.03333,27.0145
2015-07-28T14:42:40.000000Z,27.03329,27.0145
2015-07-28T14:43:00.000000Z,27.03347,27.0145
2015-07-28T14:43:10.000000Z,27.03321,27.0145
2015-07-28T14:43:40.000000Z,27.03296,27.0145
2015-07-28T14:44:00.000000Z,27.0332,27.0145
2015-07-28T14:44:10.000000Z,27.03341,27.0146
2015-07-28T14:44:30.000000Z,27.03347,27.0145
2015-07-28T14:44:50.000000Z,27.03342,27.0145
2015-07-28T14:45:30.000000Z,27.03312,27.0145
2015-07-28T14:45:50.000000Z,27.03325,27.0145
2015-07-28T14:46:10.000000Z,27.03329,27.0145
2015-07-28T14:46:30.000000Z,27.03325,27.0145
2015-07-28T14:46:50.000000Z,27.03342,27.0145
2015-07-28T14:47:10.000000Z,27.03334,27.0145
2015-07-28T14:47:30.000000Z,27.03317,27.0145
2015-07-28T14:47:40.000000Z,27.03317,27.0145
2015-07-28T14:48:00.000000Z,27.03289,27.0145
2015-07-28T14:48:10.000000Z,27.03268,27.014
2015-07-28T14:48:20.000000Z,27.03261,27.0145
2015-07-28T14:48:30.000000Z,27.03284,27.0145
2015-07-28T14:48:50.000000Z,27.03289,27.0145
2015-07-28T14:49:10.000000Z,27.0328,27.0145
2015-07-28T14:49:50.000000Z,27.03284,27.0145
2015-07-28T14:50:10.000000Z,27.03289,27.0145
2015-07-28T14:50:30.000000Z,27.03285,27.0145
2015-07-28T14:50:50.000000Z,27.03271,27.0145
2015-07-28T14:51:10.000000Z,27.0328,27.0145
2015-07-28T14:51:20.000000Z,27.03307,27.0145
2015-07-28T14:51:30.000000Z,27.03281,27.0145
2015-07-28T14:51:40.000000Z,27.03288,27.0137
2015-07-28T14:51:50.000000Z,27.03277,27.0139
2015-07-28T14:52:10.000000Z,27.03298,27.0135
2015-07-28T14:52:30.000000Z,27.03207,27.01294
2015-07-28T14:52:40.000000Z,27.03149,27.0135
2015-07-28T14:53:20.000000Z,27.03158,27.0135
2015-07-28T14:53:30.000000Z,27.03183,27.0125
2015-07-28T14:53:40.000000Z,27.03173,27.0125
2015-07-28T14:54:00.000000Z,27.03163,27.0125
2015-07-28T14:54:20.000000Z,27.03177,27.0125
2015-07-28T14:54:40.000000Z,27.03182,27.0125
2015-07-28T14:55:00.000000Z,27.03148,27.0125
2015-07-28T14:55:20.000000Z,27.03153,27.0125
2015-07-28T14:55:30.000000Z,27.03123,27.0125
2015-07-28T14:55:40.000000Z,27.03065,27.01207
2015-07-28T14:55:50.000000Z,27.03223,27.0135
2015-07-28T14:56:00.000000Z,27.03206,27.0135
2015-07-28T14:56:20.000000Z,27.03196,27.0135
2015-07-28T14:56:40.000000Z,27.03205,27.0135
2015-07-28T14:57:00.000000Z,27.03154,27.0135
2015-07-28T14:57:10.000000Z,27.03152,27.0135
2015-07-28T14:57:20.000000Z,27.03134,27.0135
2015-07-28T14:57:30.000000Z,27.0321,27.0135
2015-07-28T14:57:40.000000Z,27.03255,27.014
2015-07-28T14:57:50.000000Z,27.03256,27.0137
2015-07-28T14:58:00.000000Z,27.03271,27.014
2015-07-28T14:58:10.000000Z,27.03285,27.014
2015-07-28T14:58:20.000000Z,27.03258,27.014
2015-07-28T14:58:40.000000Z,27.0315,27.0125
2015-07-28T14:58:50.000000Z,27.03196,27.0125
2015-07-28T14:59:00.000000Z,27.0317,27.0125
2015-07-28T14:59:10.000000Z,27.03144,27.0125
2015-07-28T14:59:20.000000Z,27.03204,27.014
2015-07-28T14:59:30.000000Z,27.03235,27.014
2015-07-28T14:59:40.000000Z,27.03266,27.014
2015-07-28T14:59:50.000000Z,27.03257,27.014
2015-07-28T15:00:10.000000Z,27.03204,27.0142
2015-07-28T15:00:30.000000Z,27.03198,27.0136
2015-07-28T15:00:40.000000Z,27.03271,27.014
2015-07-28T15:00:50.000000Z,27.0328,27.014
2015-07-28T15:01:00.000000Z,27.03237,27.0144
2015-07-28T15:01:20.000000Z,27.03256,27.0143
2015-07-28T15:01:30.000000Z,27.03246,27.014
2015-07-28T15:01:40.000000Z,27.03276,27.014
2015-07-28T15:01:50.000000Z,27.03166,27.0127
2015-07-28T15:02:00.000000Z,27.03197,27.0127
2015-07-28T15:02:10.000000Z,27.03176,27.0125
2015-07-28T15:02:20.000000Z,27.03149,27.0125
2015-07-28T15:02:30.000000Z,27.03176,27.0125
2015-07-28T15:02:40.000000Z,27.03175,27.0131
2015-07-28T15:02:50.000000Z,27.03209,27.0125
2015-07-28T15:03:00.000000Z,27.03183,27.0125
2015-07-28T15:03:20.000000Z,27.03208,27.0125
2015-07-28T15:03:40.000000Z,27.032,27.0125
2015-07-28T15:04:20.000000Z,27.03192,27.0128
2015-07-28T15:04:40.000000Z,27.03198,27.0127
2015-07-28T15:05:00.000000Z,27.03193,27.0135
2015-07-28T15:05:40.000000Z,27.03189,27.0135
2015-07-28T15:05:50.000000Z,27.03153,27.0135
2015-07-28T15:06:00.000000Z,27.03196,27.0125
2015-07-28T15:06:20.000000Z,27.032,27.0125
2015-07-28T15:06:40.000000Z,27.03183,27.0125
2015-07-28T15:07:00.000000Z,27.032,27.0125
2015-07-28T15:07:10.000000Z,27.03175,27.0125
2015-07-28T15:07:30.000000Z,27.03191,27.0125
2015-07-28T15:07:50.000000Z,27.03183,27.0125
2015-07-28T15:08:10.000000Z,27.03208,27.0125
2015-07-28T15:08:30.000000Z,27.03183,27.0125
2015-07-28T15:08:40.000000Z,27.031,27.0119
2015-07-28T15:08:50.000000Z,27.03111,27.0125
2015-07-28T15:09:10.000000Z,27.03101,27.0125
2015-07-28T15:09:30.000000Z,27.03108,27.0125
2015-07-28T15:09:50.000000Z,27.03111,27.0125
2015-07-28T15:10:10.000000Z,27.03114,27.0125
2015-07-28T15:10:40.000000Z,27.03101,27.0124
2015-07-28T15:10:50.000000Z,27.03224,27.0127
2015-07-28T15:11:00.000000Z,27.03214,27.0125
2015-07-28T15:11:10.000000Z,27.03252,27.0125
2015-07-28T15:11:20.000000Z,27.03257,27.0125
2015-07-28T15:11:40.000000Z,27.03262,27.0125
2015-07-28T15:12:20.000000Z,27.03265,27.0125
2015-07-28T15:12:40.000000Z,27.03253,27.0125
2015-07-28T15:13:00.000000Z,27.03265,27.0125
2015-07-28T15:13:10.000000Z,27.03242,27.0125
2015-07-28T15:13:30.000000Z,27.03249,27.0125
2015-07-28T15:13:40.000000Z,27.03245,27.0125
2015-07-28T15:14:00.000000Z,27.03249,27.0125
2015-07-28T15:14:10.000000Z,27.03249,27.0125
2015-07-28T15:14:30.000000Z,27.03264,27.0125
2015-07-28T15:14:50.000000Z,27.03242,27.0125
2015-07-28T15:15:10.000000Z,27.03261,27.0125
2015-07-28T15:15:30.000000Z,27.03265,27.0125
2015-07-28T15:15:50.000000Z,27.03167,27.0135
2015-07-28T15:16:00.000000Z,27.03235,27.0135
2015-07-28T15:17:10.000000Z,27.0324,27.0135
2015-07-28T15:17:20.000000Z,27.0321,27.0135
2015-07-28T15:17:30.000000Z,27.03188,27.0135
2015-07-28T15:17:50.000000Z,27.03209,27.0135
2015-07-28T15:18:10.000000Z,27.03235,27.0135
2015-07-28T15:18:40.000000Z,27.032,27.0135
2015-07-28T15:19:10.000000Z,27.0319,27.0135
2015-07-28T15:19:30.000000Z,27.03204,27.0135
2015-07-28T15:19:50.000000Z,27.03223,27.0135
2015-07-28T15:20:10.000000Z,27.03214,27.0135
2015-07-28T15:20:30.000000Z,27.03209,27.0135
2015-07-28T15:20:50.000000Z,27.03204,27.0135
2015-07-28T15:21:00.000000Z,27.03239,27.0135
2015-07-28T15:21:10.000000Z,27.03424,27.0145
2015-07-28T15:21:30.000000Z,27.03417,27.0145
2015-07-28T15:21:50.000000Z,27.03385,27.0145
2015-07-28T15:22:00.000000Z,27.03312,27.0155
2015-07-28T15:22:20.000000Z,27.03317,27.0155
2015-07-28T15:23:20.000000Z,27.0333,27.0155
2015-07-28T15:23:40.000000Z,27.03317,27.0155
2015-07-28T15:24:00.000000Z,27.03321,27.0155
2015-07-28T15:24:20.000000Z,27.033,27.0155
2015-07-28T15:24:40.000000Z,27.03295,27.0155
2015-07-28T15:25:20.000000Z,27.03299,27.0155
2015-07-28T15:25:30.000000Z,27.0335,27.01537
2015-07-28T15:25:40.000000Z,27.0335,27.01571
2015-07-28T15:25:50.000000Z,27.0338,27.01566
2015-07-28T15:26:00.000000Z,27.0338,27.01566
2015-07-28T15:26:10.000000Z,27.0337,27.01572
2015-07-28T15:26:20.000000Z,27.03383,27.01585
2015-07-28T15:26:40.000000Z,27.03383,27.01567
2015-07-28T15:27:00.000000Z,27.03383,27.01576
2015-07-28T15:27:20.000000Z,27.03383,27.01571
2015-07-28T15:27:40.000000Z,27.03383,27.01567
2015-07-28T15:28:10.000000Z,27.03383,27.01576
2015-07-28T15:28:30.000000Z,27.0338,27.01566
2015-07-28T15:28:50.000000Z,27.03383,27.01567
2015-07-28T15:29:00.000000Z,27.03383,27.01567
2015-07-28T15:29:10.000000Z,27.03383,27.01571
2015-07-28T15:29:30.000000Z,27.03383,27.0158
2015-07-28T15:30:00.000000Z,27.03383,27.0158
2015-07-28T15:30:10.000000Z,27.03384,27.01572
2015-07-28T15:30:30.000000Z,27.0336,27.01578
2015-07-28T15:30:40.000000Z,27.0336,27.01578
2015-07-28T15:30:50.000000Z,27.03283,27.01617
2015-07-28T15:31:30.000000Z,27.03283,27.01635
2015-07-28T15:31:40.000000Z,27.03296,27.0165
2015-07-28T15:32:00.000000Z,27.03284,27.01636
2015-07-28T15:32:20.000000Z,27.03284,27.01636
2015-07-28T15:32:40.000000Z,27.03283,27.01617
2015-07-28T15:33:00.000000Z,27.03283,27.0163
2015-07-28T15:34:00.000000Z,27.03283,27.01644
2015-07-28T15:34:40.000000Z,27.03283,27.0164
2015-07-28T15:35:00.000000Z,27.03284,27.01631
2015-07-28T15:35:20.000000Z,27.03283,27.01612
2015-07-28T15:35:40.000000Z,27.03283,27.01639
2015-07-28T15:36:00.000000Z,27.03284,27.01631
2015-07-28T15:36:40.000000Z,27.03283,27.01635
2015-07-28T15:37:00.000000Z,27.03283,27.01621
2015-07-28T15:37:20.000000Z,27.03283,27.01639
2015-07-28T15:37:30.000000Z,27.03308,27.0155
2015-07-28T15:37:40.000000Z,27.03312,27.0155
2015-07-28T15:37:50.000000Z,27.03312,27.0155
2015-07-28T15:38:00.000000Z,27.0328,27.0155
2015-07-28T15:38:20.000000Z,27.03267,27.0155
2015-07-28T15:38:40.000000Z,27.03262,27.0155
2015-07-28T15:38:50.000000Z,27.03289,27.0155
2015-07-28T15:39:10.000000Z,27.0328,27.0155
2015-07-28T15:39:30.000000Z,27.03262,27.0155
2015-07-28T15:39:50.000000Z,27.03275,27.0155
2015-07-28T15:40:00.000000Z,27.03253,27.0155
2015-07-28T15:40:20.000000Z,27.03257,27.0155
2015-07-28T15:40:40.000000Z,27.03249,27.0155
2015-07-28T15:41:10.000000Z,27.0324,27.0155
2015-07-28T15:41:50.000000Z,27.03231,27.0155
2015-07-28T15:42:00.000000Z,27.03257,27.0155
2015-07-28T15:42:20.000000Z,27.03262,27.0155
2015-07-28T15:42:40.000000Z,27.03266,27.0155
2015-07-28T15:43:00.000000Z,27.03284,27.0155
2015-07-28T15:43:10.000000Z,27.03271,27.0155
2015-07-28T15:43:20.000000Z,27.03267,27.0155
2015-07-28T15:43:40.000000Z,27.03253,27.0155
2015-07-28T15:44:30.000000Z,27.03258,27.0155
2015-07-28T15:44:50.000000Z,27.03248,27.0155
2015-07-28T15:45:10.000000Z,27.03276,27.0155
2015-07-28T15:45:30.000000Z,27.03258,27.0155
2015-07-28T15:45:50.000000Z,27.03262,27.0155
2015-07-28T15:46:10.000000Z,27.03281,27.0145
2015-07-28T15:46:30.000000Z,27.03295,27.0145
2015-07-28T15:47:00.000000Z,27.03322,27.0145
2015-07-28T15:47:20.000000Z,27.03319,27.0145
2015-07-28T15:47:40.000000Z,27.03314,27.0145
2015-07-28T15:48:30.000000Z,27.03362,27.0147
2015-07-28T15:48:40.000000Z,27.03321,27.0155
2015-07-28T15:48:50.000000Z,27.03326,27.0155
2015-07-28T15:49:10.000000Z,27.03308,27.0155
2015-07-28T15:49:30.000000Z,27.03312,27.0155
2015-07-28T15:49:50.000000Z,27.03317,27.0155
2015-07-28T15:50:10.000000Z,27.03312,27.0155
2015-07-28T15:50:30.000000Z,27.03304,27.0155
2015-07-28T15:50:50.000000Z,27.033,27.0145
2015-07-28T15:51:10.000000Z,27.03304,27.0145
2015-07-28T15:51:30.000000Z,27.03309,27.0145
2015-07-28T15:51:50.000000Z,27.03305,27.0145
2015-07-28T15:52:10.000000Z,27.03313,27.0145
2015-07-28T15:52:30.000000Z,27.03309,27.0145
2015-07-28T15:52:50.000000Z,27.03297,27.0145
2015-07-28T15:53:10.000000Z,27.033,27.0145
2015-07-28T15:53:30.000000Z,27.03325,27.0145
2015-07-28T15:53:50.000000Z,27.03313,27.0145
2015-07-28T15:54:10.000000Z,27.03305,27.0145
2015-07-28T15:54:30.000000Z,27.03309,27.0145
2015-07-28T15:54:50.000000Z,27.03313,27.0145
2015-07-28T15:55:10.000000Z,27.03325,27.0145
2015-07-28T15:55:30.000000Z,27.03313,27.0145
2015-07-28T15:55:50.000000Z,27.03305,27.0145
2015-07-28T15:56:10.000000Z,27.033,27.0145
2015-07-28T15:56:30.000000Z,27.03296,27.0145
2015-07-28T15:57:10.000000Z,27.033,27.0145
2015-07-28T15:57:40.000000Z,27.03304,27.0145
2015-07-28T15:58:20.000000Z,27.03317,27.0145
2015-07-28T15:58:40.000000Z,27.03313,27.0145
2015-07-28T15:59:00.000000Z,27.03297,27.0145
2015-07-28T15:59:20.000000Z,27.03325,27.0145
2015-07-28T15:59:40.000000Z,27.03321,27.0145
2015-07-28T15:59:50.000000Z,27.03284,27.01426
2015-07-28T16:00:00.000000Z,27.03298,27.0135
2015-07-28T16:00:20.000000Z,27.03545,27.01117
2015-07-28T16:00:30.000000Z,27.03513,27.01117
2015-07-28T16:00:40.000000Z,27.03503,27.01116
2015-07-28T16:01:00.000000Z,27.03512,27.01117
2015-07-28T16:01:20.000000Z,27.03521,27.01117
2015-07-28T16:01:40.000000Z,27.03508,27.01117
2015-07-28T16:02:00.000000Z,27.03503,27.01117
2015-07-28T16:02:20.000000Z,27.03516,27.01117
2015-07-28T16:02:40.000000Z,27.03539,27.01117
2015-07-28T16:03:00.000000Z,27.03504,27.01117
2015-07-28T16:03:20.000000Z,27.03512,27.01117
2015-07-28T16:04:00.000000Z,27.03508,27.01117
2015-07-28T16:04:20.000000Z,27.03512,27.01117
2015-07-28T16:05:00.000000Z,27.03586,27.0105
2015-07-28T16:05:20.000000Z,27.03582,27.0105
2015-07-28T16:05:40.000000Z,27.03594,27.0105
2015-07-28T16:06:00.000000Z,27.03495,27.0105
2015-07-28T16:06:30.000000Z,27.03507,27.0105
2015-07-28T16:06:50.000000Z,27.03499,27.0105
2015-07-28T16:07:10.000000Z,27.03495,27.0105
2015-07-28T16:07:30.000000Z,27.03487,27.0105
2015-07-28T16:07:50.000000Z,27.03472,27.0105
2015-07-28T16:08:50.000000Z,27.03483,27.0105
2015-07-28T16:09:10.000000Z,27.03495,27.0105
2015-07-28T16:09:30.000000Z,27.03479,27.0105
2015-07-28T16:09:50.000000Z,27.03468,27.0105
2015-07-28T16:10:00.000000Z,27.03467,27.01017
2015-07-28T16:10:10.000000Z,27.03474,27.01017
2015-07-28T16:10:30.000000Z,27.03482,27.01016
2015-07-28T16:10:50.000000Z,27.03478,27.01016
2015-07-28T16:11:10.000000Z,27.03474,27.01017
2015-07-28T16:11:30.000000Z,27.0347,27.01017
2015-07-28T16:11:50.000000Z,27.03487,27.01017
2015-07-28T16:12:20.000000Z,27.03479,27.01017
2015-07-28T16:12:40.000000Z,27.03466,27.01017
2015-07-28T16:13:00.000000Z,27.03548,27.01017
2015-07-28T16:13:10.000000Z,27.03553,27.01017
2015-07-28T16:13:20.000000Z,27.03549,27.01017
2015-07-28T16:13:40.000000Z,27.03557,27.01017
2015-07-28T16:14:20.000000Z,27.03549,27.01017
2015-07-28T16:14:40.000000Z,27.03562,27.01017
2015-07-28T16:15:00.000000Z,27.03553,27.01016
2015-07-28T16:15:20.000000Z,27.03549,27.01017
2015-07-28T16:15:40.000000Z,27.03557,27.01017
2015-07-28T16:16:00.000000Z,27.03541,27.01017
2015-07-28T16:16:20.000000Z,27.03544,27.01016
2015-07-28T16:17:00.000000Z,27.03549,27.01017
2015-07-28T16:17:20.000000Z,27.03553,27.01017
2015-07-28T16:17:40.000000Z,27.03562,27.01017
2015-07-28T16:18:00.000000Z,27.03553,27.01016
2015-07-28T16:18:30.000000Z,27.03562,27.01017
2015-07-28T16:18:50.000000Z,27.03541,27.01017
2015-07-28T16:19:00.000000Z,27.03574,27.01017
2015-07-28T16:19:20.000000Z,27.03562,27.01017
2015-07-28T16:19:40.000000Z,27.0357,27.01016
2015-07-28T16:20:00.000000Z,27.03549,27.01016
2015-07-28T16:20:20.000000Z,27.03536,27.01016
2015-07-28T16:20:40.000000Z,27.03532,27.01017
2015-07-28T16:20:50.000000Z,27.03565,27.01017
2015-07-28T16:21:10.000000Z,27.03562,27.01017
2015-07-28T16:21:30.000000Z,27.03579,27.01017
2015-07-28T16:22:00.000000Z,27.03546,27.01017
2015-07-28T16:22:20.000000Z,27.0354,27.01016
2015-07-28T16:22:40.000000Z,27.03557,27.01017
2015-07-28T16:23:20.000000Z,27.0357,27.01017
2015-07-28T16:23:40.000000Z,27.03566,27.01016
2015-07-28T16:24:00.000000Z,27.03554,27.01017
2015-07-28T16:24:20.000000Z,27.03562,27.01017
2015-07-28T16:24:40.000000Z,27.03566,27.01017
2015-07-28T16:25:00.000000Z,27.03549,27.01017
2015-07-28T16:25:40.000000Z,27.0357,27.01017
2015-07-28T16:26:20.000000Z,27.03566,27.01016
2015-07-28T16:26:40.000000Z,27.03562,27.01017
2015-07-28T16:27:00.000000Z,27.03553,27.01016
2015-07-28T16:27:50.000000Z,27.03566,27.01017
2015-07-28T16:28:30.000000Z,27.03571,27.01017
2015-07-28T16:28:50.000000Z,27.03549,27.01016
2015-07-28T16:29:10.000000Z,27.03557,27.01017
2015-07-28T16:29:30.000000Z,27.0357,27.01016
2015-07-28T16:30:10.000000Z,27.03558,27.01017
2015-07-28T16:30:30.000000Z,27.03553,27.01017
2015-07-28T16:30:50.000000Z,27.03575,27.01017
2015-07-28T16:31:10.000000Z,27.03566,27.01016
2015-07-28T16:31:30.000000Z,27.03562,27.01017
2015-07-28T16:31:50.000000Z,27.03558,27.01017
2015-07-28T16:32:10.000000Z,27.03562,27.01017
2015-07-28T16:32:30.000000Z,27.03566,27.01017
2015-07-28T16:32:50.000000Z,27.03562,27.01017
2015-07-28T16:33:20.000000Z,27.03549,27.01017
2015-07-28T16:33:40.000000Z,27.03566,27.01017
2015-07-28T16:34:00.000000Z,27.03575,27.01017
2015-07-28T16:34:20.000000Z,27.0358,27.01017
2015-07-28T16:34:30.000000Z,27.03536,27.01017
2015-07-28T16:34:40.000000Z,27.03567,27.0095
2015-07-28T16:35:00.000000Z,27.03549,27.0095
2015-07-28T16:35:10.000000Z,27.03454,27.01017
2015-07-28T16:35:20.000000Z,27.03442,27.01017
2015-07-28T16:35:40.000000Z,27.03447,27.01017
2015-07-28T16:36:20.000000Z,27.03464,27.01017
2015-07-28T16:37:20.000000Z,27.03436,27.01016
2015-07-28T16:37:40.000000Z,27.03441,27.01017
2015-07-28T16:38:20.000000Z,27.03453,27.01017
2015-07-28T16:39:00.000000Z,27.03464,27.01016
2015-07-28T16:39:30.000000Z,27.03453,27.01016
2015-07-28T16:39:50.000000Z,27.03464,27.01016
2015-07-28T16:40:10.000000Z,27.0347,27.01016
2015-07-28T16:40:50.000000Z,27.03476,27.01016
2015-07-28T16:41:10.000000Z,27.03488,27.01017
2015-07-28T16:41:30.000000Z,27.03483,27.01017
2015-07-28T16:42:10.000000Z,27.03471,27.01017
2015-07-28T16:42:50.000000Z,27.03465,27.01017
2015-07-28T16:43:30.000000Z,27.03459,27.01017
2015-07-28T16:43:50.000000Z,27.03448,27.01017
2015-07-28T16:44:10.000000Z,27.03453,27.01017
2015-07-28T16:44:20.000000Z,27.03499,27.01017
2015-07-28T16:44:40.000000Z,27.03453,27.01017
2015-07-28T16:45:00.000000Z,27.03464,27.01016
2015-07-28T16:45:40.000000Z,27.0347,27.01016
2015-07-28T16:46:10.000000Z,27.03482,27.01017
2015-07-28T16:46:30.000000Z,27.03465,27.01016
2015-07-28T16:47:10.000000Z,27.03459,27.01017
2015-07-28T16:47:30.000000Z,27.03465,27.01017
2015-07-28T16:47:50.000000Z,27.03453,27.01016
2015-07-28T16:48:10.000000Z,27.03464,27.01016
2015-07-28T16:49:10.000000Z,27.03482,27.01017
2015-07-28T16:49:30.000000Z,27.03477,27.01017
2015-07-28T16:49:50.000000Z,27.03482,27.01017
2015-07-28T16:50:10.000000Z,27.03477,27.01017
2015-07-28T16:50:30.000000Z,27.03454,27.01017
2015-07-28T16:50:40.000000Z,27.03454,27.01017
2015-07-28T16:51:20.000000Z,27.03459,27.01017
2015-07-28T16:51:40.000000Z,27.03442,27.01017
2015-07-28T16:52:00.000000Z,27.0347,27.01017
2015-07-28T16:52:20.000000Z,27.03465,27.01017
2015-07-28T16:52:40.000000Z,27.03476,27.01017
2015-07-28T16:53:00.000000Z,27.03465,27.01017
2015-07-28T16:53:20.000000Z,27.03453,27.01016
2015-07-28T16:53:40.000000Z,27.03447,27.01016
2015-07-28T16:54:00.000000Z,27.03453,27.01017
2015-07-28T16:54:20.000000Z,27.03447,27.01016
2015-07-28T16:54:40.000000Z,27.03436,27.01017
2015-07-28T16:54:50.000000Z,27.03463,27.01017
2015-07-28T16:55:00.000000Z,27.0343,27.01017
2015-07-28T16:55:20.000000Z,27.03435,27.01017
2015-07-28T16:56:10.000000Z,27.03441,27.01017
2015-07-28T16:56:50.000000Z,27.03447,27.01017
2015-07-28T16:57:10.000000Z,27.03453,27.01017
2015-07-28T16:57:50.000000Z,27.03459,27.01017
2015-07-28T16:58:10.000000Z,27.03482,27.01017
2015-07-28T16:58:30.000000Z,27.03447,27.01017
2015-07-28T16:59:10.000000Z,27.03459,27.01017
2015-07-28T16:59:50.000000Z,27.03453,27.01017
2015-07-28T17:00:00.000000Z,27.03481,27.01017
2015-07-28T17:00:10.000000Z,27.03454,27.01017
2015-07-28T17:00:20.000000Z,27.03447,27.01016
2015-07-28T17:05:50.000000Z,27.03453,27.01017
2015-07-28T17:06:30.000000Z,27.03447,27.01016
2015-07-28T17:06:50.000000Z,27.03442,27.01017
2015-07-28T17:07:10.000000Z,27.03447,27.01017
2015-07-28T17:07:50.000000Z,27.03453,27.01017
2015-07-28T17:08:50.000000Z,27.03447,27.01016
2015-07-28T17:09:10.000000Z,27.03442,27.01017
2015-07-28T17:09:30.000000Z,27.03447,27.01017
2015-07-28T17:10:00.000000Z,27.03442,27.01017
2015-07-28T17:10:20.000000Z,27.03447,27.01017
2015-07-28T17:11:00.000000Z,27.03453,27.01017
2015-07-28T17:11:20.000000Z,27.03447,27.01016
2015-07-28T17:11:40.000000Z,27.03453,27.01017
2015-07-28T17:12:40.000000Z,27.03447,27.01016
2015-07-28T17:13:20.000000Z,27.03442,27.01017
2015-07-28T17:13:40.000000Z,27.03453,27.01017
2015-07-28T17:14:20.000000Z,27.03447,27.01016
2015-07-28T17:14:50.000000Z,27.0343,27.01017
2015-07-28T17:15:10.000000Z,27.03452,27.01017
2015-07-28T17:15:20.000000Z,27.03469,27.01017
2015-07-28T17:15:30.000000Z,27.03464,27.01017
2015-07-28T17:15:50.000000Z,27.03468,27.01017
2015-07-28T17:16:50.000000Z,27.03464,27.01017
2015-07-28T17:17:10.000000Z,27.0346,27.01017
2015-07-28T17:17:50.000000Z,27.03464,27.01017
2015-07-28T17:18:50.000000Z,27.03468,27.01017
2015-07-28T17:20:00.000000Z,27.03464,27.01017
2015-07-28T17:20:20.000000Z,27.03468,27.01017
2015-07-28T17:20:40.000000Z,27.03464,27.01017
2015-07-28T17:21:20.000000Z,27.03452,27.0105
2015-07-28T17:22:00.000000Z,27.03448,27.0105
2015-07-28T17:22:40.000000Z,27.03452,27.0105
2015-07-28T17:23:00.000000Z,27.03448,27.0105
2015-07-28T17:23:20.000000Z,27.03452,27.0105
2015-07-28T17:23:40.000000Z,27.03456,27.0105
2015-07-28T17:24:20.000000Z,27.03452,27.0105
2015-07-28T17:24:40.000000Z,27.03448,27.0105
2015-07-28T17:25:00.000000Z,27.03452,27.0105
2015-07-28T17:26:30.000000Z,27.03456,27.0105
2015-07-28T17:26:50.000000Z,27.03448,27.0105
2015-07-28T17:27:00.000000Z,27.03542,27.0105
2015-07-28T17:27:10.000000Z,27.03562,27.0105
2015-07-28T17:28:30.000000Z,27.0405,27.0092
2015-07-28T17:28:50.000000Z,27.0405,27.00923
2015-07-28T17:29:10.000000Z,27.0405,27.00919
2015-07-28T17:29:30.000000Z,27.0405,27.00923
2015-07-28T17:29:50.000000Z,27.0405,27.00919
2015-07-28T17:31:10.000000Z,27.0405,27.0092
2015-07-28T17:33:00.000000Z,27.0405,27.00923
2015-07-28T17:33:20.000000Z,27.0405,27.00916
2015-07-28T17:33:40.000000Z,27.0405,27.00919
2015-07-28T17:34:00.000000Z,27.0405,27.00916
2015-07-28T17:34:20.000000Z,27.0405,27.00919
2015-07-28T17:38:30.000000Z,27.0405,27.00923
2015-07-28T17:39:10.000000Z,27.0405,27.00916
2015-07-28T17:40:30.000000Z,27.0405,27.00919
2015-07-28T17:43:20.000000Z,27.0405,27.00916
2015-07-28T17:44:00.000000Z,27.0405,27.00919
2015-07-28T17:45:10.000000Z,27.04134,27.00964
2015-07-28T17:45:20.000000Z,27.04084,27.01014
2015-07-28T17:45:30.000000Z,27.04084,27.01018
2015-07-28T17:45:50.000000Z,27.04083,27.01014
2015-07-28T17:46:10.000000Z,27.04084,27.01018
2015-07-28T17:46:30.000000Z,27.04083,27.01014
2015-07-28T17:46:50.000000Z,27.04084,27.01018
2015-07-28T17:47:10.000000Z,27.04083,27.01022
2015-07-28T17:47:30.000000Z,27.04083,27.01018
2015-07-28T17:49:40.000000Z,27.04083,27.01014
2015-07-28T17:50:00.000000Z,27.04084,27.01018
2015-07-28T17:53:30.000000Z,27.04083,27.01022
2015-07-28T17:56:10.000000Z,27.04083,27.00917
2015-07-28T17:56:40.000000Z,27.0405,27.00927
2015-07-28T17:58:40.000000Z,27.0405,27.00923
2015-07-28T17:58:50.000000Z,27.04083,27.00913
2015-07-28T17:59:40.000000Z,27.04083,27.0091
2015-07-28T18:00:00.000000Z,27.04084,27.00914
2015-07-28T18:00:40.000000Z,27.04083,27.0091
2015-07-28T18:01:00.000000Z,27.04084,27.00914
2015-07-28T18:02:10.000000Z,27.0405,27.00924
2015-07-28T18:02:20.000000Z,27.0405,27.00919
2015-07-28T18:03:00.000000Z,27.03983,27.00986
2015-07-28T18:03:10.000000Z,27.03983,27.00965
2015-07-28T18:03:20.000000Z,27.0405,27.00898
2015-07-28T18:04:10.000000Z,27.0405,27.00894
2015-07-28T18:05:00.000000Z,27.0395,27.00966
2015-07-28T18:05:10.000000Z,27.0395,27.00969
2015-07-28T18:05:30.000000Z,27.0395,27.00966
2015-07-28T18:05:50.000000Z,27.0395,27.00969
2015-07-28T18:08:00.000000Z,27.0395,27.00966
2015-07-28T18:09:00.000000Z,27.0395,27.00969
2015-07-28T18:10:00.000000Z,27.0395,27.00966
2015-07-28T18:11:00.000000Z,27.0395,27.00969
2015-07-28T18:11:50.000000Z,27.0395,27.00966
2015-07-28T18:12:10.000000Z,27.0395,27.00969
2015-07-28T18:12:30.000000Z,27.0395,27.00974
2015-07-28T18:12:50.000000Z,27.0395,27.0097
2015-07-28T18:13:30.000000Z,27.0395,27.00974
2015-07-28T18:13:50.000000Z,27.0395,27.0097
2015-07-28T18:15:10.000000Z,27.0395,27.00966
2015-07-28T18:16:00.000000Z,27.0395,27.00969
2015-07-28T18:16:10.000000Z,27.0395,27.0097
2015-07-28T18:16:20.000000Z,27.0395,27.00974
2015-07-28T18:16:40.000000Z,27.0395,27.0097
2015-07-28T18:17:00.000000Z,27.0395,27.00974
2015-07-28T18:17:20.000000Z,27.0395,27.0097
2015-07-28T18:18:20.000000Z,27.0395,27.00966
2015-07-28T18:19:00.000000Z,27.0395,27.00969
2015-07-28T18:20:10.000000Z,27.0395,27.00974
2015-07-28T18:20:50.000000Z,27.0395,27.0097
2015-07-28T18:21:50.000000Z,27.0395,27.00974
2015-07-28T18:22:10.000000Z,27.0395,27.0097
2015-07-28T18:22:30.000000Z,27.0395,27.0099
2015-07-28T18:22:40.000000Z,27.0395,27.0097
2015-07-28T18:22:50.000000Z,27.0395,27.00966
2015-07-28T18:23:10.000000Z,27.0395,27.00969
2015-07-28T18:23:30.000000Z,27.0395,27.00966
2015-07-28T18:24:50.000000Z,27.0395,27.00969
2015-07-28T18:25:30.000000Z,27.0395,27.00966
2015-07-28T18:26:00.000000Z,27.0395,27.00969
2015-07-28T18:28:20.000000Z,27.0395,27.00966
2015-07-28T18:28:40.000000Z,27.0395,27.00969
2015-07-28T18:29:40.000000Z,27.0395,27.00966
2015-07-28T18:31:10.000000Z,27.0395,27.00969
2015-07-28T18:31:30.000000Z,27.0395,27.00974
2015-07-28T18:32:10.000000Z,27.0395,27.0097
2015-07-28T18:32:50.000000Z,27.0395,27.00974
2015-07-28T18:34:10.000000Z,27.0395,27.0097
2015-07-28T18:38:00.000000Z,27.0395,27.00966
2015-07-28T18:38:20.000000Z,27.0395,27.00969
2015-07-28T18:38:50.000000Z,27.0387,27.0085
2015-07-28T18:39:40.000000Z,27.03865,27.0085
2015-07-28T18:41:20.000000Z,27.03869,27.0085
2015-07-28T18:41:40.000000Z,27.03865,27.0085
2015-07-28T18:42:10.000000Z,27.03869,27.0085
2015-07-28T18:44:30.000000Z,27.03865,27.0085
2015-07-28T18:44:50.000000Z,27.03869,27.0085
2015-07-28T18:50:20.000000Z,27.03865,27.0085
2015-07-28T18:50:40.000000Z,27.03869,27.0085
2015-07-28T18:51:50.000000Z,27.03866,27.0083
2015-07-28T18:56:10.000000Z,27.0387,27.0083
2015-07-28T18:56:30.000000Z,27.03865,27.0083
2015-07-28T18:56:50.000000Z,27.0387,27.0083
2015-07-28T18:58:00.000000Z,27.03865,27.0083
2015-07-28T18:58:20.000000Z,27.0387,27.0083
2015-07-28T18:59:00.000000Z,27.03865,27.0083
2015-07-28T18:59:40.000000Z,27.03875,27.0083
2015-07-28T19:00:00.000000Z,27.03861,27.0083
2015-07-28T19:01:00.000000Z,27.03865,27.0083
2015-07-28T19:03:50.000000Z,27.0386,27.0083
2015-07-28T19:04:50.000000Z,27.03869,27.0085
2015-07-28T19:06:30.000000Z,27.03874,27.0085
2015-07-28T19:07:00.000000Z,27.0387,27.0085
2015-07-28T19:08:00.000000Z,27.03874,27.0085
2015-07-28T19:08:20.000000Z,27.03879,27.0085
2015-07-28T19:08:40.000000Z,27.0387,27.0085
2015-07-28T19:09:40.000000Z,27.03874,27.0085
2015-07-28T19:10:00.000000Z,27.0387,27.0085
2015-07-28T19:14:30.000000Z,27.03865,27.0085
2015-07-28T19:14:50.000000Z,27.03869,27.0085
2015-07-28T19:15:50.000000Z,27.03874,27.0085
2015-07-28T19:16:10.000000Z,27.0387,27.0085
2015-07-28T19:19:20.000000Z,27.03865,27.0085
2015-07-28T19:19:40.000000Z,27.03869,27.0085
2015-07-28T19:20:20.000000Z,27.03874,27.0085
2015-07-28T19:20:40.000000Z,27.0387,27.0085
2015-07-28T19:21:30.000000Z,27.03826,27.0085
2015-07-28T19:21:40.000000Z,27.03807,27.0085
2015-07-28T19:22:00.000000Z,27.03699,27.0081
2015-07-28T19:22:20.000000Z,27.03693,27.0081
2015-07-28T19:23:20.000000Z,27.03698,27.0081
2015-07-28T19:24:00.000000Z,27.03703,27.0081
2015-07-28T19:25:00.000000Z,27.03698,27.0081
2015-07-28T19:25:20.000000Z,27.03693,27.0081
2015-07-28T19:26:00.000000Z,27.03688,27.0081
2015-07-28T19:26:20.000000Z,27.03693,27.0081
2015-07-28T19:28:10.000000Z,27.03698,27.0081
2015-07-28T19:29:30.000000Z,27.03693,27.0081
2015-07-28T19:29:40.000000Z,27.03489,27.0079
2015-07-28T19:30:00.000000Z,27.03484,27.0079
2015-07-28T19:30:20.000000Z,27.03493,27.0079
2015-07-28T19:30:40.000000Z,27.03479,27.0079
2015-07-28T19:31:00.000000Z,27.03483,27.0079
2015-07-28T19:32:00.000000Z,27.03488,27.0079
2015-07-28T19:32:40.000000Z,27.03484,27.0079
2015-07-28T19:33:20.000000Z,27.03488,27.0079
2015-07-28T19:33:40.000000Z,27.03493,27.0079
2015-07-28T19:34:00.000000Z,27.03488,27.0079
2015-07-28T19:34:20.000000Z,27.03484,27.0079
2015-07-28T19:37:10.000000Z,27.03488,27.0079
2015-07-28T19:38:50.000000Z,27.03484,27.0079
2015-07-28T19:41:10.000000Z,27.03463,27.0079
2015-07-28T19:41:30.000000Z,27.03482,27.0079
2015-07-28T19:41:50.000000Z,27.03467,27.0079
2015-07-28T19:42:30.000000Z,27.03462,27.0079
2015-07-28T19:44:20.000000Z,27.03457,27.0079
2015-07-28T19:44:40.000000Z,27.03482,27.0079
2015-07-28T19:45:20.000000Z,27.03488,27.0079
2015-07-28T19:46:30.000000Z,27.03484,27.0079
2015-07-28T19:48:10.000000Z,27.03479,27.0079
2015-07-28T19:49:30.000000Z,27.03483,27.0079
2015-07-28T19:50:50.000000Z,27.03462,27.0079
2015-07-28T19:51:00.000000Z,27.0346,27.0079
2015-07-28T19:52:40.000000Z,27.03465,27.0079
2015-07-28T19:53:00.000000Z,27.0346,27.0079
2015-07-28T19:54:40.000000Z,27.03456,27.0079
2015-07-28T19:55:30.000000Z,27.0346,27.0079
2015-07-28T19:56:10.000000Z,27.03465,27.0079
2015-07-28T19:57:10.000000Z,27.0346,27.0079
2015-07-28T19:57:50.000000Z,27.03465,27.0079
2015-07-28T19:58:30.000000Z,27.0346,27.0079
2015-07-28T19:59:00.000000Z,27.0348,27.0077
2015-07-28T19:59:50.000000Z,27.03476,27.0077
2015-07-28T20:00:10.000000Z,27.03489,27.0077
2015-07-28T20:00:40.000000Z,27.03465,27.0077
2015-07-28T20:00:50.000000Z,27.03463,27.0077
2015-07-28T20:01:00.000000Z,27.03464,27.0077
2015-07-28T20:01:20.000000Z,27.03459,27.0077
2015-07-28T20:01:40.000000Z,27.03463,27.0077
2015-07-28T20:03:10.000000Z,27.03459,27.0077
2015-07-28T20:06:40.000000Z,27.03705,27.0081
2015-07-28T20:07:00.000000Z,27.0389,27.0071
2015-07-28T20:07:20.000000Z,27.03938,27.0073
2015-07-28T20:07:40.000000Z,27.03962,27.0073
2015-07-28T20:08:00.000000Z,27.03958,27.0073
2015-07-28T20:08:20.000000Z,27.03962,27.0073
2015-07-28T20:08:40.000000Z,27.03967,27.0073
2015-07-28T20:09:00.000000Z,27.03972,27.0073
2015-07-28T20:09:20.000000Z,27.03968,27.0073
2015-07-28T20:10:00.000000Z,27.03972,27.0073
2015-07-28T20:11:10.000000Z,27.03968,27.0073
2015-07-28T20:15:10.000000Z,27.03963,27.0073
2015-07-28T20:15:30.000000Z,27.03967,27.0073
2015-07-28T20:16:40.000000Z,27.03958,27.0073
2015-07-28T20:17:00.000000Z,27.03967,27.0073
2015-07-28T20:19:00.000000Z,27.03972,27.0073
2015-07-28T20:20:00.000000Z,27.03977,27.0073
2015-07-28T20:23:10.000000Z,27.03972,27.0073
2015-07-28T20:26:00.000000Z,27.03968,27.0073
2015-07-28T20:27:00.000000Z,27.03963,27.0073
2015-07-28T20:28:00.000000Z,27.03967,27.0073
2015-07-28T20:30:00.000000Z,27.03949,27.0073
2015-07-28T20:30:30.000000Z,27.03854,27.0073
2015-07-28T20:30:40.000000Z,27.03831,27.0073
2015-07-28T20:31:20.000000Z,27.03835,27.0073
2015-07-28T20:34:20.000000Z,27.03831,27.0071
2015-07-28T20:37:10.000000Z,27.03826,27.0071
2015-07-28T20:38:50.000000Z,27.0383,27.0073
2015-07-28T20:39:20.000000Z,27.03826,27.0071
2015-07-28T20:40:00.000000Z,27.03831,27.0071
2015-07-28T20:40:20.000000Z,27.03826,27.0071
2015-07-28T20:42:40.000000Z,27.03834,27.00683
2015-07-28T20:44:50.000000Z,27.03829,27.00683
2015-07-28T20:46:10.000000Z,27.03834,27.00683
2015-07-28T20:49:30.000000Z,27.03834,27.00683
2015-07-28T20:49:40.000000Z,27.03844,27.00683
2015-07-28T20:49:50.000000Z,27.0372,27.00683
2015-07-28T20:50:00.000000Z,27.03715,27.00684
2015-07-28T20:50:10.000000Z,27.03668,27.0061
2015-07-28T20:50:20.000000Z,27.03659,27.0061
2015-07-28T20:52:50.000000Z,27.03775,27.0061
2015-07-28T20:53:10.000000Z,27.03787,27.0061
2015-07-28T20:53:30.000000Z,27.03775,27.0061
2015-07-28T20:55:00.000000Z,27.04125,27.0026
2015-07-28T20:56:10.000000Z,27.04131,27.0026
2015-07-28T20:57:20.000000Z,27.04125,27.0026
2015-07-28T20:58:40.000000Z,27.04118,27.0026
2015-07-28T20:59:00.000000Z,27.04267,27.00411
2015-07-28T20:59:10.000000Z,27.04267,27.00386
2015-07-28T21:01:30.000000Z,27.04467,27.00611
2015-07-28T21:01:40.000000Z,27.04467,27.00383
2015-07-28T21:01:50.000000Z,27.04467,27.00367
2015-07-28T21:02:00.000000Z,27.04467,27.00361
2015-07-28T21:02:30.000000Z,27.04467,27.00365
2015-07-28T21:03:10.000000Z,27.04466,27.0036
2015-07-28T21:03:30.000000Z,27.04467,27.00365
2015-07-28T21:05:10.000000Z,27.04466,27.0036
2015-07-28T21:05:40.000000Z,27.04467,27.00321
2015-07-28T21:07:20.000000Z,27.04466,27.00323
2015-07-28T21:07:40.000000Z,27.04467,27.0032
2015-07-28T21:08:10.000000Z,27.04466,27.00347
2015-07-28T21:09:30.000000Z,27.04466,27.00324
2015-07-28T21:12:10.000000Z,27.04467,27.00352
2015-07-28T21:13:20.000000Z,27.04467,27.00349
2015-07-28T21:13:50.000000Z,27.04467,27.00321
2015-07-28T21:14:20.000000Z,27.04466,27.00347
2015-07-28T21:14:30.000000Z,27.04467,27.0036
2015-07-28T21:14:40.000000Z,27.04467,27.00349
2015-07-28T21:15:00.000000Z,27.04467,27.00344
2015-07-28T21:23:00.000000Z,27.04467,27.00348
2015-07-28T21:23:40.000000Z,27.04467,27.00344
2015-07-28T21:27:30.000000Z,27.04467,27.00348
2015-07-28T21:28:10.000000Z,27.04467,27.00344
2015-07-28T21:30:00.000000Z,27.04467,27.00348
2015-07-28T21:32:20.000000Z,27.04467,27.00353
2015-07-28T21:34:30.000000Z,27.04467,27.00349
2015-07-28T21:35:30.000000Z,27.04467,27.00353
2015-07-28T21:37:10.000000Z,27.04467,27.00357
2015-07-28T21:40:30.000000Z,27.04467,27.00329
2015-07-28T21:45:00.000000Z,27.04467,27.00324
2015-07-28T21:47:20.000000Z,27.04467,27.0032
2015-07-28T21:50:10.000000Z,27.04467,27.00316
2015-07-28T21:51:30.000000Z,27.04466,27.00319
2015-07-28T21:55:00.000000Z,27.04466,27.00323
2015-07-28T21:57:40.000000Z,27.04467,27.00298
2015-07-28T21:59:00.000000Z,27.044,27.00379
2015-07-28T21:59:10.000000Z,27.044,27.00383
2015-07-28T22:00:00.000000Z,27.041,27.00596
2015-07-28T22:00:10.000000Z,27.041,27.00589
2015-07-28T22:01:20.000000Z,27.041,27.00589
2015-07-28T22:01:50.000000Z,27.041,27.00591
2015-07-28T22:02:30.000000Z,27.041,27.00589
2015-07-28T22:03:30.000000Z,27.041,27.00591
2015-07-28T22:03:50.000000Z,27.042,27.00623
2015-07-28T22:04:10.000000Z,27.042,27.00527
2015-07-28T22:05:30.000000Z,27.042,27.00524
2015-07-28T22:07:20.000000Z,27.042,27.00522
2015-07-28T22:07:40.000000Z,27.042,27.00524
2015-07-28T22:07:50.000000Z,27.043,27.00454
2015-07-28T22:08:00.000000Z,27.043,27.00489
2015-07-28T22:13:40.000000Z,27.043,27.00452
2015-07-28T22:13:50.000000Z,27.043,27.00489
2015-07-28T22:21:10.000000Z,27.043,27.00487
2015-07-28T22:25:40.000000Z,27.043,27.00484
2015-07-28T22:26:40.000000Z,27.043,27.00487
2015-07-28T22:41:10.000000Z,27.043,27.00484
2015-07-28T22:42:10.000000Z,27.043,27.00487
2015-07-28T22:43:10.000000Z,27.043,27.0049
2015-07-28T22:45:00.000000Z,27.043,27.00493
2015-07-28T22:45:20.000000Z,27.043,27.0049
2015-07-28T22:47:20.000000Z,27.043,27.00484
2015-07-28T22:52:10.000000Z,27.043,27.00487
2015-07-28T22:54:20.000000Z,27.043,27.00484
2015-07-28T22:55:20.000000Z,27.043,27.00487
2015-07-28T22:57:00.000000Z,27.043,27.0049
2015-07-28T22:57:40.000000Z,27.043,27.00487
2015-07-28T22:58:00.000000Z,27.043,27.0049
2015-07-28T23:00:10.000000Z,27.043,27.00493
2015-07-28T23:00:50.000000Z,27.043,27.0049
2015-07-28T23:02:10.000000Z,27.043,27.00487
2015-07-28T23:04:20.000000Z,27.043,27.00484
2015-07-28T23:05:40.000000Z,27.043,27.00487
2015-07-28T23:06:30.000000Z,27.043,27.00511
2015-07-28T23:08:40.000000Z,27.043,27.00515
2015-07-28T23:09:00.000000Z,27.043,27.00508
2015-07-28T23:10:00.000000Z,27.043,27.00511
2015-07-28T23:11:40.000000Z,27.043,27.00508
2015-07-28T23:13:40.000000Z,27.043,27.00511
2015-07-28T23:14:30.000000Z,27.043,27.00515
2015-07-28T23:14:50.000000Z,27.043,27.00512
2015-07-28T23:15:10.000000Z,27.043,27.00515
2015-07-28T23:15:30.000000Z,27.043,27.0052
2015-07-28T23:15:50.000000Z,27.043,27.00515
2015-07-28T23:19:40.000000Z,27.043,27.0052
2015-07-28T23:20:00.000000Z,27.043,27.00515
2015-07-28T23:21:40.000000Z,27.043,27.00511
2015-07-28T23:22:00.000000Z,27.043,27.00515
2015-07-28T23:22:20.000000Z,27.043,27.00511
2015-07-28T23:22:40.000000Z,27.043,27.00515
2015-07-28T23:24:30.000000Z,27.043,27.00511
2015-07-28T23:28:40.000000Z,27.043,27.00506
2015-07-28T23:31:20.000000Z,27.043,27.00511
2015-07-28T23:31:40.000000Z,27.043,27.00515
2015-07-28T23:35:30.000000Z,27.043,27.0052
2015-07-28T23:38:00.000000Z,27.043,27.00515
2015-07-28T23:38:40.000000Z,27.043,27.0052
2015-07-28T23:39:00.000000Z,27.043,27.00515
2015-07-28T23:41:00.000000Z,27.043,27.0052
2015-07-28T23:43:10.000000Z,27.043,27.00524
2015-07-28T23:44:50.000000Z,27.043,27.0052
2015-07-28T23:50:40.000000Z,27.043,27.00511
2015-07-28T23:51:20.000000Z,27.043,27.00515
2015-07-28T23:53:30.000000Z,27.043,27.00511
2015-07-28T23:56:10.000000Z,27.043,27.00515
2015-07-29T00:00:40.000000Z,27.043,27.00511
2015-07-29T00:02:10.000000Z,27.043,27.00515
2015-07-29T00:02:30.000000Z,27.043,27.0052
2015-07-29T00:03:10.000000Z,27.043,27.00511
2015-07-29T00:03:30.000000Z,27.043,27.00515
2015-07-29T00:04:50.000000Z,27.043,27.00511
2015-07-29T00:05:00.000000Z,27.043,27.00689
2015-07-29T00:05:10.000000Z,27.043,27.00701
2015-07-29T00:05:30.000000Z,27.043,27.00697
2015-07-29T00:06:30.000000Z,27.043,27.00701
2015-07-29T00:07:40.000000Z,27.043,27.00697
2015-07-29T00:08:00.000000Z,27.043,27.00701
2015-07-29T00:12:00.000000Z,27.044,27.00621
2015-07-29T00:12:10.000000Z,27.044,27.00645
2015-07-29T00:12:30.000000Z,27.044,27.00648
2015-07-29T00:13:10.000000Z,27.044,27.00651
2015-07-29T00:16:00.000000Z,27.044,27.00648
2015-07-29T00:16:20.000000Z,27.044,27.00651
2015-07-29T00:17:00.000000Z,27.044,27.00648
2015-07-29T00:17:20.000000Z,27.044,27.00651
2015-07-29T00:19:00.000000Z,27.044,27.00645
2015-07-29T00:19:20.000000Z,27.044,27.00651
2015-07-29T00:19:40.000000Z,27.044,27.00655
2015-07-29T00:20:00.000000Z,27.044,27.00652
2015-07-29T00:21:10.000000Z,27.044,27.00648
2015-07-29T00:22:10.000000Z,27.044,27.00651
2015-07-29T00:22:50.000000Z,27.044,27.00648
2015-07-29T00:23:10.000000Z,27.044,27.00655
2015-07-29T00:23:30.000000Z,27.044,27.00652
2015-07-29T00:25:20.000000Z,27.044,27.00655
2015-07-29T00:27:00.000000Z,27.044,27.00652
2015-07-29T00:30:10.000000Z,27.044,27.00648
2015-07-29T00:31:10.000000Z,27.044,27.00655
2015-07-29T00:31:50.000000Z,27.044,27.00658
2015-07-29T00:32:10.000000Z,27.044,27.00652
2015-07-29T00:32:50.000000Z,27.044,27.00648
2015-07-29T00:34:30.000000Z,27.044,27.00651
2015-07-29T00:35:20.000000Z,27.044,27.00655
2015-07-29T00:37:20.000000Z,27.044,27.00652
2015-07-29T00:37:40.000000Z,27.044,27.00648
2015-07-29T00:38:00.000000Z,27.044,27.00651
2015-07-29T00:39:30.000000Z,27.044,27.00648
2015-07-29T00:40:10.000000Z,27.044,27.00651
2015-07-29T00:40:30.000000Z,27.044,27.00648
2015-07-29T00:41:10.000000Z,27.044,27.00651
2015-07-29T00:42:30.000000Z,27.044,27.00648
2015-07-29T00:42:50.000000Z,27.044,27.00651
2015-07-29T00:44:40.000000Z,27.044,27.00655
2015-07-29T00:45:00.000000Z,27.044,27.00652
2015-07-29T00:46:00.000000Z,27.044,27.00648
2015-07-29T00:46:40.000000Z,27.044,27.00651
2015-07-29T00:48:50.000000Z,27.044,27.00648
2015-07-29T00:49:10.000000Z,27.044,27.00651
2015-07-29T00:49:50.000000Z,27.044,27.00648
2015-07-29T00:50:10.000000Z,27.044,27.00655
2015-07-29T00:50:50.000000Z,27.044,27.00652
2015-07-29T00:51:30.000000Z,27.044,27.00648
2015-07-29T00:54:00.000000Z,27.044,27.00627
2015-07-29T00:54:10.000000Z,27.044,27.00651
2015-07-29T00:54:20.000000Z,27.044,27.00648
2015-07-29T00:54:40.000000Z,27.044,27.00651
2015-07-29T00:55:10.000000Z,27.044,27.00628
2015-07-29T00:55:20.000000Z,27.044,27.00624
2015-07-29T00:55:40.000000Z,27.044,27.00648
2015-07-29T00:56:40.000000Z,27.044,27.00651
2015-07-29T01:00:10.000000Z,27.044,27.00648
2015-07-29T01:00:30.000000Z,27.044,27.00655
2015-07-29T01:00:50.000000Z,27.044,27.00649
2015-07-29T01:01:10.000000Z,27.044,27.00651
2015-07-29T01:02:40.000000Z,27.044,27.00655
2015-07-29T01:03:00.000000Z,27.044,27.00652
2015-07-29T01:03:20.000000Z,27.044,27.00648
2015-07-29T01:03:40.000000Z,27.044,27.00651
2015-07-29T01:07:00.000000Z,27.044,27.00655
2015-07-29T01:08:10.000000Z,27.044,27.00652
2015-07-29T01:11:50.000000Z,27.044,27.00648
2015-07-29T01:13:40.000000Z,27.044,27.00645
2015-07-29T01:14:00.000000Z,27.044,27.00651
2015-07-29T01:19:30.000000Z,27.044,27.00648
2015-07-29T01:19:50.000000Z,27.044,27.00651
2015-07-29T01:21:20.000000Z,27.044,27.00648
2015-07-29T01:21:40.000000Z,27.044,27.00655
2015-07-29T01:22:00.000000Z,27.044,27.00652
2015-07-29T01:23:00.000000Z,27.044,27.00648
2015-07-29T01:23:20.000000Z,27.044,27.00651
2015-07-29T01:25:20.000000Z,27.044,27.00648
2015-07-29T01:25:40.000000Z,27.044,27.00651
2015-07-29T01:29:30.000000Z,27.044,27.00648
2015-07-29T01:30:40.000000Z,27.044,27.00651
2015-07-29T01:31:20.000000Z,27.044,27.00648
2015-07-29T01:32:20.000000Z,27.044,27.00655
2015-07-29T01:32:40.000000Z,27.044,27.00652
2015-07-29T01:33:00.000000Z,27.044,27.00628
2015-07-29T01:33:10.000000Z,27.044,27.00651
2015-07-29T01:37:10.000000Z,27.044,27.00648
2015-07-29T01:37:30.000000Z,27.044,27.00651
2015-07-29T01:38:30.000000Z,27.044,27.00655
2015-07-29T01:39:30.000000Z,27.044,27.00652
2015-07-29T01:42:00.000000Z,27.044,27.00655
2015-07-29T01:42:40.000000Z,27.044,27.00652
2015-07-29T01:43:20.000000Z,27.044,27.00648
2015-07-29T01:43:40.000000Z,27.044,27.00651
2015-07-29T01:46:30.000000Z,27.044,27.00648
2015-07-29T01:47:10.000000Z,27.044,27.00651
2015-07-29T01:49:20.000000Z,27.044,27.00655
2015-07-29T01:49:40.000000Z,27.044,27.00652
2015-07-29T01:50:00.000000Z,27.044,27.00655
2015-07-29T01:50:20.000000Z,27.044,27.00652
2015-07-29T01:50:40.000000Z,27.044,27.00655
2015-07-29T01:51:20.000000Z,27.044,27.00652
2015-07-29T01:52:00.000000Z,27.044,27.00655
2015-07-29T01:53:40.000000Z,27.044,27.00652
2015-07-29T01:57:30.000000Z,27.044,27.00655
2015-07-29T01:57:50.000000Z,27.044,27.00652
2015-07-29T01:58:30.000000Z,27.044,27.00665
2015-07-29T01:58:50.000000Z,27.044,27.00652
2015-07-29T02:00:40.000000Z,27.044,27.00703
2015-07-29T02:01:00.000000Z,27.044,27.00653
2015-07-29T02:01:10.000000Z,27.044,27.00652
2015-07-29T02:01:20.000000Z,27.044,27.00648
2015-07-29T02:02:20.000000Z,27.044,27.00651
2015-07-29T02:03:00.000000Z,27.044,27.00655
2015-07-29T02:04:30.000000Z,27.044,27.00652
2015-07-29T02:05:50.000000Z,27.044,27.00655
2015-07-29T02:06:10.000000Z,27.044,27.00652
2015-07-29T02:07:50.000000Z,27.044,27.00648
2015-07-29T02:08:30.000000Z,27.044,27.00651
2015-07-29T02:09:40.000000Z,27.044,27.00655
2015-07-29T02:10:20.000000Z,27.044,27.00649
2015-07-29T02:10:40.000000Z,27.044,27.00651
2015-07-29T02:13:00.000000Z,27.044,27.00655
2015-07-29T02:14:30.000000Z,27.044,27.00652
2015-07-29T02:14:50.000000Z,27.044,27.00655
2015-07-29T02:15:10.000000Z,27.044,27.00652
2015-07-29T02:18:40.000000Z,27.044,27.00648
2015-07-29T02:19:00.000000Z,27.044,27.00651
2015-07-29T02:19:20.000000Z,27.044,27.00648
2015-07-29T02:20:20.000000Z,27.044,27.00651
2015-07-29T02:23:20.000000Z,27.044,27.00648
2015-07-29T02:23:40.000000Z,27.044,27.00651
2015-07-29T02:25:40.000000Z,27.045,27.0058
2015-07-29T02:25:50.000000Z,27.045,27.00578
2015-07-29T02:26:50.000000Z,27.045,27.00581
2015-07-29T02:27:30.000000Z,27.045,27.00584
2015-07-29T02:27:50.000000Z,27.045,27.00581
2015-07-29T02:31:20.000000Z,27.045,27.00578
2015-07-29T02:33:50.000000Z,27.045,27.00581
2015-07-29T02:35:30.000000Z,27.045,27.00578
2015-07-29T02:36:30.000000Z,27.045,27.00581
2015-07-29T02:38:00.000000Z,27.045,27.00584
2015-07-29T02:38:40.000000Z,27.045,27.00581
2015-07-29T02:40:40.000000Z,27.045,27.00584
2015-07-29T02:41:00.000000Z,27.045,27.00581
2015-07-29T02:41:40.000000Z,27.045,27.00584
2015-07-29T02:42:10.000000Z,27.045,27.00581
2015-07-29T02:42:30.000000Z,27.045,27.00584
2015-07-29T02:43:10.000000Z,27.045,27.00578
2015-07-29T02:43:30.000000Z,27.045,27.00581
2015-07-29T02:44:30.000000Z,27.045,27.00578
2015-07-29T02:46:20.000000Z,27.045,27.00584
2015-07-29T02:47:20.000000Z,27.045,27.00581
2015-07-29T02:55:40.000000Z,27.045,27.00578
2015-07-29T02:57:40.000000Z,27.045,27.00581
2015-07-29T02:59:30.000000Z,27.045,27.00578
2015-07-29T03:02:50.000000Z,27.045,27.00581
2015-07-29T03:03:10.000000Z,27.045,27.00584
2015-07-29T03:07:00.000000Z,27.045,27.00581
2015-07-29T03:10:30.000000Z,27.045,27.00584
2015-07-29T03:11:30.000000Z,27.045,27.00581
2015-07-29T03:13:40.000000Z,27.045,27.00578
2015-07-29T03:14:40.000000Z,27.045,27.00581
2015-07-29T03:21:20.000000Z,27.045,27.00584
2015-07-29T03:21:40.000000Z,27.045,27.00578
2015-07-29T03:23:00.000000Z,27.045,27.00581
2015-07-29T03:29:10.000000Z,27.045,27.00578
2015-07-29T03:29:30.000000Z,27.045,27.00581
2015-07-29T03:31:00.000000Z,27.045,27.00556
2015-07-29T03:31:10.000000Z,27.045,27.0058
2015-07-29T03:34:20.000000Z,27.045,27.00599
2015-07-29T03:34:30.000000Z,27.045,27.00594
2015-07-29T03:35:50.000000Z,27.045,27.00597
2015-07-29T03:37:10.000000Z,27.045,27.00591
2015-07-29T03:38:50.000000Z,27.045,27.00594
2015-07-29T03:40:40.000000Z,27.045,27.00591
2015-07-29T03:41:00.000000Z,27.045,27.00594
2015-07-29T03:41:20.000000Z,27.045,27.00591
2015-07-29T03:41:40.000000Z,27.045,27.00594
2015-07-29T03:47:50.000000Z,27.045,27.00597
2015-07-29T03:48:10.000000Z,27.045,27.00594
