time,closeAsk,closeBid,volume
2015-08-11T09:04:30.000000Z,1.5595703125,1.5595703125,8.0
2015-08-11T09:04:40.000000Z,1.5595703125,1.5595703125,4.0
2015-08-11T09:04:50.000000Z,1.5595703125,1.5595703125,3.0
2015-08-11T09:05:00.000000Z,1.5595703125,1.5595703125,4.0
2015-08-11T09:05:10.000000Z,1.5595703125,1.5595703125,4.0
2015-08-11T09:05:20.000000Z,1.5595703125,1.5595703125,6.0
2015-08-11T09:05:30.000000Z,1.5595703125,1.5595703125,1.0
2015-08-11T09:05:40.000000Z,1.5595703125,1.5595703125,2.0
2015-08-11T09:06:00.000000Z,1.5595703125,1.5595703125,1.0
2015-08-11T09:06:20.000000Z,1.5595703125,1.5595703125,3.0
2015-08-11T09:06:30.000000Z,1.5595703125,1.5595703125,13.0
2015-08-11T09:06:40.000000Z,1.5595703125,1.5595703125,11.0
2015-08-11T09:06:50.000000Z,1.5595703125,1.55859375,7.0
2015-08-11T09:07:00.000000Z,1.5595703125,1.55859375,9.0
2015-08-11T09:07:10.000000Z,1.5595703125,1.55859375,8.0
2015-08-11T09:07:20.000000Z,1.5595703125,1.5595703125,2.0
2015-08-11T09:07:30.000000Z,1.5595703125,1.55859375,3.0
2015-08-11T09:07:40.000000Z,1.55859375,1.55859375,5.0
2015-08-11T09:07:50.000000Z,1.55859375,1.55859375,5.0
2015-08-11T09:08:10.000000Z,1.55859375,1.55859375,12.0
2015-08-11T09:08:20.000000Z,1.55859375,1.55859375,4.0
2015-08-11T09:08:30.000000Z,1.55859375,1.55859375,17.0
2015-08-11T09:08:40.000000Z,1.55859375,1.55859375,10.0
2015-08-11T09:08:50.000000Z,1.5576171875,1.5576171875,20.0
2015-08-11T09:09:00.000000Z,1.55859375,1.5576171875,10.0
2015-08-11T09:09:20.000000Z,1.55859375,1.55859375,11.0
2015-08-11T09:09:30.000000Z,1.55859375,1.5576171875,10.0
2015-08-11T09:09:40.000000Z,1.55859375,1.5576171875,2.0
2015-08-11T09:09:50.000000Z,1.55859375,1.55859375,7.0
2015-08-11T09:10:00.000000Z,1.55859375,1.55859375,7.0
2015-08-11T09:10:10.000000Z,1.55859375,1.55859375,9.0
2015-08-11T09:10:20.000000Z,1.55859375,1.55859375,4.0
2015-08-11T09:10:30.000000Z,1.55859375,1.55859375,2.0
2015-08-11T09:10:40.000000Z,1.55859375,1.55859375,11.0
2015-08-11T09:10:50.000000Z,1.55859375,1.55859375,9.0
2015-08-11T09:11:00.000000Z,1.55859375,1.55859375,3.0
2015-08-11T09:11:10.000000Z,1.55859375,1.55859375,3.0
2015-08-11T09:11:20.000000Z,1.55859375,1.55859375,7.0
2015-08-11T09:11:40.000000Z,1.55859375,1.55859375,14.0
2015-08-11T09:11:50.000000Z,1.55859375,1.55859375,5.0
2015-08-11T09:12:00.000000Z,1.55859375,1.55859375,9.0
2015-08-11T09:12:10.000000Z,1.55859375,1.55859375,6.0
2015-08-11T09:12:20.000000Z,1.55859375,1.55859375,7.0
2015-08-11T09:12:30.000000Z,1.55859375,1.55859375,3.0
2015-08-11T09:12:40.000000Z,1.55859375,1.55859375,4.0
2015-08-11T09:12:50.000000Z,1.55859375,1.55859375,15.0
2015-08-11T09:13:00.000000Z,1.55859375,1.55859375,3.0
2015-08-11T09:13:10.000000Z,1.55859375,1.55859375,2.0
2015-08-11T09:13:20.000000Z,1.55859375,1.55859375,4.0
2015-08-11T09:13:40.000000Z,1.55859375,1.55859375,3.0
2015-08-11T09:13:50.000000Z,1.55859375,1.55859375,1.0
2015-08-11T09:14:00.000000Z,1.55859375,1.55859375,6.0
2015-08-11T09:14:10.000000Z,1.55859375,1.55859375,3.0
2015-08-11T09:14:30.000000Z,1.55859375,1.55859375,8.0
2015-08-11T09:14:50.000000Z,1.55859375,1.55859375,1.0
2015-08-11T09:15:00.000000Z,1.55859375,1.55859375,3.0
2015-08-11T09:15:10.000000Z,1.55859375,1.55859375,11.0
2015-08-11T09:15:20.000000Z,1.55859375,1.55859375,3.0
2015-08-11T09:15:30.000000Z,1.55859375,1.55859375,11.0
2015-08-11T09:15:40.000000Z,1.55859375,1.55859375,13.0
2015-08-11T09:15:50.000000Z,1.55859375,1.55859375,8.0
2015-08-11T09:16:00.000000Z,1.55859375,1.55859375,1.0
2015-08-11T09:16:10.000000Z,1.55859375,1.55859375,3.0
2015-08-11T09:16:20.000000Z,1.55859375,1.55859375,4.0
2015-08-11T09:16:30.000000Z,1.55859375,1.55859375,3.0
2015-08-11T09:16:50.000000Z,1.55859375,1.55859375,1.0
2015-08-11T09:17:00.000000Z,1.55859375,1.55859375,3.0
2015-08-11T09:17:10.000000Z,1.5595703125,1.5595703125,13.0
2015-08-11T09:17:20.000000Z,1.5595703125,1.5595703125,3.0
2015-08-11T09:17:30.000000Z,1.5595703125,1.5595703125,8.0
2015-08-11T09:17:40.000000Z,1.5595703125,1.5595703125,13.0
2015-08-11T09:17:50.000000Z,1.5595703125,1.5595703125,2.0
2015-08-11T09:18:00.000000Z,1.5595703125,1.5595703125,11.0
2015-08-11T09:18:10.000000Z,1.5595703125,1.5595703125,9.0
2015-08-11T09:18:20.000000Z,1.5595703125,1.5595703125,12.0
2015-08-11T09:18:30.000000Z,1.5595703125,1.55859375,29.0
2015-08-11T09:18:40.000000Z,1.5595703125,1.55859375,14.0
2015-08-11T09:18:50.000000Z,1.5595703125,1.5595703125,9.0
2015-08-11T09:19:00.000000Z,1.5595703125,1.55859375,19.0
2015-08-11T09:19:10.000000Z,1.5595703125,1.55859375,13.0
2015-08-11T09:19:20.000000Z,1.5595703125,1.55859375,8.0
2015-08-11T09:19:30.000000Z,1.5595703125,1.5595703125,28.0
2015-08-11T09:19:40.000000Z,1.5595703125,1.5595703125,8.0
2015-08-11T09:19:50.000000Z,1.5595703125,1.55859375,17.0
2015-08-11T09:20:00.000000Z,1.5595703125,1.5595703125,12.0
2015-08-11T09:20:10.000000Z,1.5595703125,1.5595703125,7.0
2015-08-11T09:20:20.000000Z,1.5595703125,1.5595703125,15.0
2015-08-11T09:20:30.000000Z,1.5595703125,1.5595703125,16.0
2015-08-11T09:20:40.000000Z,1.5595703125,1.5595703125,1.0
2015-08-11T09:21:00.000000Z,1.5595703125,1.5595703125,13.0
2015-08-11T09:21:10.000000Z,1.5595703125,1.5595703125,18.0
2015-08-11T09:21:20.000000Z,1.5595703125,1.5595703125,2.0
2015-08-11T09:21:30.000000Z,1.5595703125,1.5595703125,2.0
2015-08-11T09:22:00.000000Z,1.5595703125,1.5595703125,5.0
2015-08-11T09:22:10.000000Z,1.5595703125,1.5595703125,6.0
2015-08-11T09:22:20.000000Z,1.5595703125,1.5595703125,5.0
2015-08-11T09:22:40.000000Z,1.5595703125,1.5595703125,1.0
2015-08-11T09:22:50.000000Z,1.5595703125,1.5595703125,10.0
2015-08-11T09:23:00.000000Z,1.5595703125,1.5595703125,4.0
2015-08-11T09:23:10.000000Z,1.5595703125,1.5595703125,3.0
2015-08-11T09:23:20.000000Z,1.5595703125,1.5595703125,5.0
2015-08-11T09:23:30.000000Z,1.5595703125,1.5595703125,2.0
2015-08-11T09:23:40.000000Z,1.5595703125,1.5595703125,15.0
2015-08-11T09:23:50.000000Z,1.5595703125,1.5595703125,12.0
2015-08-11T09:24:00.000000Z,1.5595703125,1.5595703125,1.0
2015-08-11T09:24:10.000000Z,1.5595703125,1.5595703125,7.0
2015-08-11T09:24:20.000000Z,1.5595703125,1.5595703125,1.0
2015-08-11T09:24:40.000000Z,1.5595703125,1.5595703125,1.0
2015-08-11T09:25:00.000000Z,1.5595703125,1.5595703125,4.0
2015-08-11T09:25:10.000000Z,1.5595703125,1.5595703125,8.0
2015-08-11T09:25:20.000000Z,1.5595703125,1.5595703125,2.0
2015-08-11T09:25:30.000000Z,1.5595703125,1.5595703125,4.0
2015-08-11T09:25:50.000000Z,1.5595703125,1.5595703125,3.0
2015-08-11T09:26:00.000000Z,1.5595703125,1.5595703125,8.0
2015-08-11T09:26:10.000000Z,1.5595703125,1.5595703125,2.0
2015-08-11T09:26:20.000000Z,1.5595703125,1.5595703125,4.0
2015-08-11T09:26:30.000000Z,1.5595703125,1.5595703125,10.0
2015-08-11T09:26:40.000000Z,1.5595703125,1.5595703125,1.0
2015-08-11T09:26:50.000000Z,1.5595703125,1.5595703125,1.0
2015-08-11T09:27:10.000000Z,1.5595703125,1.5595703125,3.0
2015-08-11T09:27:20.000000Z,1.5595703125,1.5595703125,9.0
2015-08-11T09:27:40.000000Z,1.5595703125,1.5595703125,1.0
2015-08-11T09:27:50.000000Z,1.5595703125,1.5595703125,5.0
2015-08-11T09:28:00.000000Z,1.5595703125,1.5595703125,6.0
2015-08-11T09:28:10.000000Z,1.5595703125,1.5595703125,5.0
2015-08-11T09:28:20.000000Z,1.5595703125,1.5595703125,14.0
2015-08-11T09:28:30.000000Z,1.5595703125,1.5595703125,8.0
2015-08-11T09:28:40.000000Z,1.5595703125,1.5595703125,15.0
2015-08-11T09:28:50.000000Z,1.5595703125,1.5595703125,2.0
2015-08-11T09:29:00.000000Z,1.5595703125,1.5595703125,1.0
2015-08-11T09:29:20.000000Z,1.5595703125,1.5595703125,6.0
2015-08-11T09:29:30.000000Z,1.5595703125,1.5595703125,25.0
2015-08-11T09:29:40.000000Z,1.5595703125,1.5595703125,5.0
2015-08-11T09:29:50.000000Z,1.5595703125,1.5595703125,13.0
2015-08-11T09:30:00.000000Z,1.5595703125,1.5595703125,3.0
2015-08-11T09:30:10.000000Z,1.5595703125,1.5595703125,4.0
2015-08-11T09:30:20.000000Z,1.5595703125,1.5595703125,10.0
2015-08-11T09:30:30.000000Z,1.5595703125,1.5595703125,11.0
2015-08-11T09:30:40.000000Z,1.5595703125,1.5595703125,2.0
2015-08-11T09:30:50.000000Z,1.5595703125,1.5595703125,9.0
2015-08-11T09:31:10.000000Z,1.5595703125,1.5595703125,10.0
2015-08-11T09:31:20.000000Z,1.5595703125,1.5595703125,7.0
2015-08-11T09:31:30.000000Z,1.5595703125,1.5595703125,17.0
2015-08-11T09:31:40.000000Z,1.5595703125,1.5595703125,18.0
2015-08-11T09:31:50.000000Z,1.560546875,1.5595703125,8.0
2015-08-11T09:32:00.000000Z,1.5595703125,1.5595703125,10.0
2015-08-11T09:32:10.000000Z,1.5595703125,1.5595703125,14.0
2015-08-11T09:32:20.000000Z,1.5595703125,1.5595703125,2.0
2015-08-11T09:32:30.000000Z,1.5595703125,1.5595703125,10.0
2015-08-11T09:32:40.000000Z,1.5595703125,1.5595703125,1.0
2015-08-11T09:32:50.000000Z,1.5595703125,1.5595703125,1.0
2015-08-11T09:33:00.000000Z,1.5595703125,1.5595703125,11.0
2015-08-11T09:33:10.000000Z,1.5595703125,1.5595703125,11.0
2015-08-11T09:33:20.000000Z,1.5595703125,1.5595703125,23.0
2015-08-11T09:33:30.000000Z,1.5595703125,1.5595703125,9.0
2015-08-11T09:33:40.000000Z,1.5595703125,1.5595703125,2.0
2015-08-11T09:34:00.000000Z,1.5595703125,1.5595703125,5.0
2015-08-11T09:34:10.000000Z,1.5595703125,1.5595703125,3.0
2015-08-11T09:34:30.000000Z,1.5595703125,1.5595703125,4.0
2015-08-11T09:34:40.000000Z,1.5595703125,1.5595703125,5.0
2015-08-11T09:34:50.000000Z,1.5595703125,1.5595703125,2.0
2015-08-11T09:35:00.000000Z,1.5595703125,1.5595703125,11.0
2015-08-11T09:35:10.000000Z,1.5595703125,1.5595703125,1.0
2015-08-11T09:35:20.000000Z,1.5595703125,1.5595703125,11.0
2015-08-11T09:35:30.000000Z,1.5595703125,1.5595703125,12.0
2015-08-11T09:35:40.000000Z,1.5595703125,1.5595703125,5.0
2015-08-11T09:35:50.000000Z,1.5595703125,1.5595703125,7.0
2015-08-11T09:36:10.000000Z,1.5595703125,1.5595703125,3.0
2015-08-11T09:36:30.000000Z,1.5595703125,1.5595703125,1.0
2015-08-11T09:36:50.000000Z,1.5595703125,1.5595703125,1.0
2015-08-11T09:37:00.000000Z,1.5595703125,1.5595703125,2.0
2015-08-11T09:37:10.000000Z,1.5595703125,1.5595703125,2.0
2015-08-11T09:37:30.000000Z,1.5595703125,1.5595703125,7.0
2015-08-11T09:37:40.000000Z,1.5595703125,1.5595703125,10.0
2015-08-11T09:37:50.000000Z,1.5595703125,1.5595703125,4.0
2015-08-11T09:38:00.000000Z,1.5595703125,1.5595703125,1.0
2015-08-11T09:38:10.000000Z,1.5595703125,1.5595703125,5.0
2015-08-11T09:38:30.000000Z,1.5595703125,1.5595703125,2.0
2015-08-11T09:38:40.000000Z,1.5595703125,1.5595703125,1.0
2015-08-11T09:38:50.000000Z,1.5595703125,1.5595703125,1.0
2015-08-11T09:39:00.000000Z,1.5595703125,1.5595703125,5.0
2015-08-11T09:39:10.000000Z,1.5595703125,1.5595703125,14.0
2015-08-11T09:39:20.000000Z,1.5595703125,1.5595703125,6.0
2015-08-11T09:39:30.000000Z,1.5595703125,1.5595703125,4.0
2015-08-11T09:39:40.000000Z,1.5595703125,1.5595703125,8.0
2015-08-11T09:39:50.000000Z,1.5595703125,1.5595703125,5.0
2015-08-11T09:40:00.000000Z,1.5595703125,1.5595703125,7.0
2015-08-11T09:40:30.000000Z,1.5595703125,1.5595703125,12.0
2015-08-11T09:40:40.000000Z,1.5595703125,1.5595703125,1.0
2015-08-11T09:40:50.000000Z,1.5595703125,1.5595703125,3.0
2015-08-11T09:41:00.000000Z,1.5595703125,1.5595703125,5.0
2015-08-11T09:41:10.000000Z,1.5595703125,1.5595703125,4.0
2015-08-11T09:41:20.000000Z,1.5595703125,1.5595703125,24.0
2015-08-11T09:41:30.000000Z,1.5595703125,1.5595703125,11.0
2015-08-11T09:41:40.000000Z,1.5595703125,1.5595703125,12.0
2015-08-11T09:41:50.000000Z,1.5595703125,1.5595703125,6.0
2015-08-11T09:42:00.000000Z,1.5595703125,1.5595703125,20.0
2015-08-11T09:42:10.000000Z,1.5595703125,1.5595703125,8.0
2015-08-11T09:42:20.000000Z,1.5595703125,1.5595703125,7.0
2015-08-11T09:42:30.000000Z,1.5595703125,1.5595703125,15.0
2015-08-11T09:42:40.000000Z,1.5595703125,1.5595703125,15.0
2015-08-11T09:42:50.000000Z,1.5595703125,1.5595703125,5.0
2015-08-11T09:43:00.000000Z,1.5595703125,1.5595703125,7.0
2015-08-11T09:43:10.000000Z,1.5595703125,1.5595703125,10.0
2015-08-11T09:43:20.000000Z,1.5595703125,1.5595703125,7.0
2015-08-11T09:43:30.000000Z,1.5595703125,1.5595703125,7.0
2015-08-11T09:43:40.000000Z,1.5595703125,1.55859375,9.0
2015-08-11T09:43:50.000000Z,1.5595703125,1.55859375,1.0
2015-08-11T09:44:00.000000Z,1.5595703125,1.55859375,11.0
2015-08-11T09:44:10.000000Z,1.55859375,1.55859375,16.0
2015-08-11T09:44:20.000000Z,1.55859375,1.55859375,23.0
2015-08-11T09:44:30.000000Z,1.55859375,1.55859375,14.0
2015-08-11T09:44:40.000000Z,1.55859375,1.55859375,8.0
2015-08-11T09:44:50.000000Z,1.55859375,1.55859375,12.0
2015-08-11T09:45:00.000000Z,1.55859375,1.55859375,25.0
2015-08-11T09:45:10.000000Z,1.55859375,1.55859375,1.0
2015-08-11T09:45:20.000000Z,1.55859375,1.55859375,7.0
2015-08-11T09:45:30.000000Z,1.55859375,1.55859375,6.0
2015-08-11T09:45:40.000000Z,1.55859375,1.55859375,10.0
2015-08-11T09:45:50.000000Z,1.55859375,1.55859375,6.0
2015-08-11T09:46:00.000000Z,1.55859375,1.55859375,2.0
2015-08-11T09:46:10.000000Z,1.55859375,1.55859375,9.0
2015-08-11T09:46:20.000000Z,1.55859375,1.55859375,9.0
2015-08-11T09:46:30.000000Z,1.55859375,1.55859375,4.0
2015-08-11T09:46:40.000000Z,1.55859375,1.55859375,4.0
2015-08-11T09:46:50.000000Z,1.55859375,1.55859375,1.0
2015-08-11T09:47:10.000000Z,1.55859375,1.55859375,4.0
2015-08-11T09:47:20.000000Z,1.5595703125,1.55859375,18.0
2015-08-11T09:47:30.000000Z,1.5595703125,1.55859375,5.0
2015-08-11T09:47:40.000000Z,1.5595703125,1.55859375,7.0
2015-08-11T09:47:50.000000Z,1.5595703125,1.55859375,2.0
2015-08-11T09:48:00.000000Z,1.5595703125,1.55859375,2.0
2015-08-11T09:48:10.000000Z,1.55859375,1.55859375,6.0
2015-08-11T09:48:30.000000Z,1.55859375,1.55859375,2.0
2015-08-11T09:48:40.000000Z,1.5595703125,1.55859375,3.0
2015-08-11T09:48:50.000000Z,1.5595703125,1.55859375,2.0
2015-08-11T09:49:00.000000Z,1.5595703125,1.55859375,7.0
2015-08-11T09:49:10.000000Z,1.5595703125,1.55859375,3.0
2015-08-11T09:49:20.000000Z,1.5595703125,1.55859375,5.0
2015-08-11T09:49:30.000000Z,1.5595703125,1.55859375,2.0
2015-08-11T09:49:50.000000Z,1.5595703125,1.5595703125,10.0
2015-08-11T09:50:00.000000Z,1.5595703125,1.55859375,8.0
2015-08-11T09:50:10.000000Z,1.5595703125,1.55859375,5.0
2015-08-11T09:50:20.000000Z,1.55859375,1.55859375,16.0
2015-08-11T09:50:30.000000Z,1.55859375,1.55859375,4.0
2015-08-11T09:50:50.000000Z,1.55859375,1.55859375,1.0
2015-08-11T09:51:00.000000Z,1.55859375,1.55859375,5.0
2015-08-11T09:51:10.000000Z,1.55859375,1.55859375,1.0
2015-08-11T09:51:20.000000Z,1.55859375,1.55859375,1.0
2015-08-11T09:51:30.000000Z,1.55859375,1.55859375,10.0
2015-08-11T09:51:40.000000Z,1.55859375,1.55859375,1.0
2015-08-11T09:51:50.000000Z,1.55859375,1.55859375,6.0
2015-08-11T09:52:00.000000Z,1.55859375,1.55859375,2.0
2015-08-11T09:52:20.000000Z,1.55859375,1.55859375,1.0
2015-08-11T09:52:30.000000Z,1.55859375,1.55859375,1.0
2015-08-11T09:52:40.000000Z,1.55859375,1.55859375,11.0
2015-08-11T09:53:00.000000Z,1.55859375,1.55859375,6.0
2015-08-11T09:53:10.000000Z,1.55859375,1.55859375,2.0
2015-08-11T09:53:20.000000Z,1.55859375,1.55859375,9.0
2015-08-11T09:53:30.000000Z,1.55859375,1.55859375,7.0
2015-08-11T09:53:40.000000Z,1.55859375,1.55859375,9.0
2015-08-11T09:53:50.000000Z,1.5595703125,1.55859375,10.0
2015-08-11T09:54:10.000000Z,1.5595703125,1.55859375,1.0
2015-08-11T09:54:30.000000Z,1.5595703125,1.55859375,1.0
2015-08-11T09:54:40.000000Z,1.5595703125,1.55859375,10.0
2015-08-11T09:54:50.000000Z,1.5595703125,1.55859375,5.0
2015-08-11T09:55:00.000000Z,1.5595703125,1.55859375,5.0
2015-08-11T09:55:10.000000Z,1.55859375,1.55859375,6.0
2015-08-11T09:55:30.000000Z,1.55859375,1.55859375,3.0
2015-08-11T09:55:40.000000Z,1.55859375,1.55859375,11.0
2015-08-11T09:55:50.000000Z,1.55859375,1.55859375,7.0
2015-08-11T09:56:00.000000Z,1.55859375,1.55859375,9.0
2015-08-11T09:56:10.000000Z,1.55859375,1.55859375,2.0
2015-08-11T09:56:20.000000Z,1.55859375,1.55859375,2.0
2015-08-11T09:56:30.000000Z,1.55859375,1.55859375,14.0
2015-08-11T09:56:40.000000Z,1.55859375,1.55859375,6.0
2015-08-11T09:56:50.000000Z,1.55859375,1.55859375,6.0
2015-08-11T09:57:00.000000Z,1.55859375,1.55859375,9.0
2015-08-11T09:57:10.000000Z,1.55859375,1.55859375,10.0
2015-08-11T09:57:20.000000Z,1.55859375,1.55859375,4.0
2015-08-11T09:57:30.000000Z,1.55859375,1.55859375,8.0
2015-08-11T09:57:40.000000Z,1.55859375,1.55859375,3.0
2015-08-11T09:58:10.000000Z,1.55859375,1.55859375,4.0
2015-08-11T09:58:20.000000Z,1.55859375,1.55859375,3.0
2015-08-11T09:58:30.000000Z,1.55859375,1.55859375,1.0
2015-08-11T09:58:40.000000Z,1.55859375,1.55859375,8.0
2015-08-11T09:59:00.000000Z,1.55859375,1.55859375,3.0
2015-08-11T09:59:10.000000Z,1.55859375,1.55859375,4.0
2015-08-11T09:59:20.000000Z,1.55859375,1.5576171875,24.0
2015-08-11T09:59:30.000000Z,1.55859375,1.5576171875,8.0
2015-08-11T09:59:40.000000Z,1.55859375,1.5576171875,6.0
2015-08-11T09:59:50.000000Z,1.55859375,1.5576171875,10.0
2015-08-11T10:00:00.000000Z,1.55859375,1.5576171875,2.0
2015-08-11T10:00:10.000000Z,1.55859375,1.5576171875,4.0
2015-08-11T10:00:20.000000Z,1.55859375,1.5576171875,13.0
2015-08-11T10:00:30.000000Z,1.55859375,1.5576171875,5.0
2015-08-11T10:00:40.000000Z,1.55859375,1.5576171875,5.0
2015-08-11T10:00:50.000000Z,1.55859375,1.5576171875,2.0
2015-08-11T10:01:00.000000Z,1.5576171875,1.5576171875,3.0
2015-08-11T10:01:20.000000Z,1.55859375,1.5576171875,10.0
2015-08-11T10:01:30.000000Z,1.55859375,1.5576171875,1.0
2015-08-11T10:01:40.000000Z,1.55859375,1.5576171875,1.0
2015-08-11T10:01:50.000000Z,1.55859375,1.55859375,5.0
2015-08-11T10:02:00.000000Z,1.55859375,1.55859375,3.0
2015-08-11T10:02:10.000000Z,1.55859375,1.55859375,13.0
2015-08-11T10:02:20.000000Z,1.55859375,1.55859375,5.0
2015-08-11T10:02:30.000000Z,1.55859375,1.55859375,7.0
2015-08-11T10:02:40.000000Z,1.55859375,1.55859375,4.0
2015-08-11T10:02:50.000000Z,1.55859375,1.55859375,1.0
2015-08-11T10:03:10.000000Z,1.55859375,1.55859375,4.0
2015-08-11T10:03:20.000000Z,1.55859375,1.55859375,11.0
2015-08-11T10:03:40.000000Z,1.55859375,1.55859375,1.0
2015-08-11T10:04:00.000000Z,1.55859375,1.55859375,1.0
2015-08-11T10:04:20.000000Z,1.55859375,1.55859375,2.0
2015-08-11T10:04:30.000000Z,1.55859375,1.55859375,7.0
2015-08-11T10:04:50.000000Z,1.55859375,1.55859375,3.0
2015-08-11T10:05:00.000000Z,1.55859375,1.55859375,3.0
2015-08-11T10:05:10.000000Z,1.55859375,1.55859375,1.0
2015-08-11T10:05:30.000000Z,1.55859375,1.55859375,3.0
2015-08-11T10:05:40.000000Z,1.55859375,1.55859375,11.0
2015-08-11T10:05:50.000000Z,1.55859375,1.55859375,9.0
2015-08-11T10:06:00.000000Z,1.55859375,1.55859375,2.0
2015-08-11T10:06:10.000000Z,1.55859375,1.55859375,9.0
2015-08-11T10:06:20.000000Z,1.55859375,1.55859375,9.0
2015-08-11T10:06:30.000000Z,1.55859375,1.55859375,5.0
2015-08-11T10:06:40.000000Z,1.55859375,1.55859375,24.0
2015-08-11T10:06:50.000000Z,1.55859375,1.55859375,9.0
2015-08-11T10:07:10.000000Z,1.55859375,1.55859375,13.0
2015-08-11T10:07:20.000000Z,1.55859375,1.55859375,9.0
2015-08-11T10:07:30.000000Z,1.55859375,1.55859375,11.0
2015-08-11T10:07:40.000000Z,1.55859375,1.55859375,7.0
2015-08-11T10:07:50.000000Z,1.55859375,1.55859375,13.0
2015-08-11T10:08:00.000000Z,1.55859375,1.55859375,4.0
2015-08-11T10:08:40.000000Z,1.55859375,1.55859375,6.0
2015-08-11T10:08:50.000000Z,1.55859375,1.55859375,4.0
2015-08-11T10:09:00.000000Z,1.55859375,1.55859375,6.0
2015-08-11T10:09:10.000000Z,1.55859375,1.55859375,3.0
2015-08-11T10:09:20.000000Z,1.55859375,1.55859375,2.0
2015-08-11T10:09:30.000000Z,1.55859375,1.55859375,1.0
2015-08-11T10:09:40.000000Z,1.55859375,1.55859375,16.0
2015-08-11T10:09:50.000000Z,1.55859375,1.55859375,1.0
2015-08-11T10:10:00.000000Z,1.55859375,1.55859375,1.0
2015-08-11T10:10:10.000000Z,1.55859375,1.55859375,6.0
2015-08-11T10:10:20.000000Z,1.55859375,1.55859375,1.0
2015-08-11T10:10:50.000000Z,1.55859375,1.55859375,3.0
2015-08-11T10:11:00.000000Z,1.55859375,1.55859375,7.0
2015-08-11T10:11:10.000000Z,1.55859375,1.55859375,3.0
2015-08-11T10:11:20.000000Z,1.55859375,1.55859375,4.0
2015-08-11T10:11:40.000000Z,1.55859375,1.55859375,11.0
2015-08-11T10:11:50.000000Z,1.55859375,1.5576171875,10.0
2015-08-11T10:12:00.000000Z,1.55859375,1.5576171875,5.0
2015-08-11T10:12:10.000000Z,1.55859375,1.5576171875,10.0
2015-08-11T10:12:20.000000Z,1.55859375,1.55859375,3.0
2015-08-11T10:12:30.000000Z,1.55859375,1.5576171875,5.0
2015-08-11T10:12:40.000000Z,1.55859375,1.5576171875,1.0
2015-08-11T10:12:50.000000Z,1.55859375,1.55859375,5.0
2015-08-11T10:13:00.000000Z,1.55859375,1.55859375,5.0
2015-08-11T10:13:20.000000Z,1.55859375,1.5576171875,3.0
2015-08-11T10:13:30.000000Z,1.55859375,1.5576171875,1.0
2015-08-11T10:14:00.000000Z,1.55859375,1.55859375,11.0
2015-08-11T10:14:10.000000Z,1.55859375,1.55859375,1.0
2015-08-11T10:14:20.000000Z,1.55859375,1.55859375,7.0
2015-08-11T10:14:30.000000Z,1.55859375,1.55859375,5.0
2015-08-11T10:14:50.000000Z,1.55859375,1.55859375,3.0
2015-08-11T10:15:00.000000Z,1.55859375,1.5576171875,5.0
2015-08-11T10:15:10.000000Z,1.55859375,1.5576171875,11.0
2015-08-11T10:15:20.000000Z,1.55859375,1.5576171875,2.0
2015-08-11T10:15:30.000000Z,1.5576171875,1.5576171875,7.0
2015-08-11T10:15:40.000000Z,1.5576171875,1.5576171875,14.0
2015-08-11T10:15:50.000000Z,1.55859375,1.5576171875,6.0
2015-08-11T10:16:00.000000Z,1.55859375,1.5576171875,16.0
2015-08-11T10:16:10.000000Z,1.5576171875,1.5576171875,3.0
2015-08-11T10:16:20.000000Z,1.55859375,1.5576171875,5.0
2015-08-11T10:16:30.000000Z,1.55859375,1.5576171875,6.0
2015-08-11T10:16:40.000000Z,1.55859375,1.55859375,11.0
2015-08-11T10:16:50.000000Z,1.55859375,1.55859375,7.0
2015-08-11T10:17:00.000000Z,1.55859375,1.55859375,5.0
2015-08-11T10:17:10.000000Z,1.55859375,1.55859375,5.0
2015-08-11T10:17:30.000000Z,1.55859375,1.55859375,10.0
2015-08-11T10:17:40.000000Z,1.55859375,1.5576171875,5.0
2015-08-11T10:17:50.000000Z,1.55859375,1.5576171875,9.0
2015-08-11T10:18:00.000000Z,1.55859375,1.5576171875,14.0
2015-08-11T10:18:10.000000Z,1.55859375,1.5576171875,5.0
2015-08-11T10:18:20.000000Z,1.55859375,1.5576171875,7.0
2015-08-11T10:18:40.000000Z,1.55859375,1.55859375,6.0
2015-08-11T10:18:50.000000Z,1.55859375,1.5576171875,3.0
2015-08-11T10:19:00.000000Z,1.55859375,1.55859375,7.0
2015-08-11T10:19:10.000000Z,1.55859375,1.55859375,8.0
2015-08-11T10:19:20.000000Z,1.55859375,1.55859375,4.0
2015-08-11T10:19:30.000000Z,1.55859375,1.55859375,2.0
2015-08-11T10:19:40.000000Z,1.55859375,1.55859375,1.0
2015-08-11T10:19:50.000000Z,1.55859375,1.55859375,1.0
2015-08-11T10:20:00.000000Z,1.55859375,1.5576171875,5.0
2015-08-11T10:20:20.000000Z,1.55859375,1.5576171875,6.0
2015-08-11T10:20:30.000000Z,1.55859375,1.5576171875,2.0
2015-08-11T10:20:40.000000Z,1.55859375,1.5576171875,4.0
2015-08-11T10:20:50.000000Z,1.55859375,1.5576171875,7.0
2015-08-11T10:21:00.000000Z,1.55859375,1.5576171875,10.0
2015-08-11T10:21:10.000000Z,1.5576171875,1.5576171875,9.0
2015-08-11T10:21:20.000000Z,1.5576171875,1.5576171875,2.0
2015-08-11T10:21:30.000000Z,1.5576171875,1.5576171875,1.0
2015-08-11T10:21:40.000000Z,1.5576171875,1.5576171875,3.0
2015-08-11T10:21:50.000000Z,1.5576171875,1.5576171875,4.0
2015-08-11T10:22:00.000000Z,1.5576171875,1.5576171875,16.0
2015-08-11T10:22:10.000000Z,1.5576171875,1.5576171875,4.0
2015-08-11T10:22:20.000000Z,1.55859375,1.5576171875,3.0
2015-08-11T10:22:40.000000Z,1.55859375,1.55859375,3.0
2015-08-11T10:22:50.000000Z,1.55859375,1.5576171875,13.0
2015-08-11T10:23:00.000000Z,1.55859375,1.55859375,3.0
2015-08-11T10:23:10.000000Z,1.55859375,1.5576171875,10.0
2015-08-11T10:23:20.000000Z,1.55859375,1.55859375,7.0
2015-08-11T10:23:30.000000Z,1.55859375,1.55859375,6.0
2015-08-11T10:23:40.000000Z,1.55859375,1.55859375,15.0
2015-08-11T10:23:50.000000Z,1.55859375,1.55859375,7.0
2015-08-11T10:24:00.000000Z,1.55859375,1.55859375,20.0
2015-08-11T10:24:10.000000Z,1.55859375,1.55859375,9.0
2015-08-11T10:24:20.000000Z,1.55859375,1.55859375,4.0
2015-08-11T10:24:30.000000Z,1.55859375,1.55859375,19.0
2015-08-11T10:24:40.000000Z,1.5595703125,1.55859375,25.0
2015-08-11T10:24:50.000000Z,1.5595703125,1.55859375,21.0
2015-08-11T10:25:00.000000Z,1.55859375,1.55859375,16.0
2015-08-11T10:25:10.000000Z,1.5595703125,1.55859375,10.0
2015-08-11T10:25:20.000000Z,1.5595703125,1.55859375,2.0
2015-08-11T10:25:30.000000Z,1.5595703125,1.55859375,7.0
2015-08-11T10:25:40.000000Z,1.5595703125,1.55859375,7.0
2015-08-11T10:25:50.000000Z,1.5595703125,1.55859375,3.0
2015-08-11T10:26:00.000000Z,1.5595703125,1.55859375,2.0
2015-08-11T10:26:10.000000Z,1.5595703125,1.55859375,2.0
2015-08-11T10:26:20.000000Z,1.55859375,1.55859375,6.0
2015-08-11T10:26:40.000000Z,1.55859375,1.55859375,3.0
2015-08-11T10:26:50.000000Z,1.55859375,1.55859375,9.0
2015-08-11T10:27:00.000000Z,1.55859375,1.55859375,3.0
2015-08-11T10:27:10.000000Z,1.5595703125,1.55859375,13.0
2015-08-11T10:27:20.000000Z,1.5595703125,1.55859375,4.0
2015-08-11T10:27:30.000000Z,1.55859375,1.55859375,2.0
2015-08-11T10:27:40.000000Z,1.5595703125,1.55859375,3.0
2015-08-11T10:28:00.000000Z,1.5595703125,1.55859375,5.0
2015-08-11T10:28:10.000000Z,1.5595703125,1.55859375,6.0
2015-08-11T10:28:20.000000Z,1.55859375,1.55859375,4.0
2015-08-11T10:28:30.000000Z,1.5595703125,1.55859375,3.0
2015-08-11T10:28:40.000000Z,1.5595703125,1.5595703125,9.0
2015-08-11T10:28:50.000000Z,1.5595703125,1.5595703125,17.0
2015-08-11T10:29:00.000000Z,1.5595703125,1.5595703125,1.0
2015-08-11T10:29:10.000000Z,1.5595703125,1.5595703125,2.0
2015-08-11T10:29:20.000000Z,1.5595703125,1.5595703125,4.0
2015-08-11T10:29:40.000000Z,1.5595703125,1.5595703125,3.0
2015-08-11T10:29:50.000000Z,1.5595703125,1.5595703125,5.0
2015-08-11T10:30:00.000000Z,1.5595703125,1.5595703125,5.0
2015-08-11T10:30:10.000000Z,1.5595703125,1.5595703125,2.0
2015-08-11T10:30:20.000000Z,1.5595703125,1.5595703125,14.0
2015-08-11T10:30:30.000000Z,1.5595703125,1.5595703125,6.0
2015-08-11T10:30:40.000000Z,1.5595703125,1.5595703125,8.0
2015-08-11T10:30:50.000000Z,1.5595703125,1.5595703125,2.0
2015-08-11T10:31:00.000000Z,1.5595703125,1.5595703125,9.0
2015-08-11T10:31:10.000000Z,1.5595703125,1.5595703125,16.0
2015-08-11T10:31:20.000000Z,1.5595703125,1.5595703125,8.0
2015-08-11T10:31:30.000000Z,1.5595703125,1.5595703125,1.0
2015-08-11T10:31:40.000000Z,1.5595703125,1.5595703125,3.0
2015-08-11T10:31:50.000000Z,1.5595703125,1.5595703125,2.0
2015-08-11T10:32:00.000000Z,1.5595703125,1.5595703125,1.0
2015-08-11T10:32:10.000000Z,1.5595703125,1.55859375,10.0
2015-08-11T10:32:20.000000Z,1.5595703125,1.55859375,5.0
2015-08-11T10:32:30.000000Z,1.5595703125,1.55859375,2.0
2015-08-11T10:32:40.000000Z,1.5595703125,1.55859375,14.0
2015-08-11T10:32:50.000000Z,1.5595703125,1.55859375,14.0
2015-08-11T10:33:20.000000Z,1.5595703125,1.55859375,7.0
2015-08-11T10:33:30.000000Z,1.5595703125,1.55859375,1.0
2015-08-11T10:33:40.000000Z,1.5595703125,1.5595703125,10.0
2015-08-11T10:33:50.000000Z,1.5595703125,1.5595703125,2.0
2015-08-11T10:34:00.000000Z,1.5595703125,1.5595703125,10.0
2015-08-11T10:34:10.000000Z,1.5595703125,1.5595703125,11.0
2015-08-11T10:34:20.000000Z,1.5595703125,1.5595703125,8.0
2015-08-11T10:34:30.000000Z,1.5595703125,1.5595703125,4.0
2015-08-11T10:34:40.000000Z,1.5595703125,1.5595703125,4.0
2015-08-11T10:34:50.000000Z,1.5595703125,1.55859375,15.0
2015-08-11T10:35:00.000000Z,1.55859375,1.55859375,9.0
2015-08-11T10:35:10.000000Z,1.5595703125,1.5595703125,8.0
2015-08-11T10:35:20.000000Z,1.5595703125,1.5595703125,8.0
2015-08-11T10:35:30.000000Z,1.5595703125,1.5595703125,7.0
2015-08-11T10:35:40.000000Z,1.5595703125,1.55859375,5.0
2015-08-11T10:35:50.000000Z,1.5595703125,1.55859375,9.0
2015-08-11T10:36:00.000000Z,1.55859375,1.55859375,5.0
2015-08-11T10:36:10.000000Z,1.55859375,1.55859375,1.0
2015-08-11T10:36:20.000000Z,1.55859375,1.55859375,9.0
2015-08-11T10:36:30.000000Z,1.55859375,1.55859375,6.0
2015-08-11T10:36:40.000000Z,1.55859375,1.55859375,2.0
2015-08-11T10:36:50.000000Z,1.55859375,1.55859375,3.0
2015-08-11T10:37:00.000000Z,1.55859375,1.55859375,2.0
2015-08-11T10:37:10.000000Z,1.55859375,1.55859375,2.0
2015-08-11T10:37:20.000000Z,1.55859375,1.55859375,4.0
2015-08-11T10:37:30.000000Z,1.55859375,1.55859375,3.0
2015-08-11T10:37:40.000000Z,1.55859375,1.55859375,8.0
2015-08-11T10:37:50.000000Z,1.55859375,1.55859375,10.0
2015-08-11T10:38:00.000000Z,1.55859375,1.55859375,2.0
2015-08-11T10:38:20.000000Z,1.55859375,1.55859375,7.0
2015-08-11T10:38:30.000000Z,1.55859375,1.55859375,4.0
2015-08-11T10:38:40.000000Z,1.55859375,1.55859375,6.0
2015-08-11T10:38:50.000000Z,1.55859375,1.55859375,6.0
2015-08-11T10:39:00.000000Z,1.55859375,1.55859375,7.0
2015-08-11T10:39:10.000000Z,1.55859375,1.55859375,6.0
2015-08-11T10:39:20.000000Z,1.55859375,1.55859375,3.0
2015-08-11T10:39:30.000000Z,1.55859375,1.55859375,4.0
2015-08-11T10:39:40.000000Z,1.55859375,1.55859375,3.0
2015-08-11T10:39:50.000000Z,1.55859375,1.55859375,9.0
2015-08-11T10:40:00.000000Z,1.55859375,1.55859375,2.0
2015-08-11T10:40:20.000000Z,1.55859375,1.55859375,7.0
2015-08-11T10:40:30.000000Z,1.55859375,1.55859375,1.0
2015-08-11T10:40:40.000000Z,1.55859375,1.55859375,5.0
2015-08-11T10:40:50.000000Z,1.55859375,1.55859375,2.0
2015-08-11T10:41:20.000000Z,1.55859375,1.55859375,8.0
2015-08-11T10:41:30.000000Z,1.55859375,1.55859375,1.0
2015-08-11T10:41:40.000000Z,1.55859375,1.55859375,5.0
2015-08-11T10:41:50.000000Z,1.55859375,1.55859375,6.0
2015-08-11T10:42:00.000000Z,1.55859375,1.55859375,5.0
2015-08-11T10:42:10.000000Z,1.55859375,1.55859375,6.0
2015-08-11T10:42:20.000000Z,1.55859375,1.5576171875,2.0
2015-08-11T10:42:30.000000Z,1.55859375,1.5576171875,2.0
2015-08-11T10:42:50.000000Z,1.55859375,1.5576171875,4.0
2015-08-11T10:43:00.000000Z,1.55859375,1.5576171875,20.0
2015-08-11T10:43:10.000000Z,1.55859375,1.5576171875,4.0
2015-08-11T10:43:20.000000Z,1.55859375,1.5576171875,9.0
2015-08-11T10:43:30.000000Z,1.55859375,1.5576171875,2.0
2015-08-11T10:43:40.000000Z,1.55859375,1.5576171875,14.0
2015-08-11T10:43:50.000000Z,1.5576171875,1.5576171875,13.0
2015-08-11T10:44:00.000000Z,1.5576171875,1.5576171875,1.0
2015-08-11T10:44:20.000000Z,1.5576171875,1.5576171875,8.0
2015-08-11T10:44:30.000000Z,1.5576171875,1.5576171875,15.0
2015-08-11T10:44:40.000000Z,1.5576171875,1.5576171875,18.0
2015-08-11T10:44:50.000000Z,1.5576171875,1.5576171875,15.0
2015-08-11T10:45:00.000000Z,1.5576171875,1.5576171875,5.0
2015-08-11T10:45:10.000000Z,1.5576171875,1.5576171875,4.0
2015-08-11T10:45:20.000000Z,1.5576171875,1.5576171875,8.0
2015-08-11T10:45:30.000000Z,1.5576171875,1.5576171875,7.0
2015-08-11T10:45:40.000000Z,1.5576171875,1.5576171875,11.0
2015-08-11T10:45:50.000000Z,1.5576171875,1.5576171875,8.0
2015-08-11T10:46:00.000000Z,1.5576171875,1.556640625,12.0
2015-08-11T10:46:10.000000Z,1.5576171875,1.5576171875,9.0
2015-08-11T10:46:20.000000Z,1.5576171875,1.5576171875,13.0
2015-08-11T10:46:40.000000Z,1.5576171875,1.5576171875,5.0
2015-08-11T10:46:50.000000Z,1.5576171875,1.5576171875,12.0
2015-08-11T10:47:00.000000Z,1.5576171875,1.556640625,11.0
2015-08-11T10:47:10.000000Z,1.5576171875,1.556640625,1.0
2015-08-11T10:47:20.000000Z,1.5576171875,1.5576171875,16.0
2015-08-11T10:47:30.000000Z,1.5576171875,1.5576171875,8.0
2015-08-11T10:47:40.000000Z,1.5576171875,1.5576171875,9.0
2015-08-11T10:47:50.000000Z,1.5576171875,1.5576171875,4.0
2015-08-11T10:48:00.000000Z,1.5576171875,1.5576171875,6.0
2015-08-11T10:48:10.000000Z,1.5576171875,1.5576171875,17.0
2015-08-11T10:48:20.000000Z,1.5576171875,1.5576171875,11.0
2015-08-11T10:48:30.000000Z,1.5576171875,1.5576171875,7.0
2015-08-11T10:48:40.000000Z,1.5576171875,1.5576171875,1.0
2015-08-11T10:48:50.000000Z,1.5576171875,1.5576171875,15.0
2015-08-11T10:49:00.000000Z,1.5576171875,1.5576171875,2.0
2015-08-11T10:49:10.000000Z,1.5576171875,1.5576171875,10.0
2015-08-11T10:49:20.000000Z,1.5576171875,1.5576171875,3.0
2015-08-11T10:49:30.000000Z,1.5576171875,1.5576171875,4.0
2015-08-11T10:49:40.000000Z,1.5576171875,1.5576171875,1.0
2015-08-11T10:49:50.000000Z,1.5576171875,1.5576171875,1.0
2015-08-11T10:50:00.000000Z,1.5576171875,1.5576171875,2.0
2015-08-11T10:50:10.000000Z,1.5576171875,1.5576171875,8.0
2015-08-11T10:50:40.000000Z,1.5576171875,1.5576171875,9.0
2015-08-11T10:50:50.000000Z,1.5576171875,1.5576171875,1.0
2015-08-11T10:51:00.000000Z,1.5576171875,1.5576171875,4.0
2015-08-11T10:51:10.000000Z,1.5576171875,1.5576171875,2.0
2015-08-11T10:51:20.000000Z,1.5576171875,1.5576171875,4.0
2015-08-11T10:51:30.000000Z,1.5576171875,1.556640625,15.0
2015-08-11T10:51:40.000000Z,1.5576171875,1.556640625,6.0
2015-08-11T10:51:50.000000Z,1.556640625,1.556640625,5.0
2015-08-11T10:52:00.000000Z,1.5576171875,1.556640625,4.0
2015-08-11T10:52:20.000000Z,1.5576171875,1.556640625,1.0
2015-08-11T10:52:30.000000Z,1.5576171875,1.5576171875,6.0
2015-08-11T10:52:40.000000Z,1.5576171875,1.5576171875,11.0
2015-08-11T10:52:50.000000Z,1.5576171875,1.5576171875,8.0
2015-08-11T10:53:00.000000Z,1.5576171875,1.5576171875,7.0
2015-08-11T10:53:10.000000Z,1.5576171875,1.5576171875,4.0
2015-08-11T10:53:20.000000Z,1.5576171875,1.5576171875,1.0
2015-08-11T10:53:30.000000Z,1.5576171875,1.5576171875,2.0
2015-08-11T10:53:40.000000Z,1.5576171875,1.5576171875,5.0
2015-08-11T10:53:50.000000Z,1.5576171875,1.5576171875,5.0
2015-08-11T10:54:00.000000Z,1.5576171875,1.5576171875,2.0
2015-08-11T10:54:10.000000Z,1.5576171875,1.5576171875,4.0
2015-08-11T10:54:20.000000Z,1.5576171875,1.5576171875,9.0
2015-08-11T10:54:30.000000Z,1.5576171875,1.5576171875,3.0
2015-08-11T10:54:40.000000Z,1.5576171875,1.5576171875,7.0
2015-08-11T10:54:50.000000Z,1.5576171875,1.5576171875,1.0
2015-08-11T10:55:00.000000Z,1.5576171875,1.5576171875,4.0
2015-08-11T10:55:10.000000Z,1.5576171875,1.5576171875,23.0
2015-08-11T10:55:20.000000Z,1.5576171875,1.5576171875,15.0
2015-08-11T10:55:30.000000Z,1.5576171875,1.5576171875,1.0
2015-08-11T10:55:40.000000Z,1.5576171875,1.5576171875,3.0
2015-08-11T10:55:50.000000Z,1.5576171875,1.5576171875,13.0
2015-08-11T10:56:00.000000Z,1.5576171875,1.5576171875,1.0
2015-08-11T10:56:20.000000Z,1.5576171875,1.5576171875,8.0
2015-08-11T10:56:30.000000Z,1.5576171875,1.5576171875,2.0
2015-08-11T10:56:40.000000Z,1.5576171875,1.5576171875,8.0
2015-08-11T10:56:50.000000Z,1.5576171875,1.5576171875,12.0
2015-08-11T10:57:00.000000Z,1.5576171875,1.5576171875,2.0
2015-08-11T10:57:10.000000Z,1.5576171875,1.5576171875,2.0
2015-08-11T10:57:20.000000Z,1.5576171875,1.5576171875,10.0
2015-08-11T10:57:30.000000Z,1.5576171875,1.5576171875,1.0
2015-08-11T10:57:40.000000Z,1.5576171875,1.5576171875,1.0
2015-08-11T10:57:50.000000Z,1.5576171875,1.5576171875,2.0
2015-08-11T10:58:00.000000Z,1.5576171875,1.5576171875,7.0
2015-08-11T10:58:10.000000Z,1.5576171875,1.5576171875,4.0
2015-08-11T10:59:00.000000Z,1.5576171875,1.5576171875,10.0
2015-08-11T10:59:20.000000Z,1.5576171875,1.5576171875,9.0
2015-08-11T10:59:30.000000Z,1.5576171875,1.5576171875,9.0
2015-08-11T10:59:40.000000Z,1.5576171875,1.5576171875,12.0
2015-08-11T10:59:50.000000Z,1.5576171875,1.5576171875,12.0
2015-08-11T11:00:00.000000Z,1.5576171875,1.5576171875,29.0
2015-08-11T11:00:10.000000Z,1.5576171875,1.5576171875,7.0
2015-08-11T11:00:20.000000Z,1.5576171875,1.5576171875,3.0
2015-08-11T11:00:30.000000Z,1.5576171875,1.5576171875,14.0
2015-08-11T11:00:40.000000Z,1.5576171875,1.5576171875,3.0
2015-08-11T11:00:50.000000Z,1.5576171875,1.5576171875,1.0
2015-08-11T11:01:00.000000Z,1.55859375,1.5576171875,10.0
2015-08-11T11:01:10.000000Z,1.55859375,1.5576171875,9.0
2015-08-11T11:01:20.000000Z,1.5576171875,1.5576171875,2.0
2015-08-11T11:01:30.000000Z,1.5576171875,1.5576171875,7.0
2015-08-11T11:01:40.000000Z,1.5576171875,1.5576171875,3.0
2015-08-11T11:01:50.000000Z,1.55859375,1.5576171875,5.0
2015-08-11T11:02:00.000000Z,1.55859375,1.55859375,11.0
2015-08-11T11:02:10.000000Z,1.55859375,1.55859375,5.0
2015-08-11T11:02:20.000000Z,1.55859375,1.55859375,6.0
2015-08-11T11:02:30.000000Z,1.55859375,1.5576171875,8.0
2015-08-11T11:02:40.000000Z,1.55859375,1.5576171875,4.0
2015-08-11T11:03:00.000000Z,1.55859375,1.5576171875,1.0
2015-08-11T11:03:10.000000Z,1.55859375,1.5576171875,1.0
2015-08-11T11:03:20.000000Z,1.55859375,1.5576171875,3.0
2015-08-11T11:03:30.000000Z,1.55859375,1.5576171875,1.0
2015-08-11T11:03:40.000000Z,1.5576171875,1.5576171875,7.0
2015-08-11T11:03:50.000000Z,1.5576171875,1.5576171875,3.0
2015-08-11T11:04:00.000000Z,1.5576171875,1.5576171875,2.0
2015-08-11T11:04:10.000000Z,1.5576171875,1.5576171875,21.0
2015-08-11T11:04:20.000000Z,1.5576171875,1.5576171875,2.0
2015-08-11T11:04:30.000000Z,1.5576171875,1.5576171875,5.0
2015-08-11T11:04:40.000000Z,1.5576171875,1.5576171875,10.0
2015-08-11T11:04:50.000000Z,1.5576171875,1.5576171875,11.0
2015-08-11T11:05:00.000000Z,1.5576171875,1.5576171875,5.0
2015-08-11T11:05:10.000000Z,1.5576171875,1.5576171875,10.0
2015-08-11T11:05:20.000000Z,1.5576171875,1.5576171875,4.0
2015-08-11T11:05:30.000000Z,1.5576171875,1.5576171875,3.0
2015-08-11T11:05:40.000000Z,1.55859375,1.5576171875,6.0
2015-08-11T11:05:50.000000Z,1.55859375,1.5576171875,6.0
2015-08-11T11:06:00.000000Z,1.5576171875,1.5576171875,5.0
2015-08-11T11:06:30.000000Z,1.5576171875,1.5576171875,2.0
2015-08-11T11:06:40.000000Z,1.5576171875,1.5576171875,1.0
2015-08-11T11:07:10.000000Z,1.5576171875,1.5576171875,2.0
2015-08-11T11:07:20.000000Z,1.5576171875,1.5576171875,5.0
2015-08-11T11:07:30.000000Z,1.5576171875,1.5576171875,3.0
2015-08-11T11:07:40.000000Z,1.5576171875,1.5576171875,4.0
2015-08-11T11:07:50.000000Z,1.5576171875,1.5576171875,11.0
2015-08-11T11:08:20.000000Z,1.5576171875,1.5576171875,7.0
2015-08-11T11:08:30.000000Z,1.5576171875,1.5576171875,5.0
2015-08-11T11:08:40.000000Z,1.5576171875,1.5576171875,6.0
2015-08-11T11:08:50.000000Z,1.5576171875,1.5576171875,4.0
2015-08-11T11:09:00.000000Z,1.5576171875,1.5576171875,4.0
2015-08-11T11:09:10.000000Z,1.5576171875,1.5576171875,4.0
2015-08-11T11:09:20.000000Z,1.5576171875,1.5576171875,1.0
2015-08-11T11:09:30.000000Z,1.5576171875,1.5576171875,4.0
2015-08-11T11:09:50.000000Z,1.5576171875,1.5576171875,6.0
2015-08-11T11:10:00.000000Z,1.5576171875,1.5576171875,5.0
2015-08-11T11:10:10.000000Z,1.5576171875,1.5576171875,3.0
2015-08-11T11:10:20.000000Z,1.5576171875,1.5576171875,5.0
2015-08-11T11:10:30.000000Z,1.5576171875,1.5576171875,2.0
2015-08-11T11:10:40.000000Z,1.5576171875,1.5576171875,2.0
2015-08-11T11:10:50.000000Z,1.5576171875,1.5576171875,13.0
2015-08-11T11:11:00.000000Z,1.5576171875,1.5576171875,3.0
2015-08-11T11:11:10.000000Z,1.5576171875,1.5576171875,4.0
2015-08-11T11:11:30.000000Z,1.5576171875,1.5576171875,3.0
2015-08-11T11:12:10.000000Z,1.5576171875,1.5576171875,1.0
2015-08-11T11:12:20.000000Z,1.5576171875,1.5576171875,3.0
2015-08-11T11:12:30.000000Z,1.5576171875,1.5576171875,11.0
2015-08-11T11:12:40.000000Z,1.5576171875,1.5576171875,1.0
2015-08-11T11:12:50.000000Z,1.5576171875,1.5576171875,1.0
2015-08-11T11:13:00.000000Z,1.5576171875,1.5576171875,2.0
2015-08-11T11:13:10.000000Z,1.5576171875,1.5576171875,3.0
2015-08-11T11:13:20.000000Z,1.5576171875,1.5576171875,5.0
2015-08-11T11:13:40.000000Z,1.5576171875,1.5576171875,5.0
2015-08-11T11:14:00.000000Z,1.5576171875,1.5576171875,1.0
2015-08-11T11:14:30.000000Z,1.5576171875,1.5576171875,1.0
2015-08-11T11:14:40.000000Z,1.5576171875,1.5576171875,5.0
2015-08-11T11:14:50.000000Z,1.5576171875,1.5576171875,3.0
2015-08-11T11:15:00.000000Z,1.5576171875,1.5576171875,10.0
2015-08-11T11:15:20.000000Z,1.5576171875,1.5576171875,8.0
2015-08-11T11:15:30.000000Z,1.5576171875,1.5576171875,10.0
2015-08-11T11:15:40.000000Z,1.5576171875,1.5576171875,1.0
2015-08-11T11:15:50.000000Z,1.55859375,1.5576171875,6.0
2015-08-11T11:16:00.000000Z,1.55859375,1.5576171875,2.0
2015-08-11T11:16:10.000000Z,1.55859375,1.5576171875,2.0
2015-08-11T11:16:20.000000Z,1.5576171875,1.5576171875,7.0
2015-08-11T11:16:40.000000Z,1.5576171875,1.5576171875,9.0
2015-08-11T11:16:50.000000Z,1.5576171875,1.5576171875,7.0
2015-08-11T11:17:00.000000Z,1.5576171875,1.5576171875,15.0
2015-08-11T11:17:10.000000Z,1.5576171875,1.5576171875,6.0
2015-08-11T11:17:30.000000Z,1.5576171875,1.5576171875,1.0
2015-08-11T11:17:40.000000Z,1.5576171875,1.5576171875,14.0
2015-08-11T11:17:50.000000Z,1.5576171875,1.5576171875,4.0
2015-08-11T11:18:00.000000Z,1.5576171875,1.5576171875,19.0
2015-08-11T11:18:10.000000Z,1.5576171875,1.5576171875,5.0
2015-08-11T11:18:20.000000Z,1.5576171875,1.5576171875,7.0
2015-08-11T11:18:30.000000Z,1.5576171875,1.5576171875,2.0
2015-08-11T11:18:40.000000Z,1.55859375,1.5576171875,4.0
2015-08-11T11:18:50.000000Z,1.55859375,1.5576171875,4.0
2015-08-11T11:19:00.000000Z,1.55859375,1.5576171875,10.0
2015-08-11T11:19:10.000000Z,1.55859375,1.5576171875,10.0
2015-08-11T11:19:30.000000Z,1.55859375,1.5576171875,14.0
2015-08-11T11:19:40.000000Z,1.55859375,1.55859375,6.0
2015-08-11T11:19:50.000000Z,1.55859375,1.55859375,1.0
2015-08-11T11:20:00.000000Z,1.5576171875,1.5576171875,17.0
2015-08-11T11:20:10.000000Z,1.5576171875,1.5576171875,6.0
2015-08-11T11:20:20.000000Z,1.5576171875,1.5576171875,8.0
2015-08-11T11:21:10.000000Z,1.5576171875,1.5576171875,3.0
2015-08-11T11:21:20.000000Z,1.5576171875,1.5576171875,6.0
2015-08-11T11:21:30.000000Z,1.5576171875,1.5576171875,3.0
2015-08-11T11:21:40.000000Z,1.5576171875,1.5576171875,1.0
2015-08-11T11:21:50.000000Z,1.5576171875,1.5576171875,1.0
2015-08-11T11:22:20.000000Z,1.5576171875,1.5576171875,4.0
2015-08-11T11:22:30.000000Z,1.5576171875,1.5576171875,9.0
2015-08-11T11:22:50.000000Z,1.5576171875,1.5576171875,1.0
2015-08-11T11:23:00.000000Z,1.5576171875,1.5576171875,1.0
2015-08-11T11:23:10.000000Z,1.5576171875,1.5576171875,5.0
2015-08-11T11:23:20.000000Z,1.5576171875,1.5576171875,3.0
2015-08-11T11:23:30.000000Z,1.5576171875,1.5576171875,3.0
2015-08-11T11:23:50.000000Z,1.5576171875,1.5576171875,3.0
2015-08-11T11:24:30.000000Z,1.5576171875,1.5576171875,12.0
2015-08-11T11:24:40.000000Z,1.5576171875,1.5576171875,8.0
2015-08-11T11:24:50.000000Z,1.5576171875,1.5576171875,1.0
2015-08-11T11:25:00.000000Z,1.5576171875,1.5576171875,6.0
2015-08-11T11:25:20.000000Z,1.5576171875,1.5576171875,6.0
2015-08-11T11:25:30.000000Z,1.5576171875,1.5576171875,10.0
2015-08-11T11:25:40.000000Z,1.5576171875,1.5576171875,2.0
2015-08-11T11:26:00.000000Z,1.5576171875,1.5576171875,7.0
2015-08-11T11:26:10.000000Z,1.5576171875,1.5576171875,15.0
2015-08-11T11:26:20.000000Z,1.5576171875,1.5576171875,8.0
2015-08-11T11:26:30.000000Z,1.5576171875,1.5576171875,2.0
2015-08-11T11:26:40.000000Z,1.5576171875,1.5576171875,5.0
2015-08-11T11:26:50.000000Z,1.5576171875,1.5576171875,2.0
2015-08-11T11:27:00.000000Z,1.5576171875,1.5576171875,13.0
2015-08-11T11:27:10.000000Z,1.5576171875,1.5576171875,2.0
2015-08-11T11:27:20.000000Z,1.5576171875,1.5576171875,14.0
2015-08-11T11:27:30.000000Z,1.5576171875,1.5576171875,16.0
2015-08-11T11:27:40.000000Z,1.5576171875,1.5576171875,11.0
2015-08-11T11:27:50.000000Z,1.5576171875,1.5576171875,33.0
2015-08-11T11:28:00.000000Z,1.5576171875,1.5576171875,11.0
2015-08-11T11:28:40.000000Z,1.5576171875,1.5576171875,8.0
2015-08-11T11:28:50.000000Z,1.5576171875,1.5576171875,25.0
2015-08-11T11:29:00.000000Z,1.5576171875,1.5576171875,6.0
2015-08-11T11:29:10.000000Z,1.5576171875,1.5576171875,5.0
2015-08-11T11:29:20.000000Z,1.5576171875,1.5576171875,2.0
2015-08-11T11:29:30.000000Z,1.5576171875,1.5576171875,5.0
2015-08-11T11:29:40.000000Z,1.5576171875,1.5576171875,4.0
2015-08-11T11:29:50.000000Z,1.5576171875,1.5576171875,12.0
2015-08-11T11:30:00.000000Z,1.55859375,1.5576171875,9.0
2015-08-11T11:30:10.000000Z,1.55859375,1.5576171875,10.0
2015-08-11T11:30:20.000000Z,1.55859375,1.5576171875,10.0
2015-08-11T11:30:30.000000Z,1.55859375,1.55859375,6.0
2015-08-11T11:31:20.000000Z,1.55859375,1.55859375,5.0
2015-08-11T11:31:40.000000Z,1.55859375,1.55859375,3.0
2015-08-11T11:31:50.000000Z,1.55859375,1.5576171875,2.0
2015-08-11T11:33:40.000000Z,1.55859375,1.55859375,16.0
2015-08-11T11:33:50.000000Z,1.55859375,1.55859375,3.0
2015-08-11T11:34:00.000000Z,1.55859375,1.55859375,9.0
2015-08-11T11:34:10.000000Z,1.55859375,1.55859375,6.0
2015-08-11T11:34:20.000000Z,1.55859375,1.55859375,4.0
2015-08-11T11:34:30.000000Z,1.55859375,1.55859375,2.0
2015-08-11T11:34:40.000000Z,1.55859375,1.55859375,2.0
2015-08-11T11:35:00.000000Z,1.55859375,1.55859375,7.0
2015-08-11T11:35:10.000000Z,1.55859375,1.55859375,3.0
2015-08-11T11:35:20.000000Z,1.55859375,1.5576171875,12.0
2015-08-11T11:35:30.000000Z,1.55859375,1.55859375,1.0
2015-08-11T11:35:40.000000Z,1.55859375,1.5576171875,7.0
2015-08-11T11:35:50.000000Z,1.55859375,1.55859375,4.0
2015-08-11T11:36:00.000000Z,1.55859375,1.55859375,5.0
2015-08-11T11:36:10.000000Z,1.55859375,1.55859375,2.0
2015-08-11T11:36:20.000000Z,1.55859375,1.55859375,7.0
2015-08-11T11:36:30.000000Z,1.55859375,1.55859375,10.0
2015-08-11T11:36:40.000000Z,1.55859375,1.55859375,4.0
2015-08-11T11:36:50.000000Z,1.55859375,1.55859375,6.0
2015-08-11T11:37:00.000000Z,1.55859375,1.55859375,11.0
2015-08-11T11:37:10.000000Z,1.55859375,1.55859375,3.0
2015-08-11T11:37:20.000000Z,1.55859375,1.55859375,10.0
2015-08-11T11:37:30.000000Z,1.55859375,1.55859375,7.0
2015-08-11T11:37:40.000000Z,1.55859375,1.55859375,3.0
2015-08-11T11:37:50.000000Z,1.55859375,1.55859375,3.0
2015-08-11T11:38:00.000000Z,1.55859375,1.55859375,4.0
2015-08-11T11:38:10.000000Z,1.55859375,1.55859375,1.0
2015-08-11T11:38:20.000000Z,1.55859375,1.55859375,1.0
2015-08-11T11:38:40.000000Z,1.55859375,1.55859375,10.0
2015-08-11T11:38:50.000000Z,1.55859375,1.55859375,9.0
2015-08-11T11:39:00.000000Z,1.55859375,1.55859375,6.0
2015-08-11T11:39:10.000000Z,1.55859375,1.55859375,9.0
2015-08-11T11:39:20.000000Z,1.5595703125,1.55859375,3.0
2015-08-11T11:39:30.000000Z,1.55859375,1.55859375,7.0
2015-08-11T11:39:40.000000Z,1.55859375,1.55859375,2.0
2015-08-11T11:39:50.000000Z,1.5595703125,1.55859375,4.0
2015-08-11T11:40:00.000000Z,1.5595703125,1.5595703125,12.0
2015-08-11T11:40:10.000000Z,1.5595703125,1.5595703125,1.0
2015-08-11T11:40:30.000000Z,1.5595703125,1.55859375,9.0
2015-08-11T11:40:40.000000Z,1.5595703125,1.5595703125,6.0
2015-08-11T11:40:50.000000Z,1.5595703125,1.5595703125,4.0
2015-08-11T11:41:00.000000Z,1.5595703125,1.5595703125,2.0
2015-08-11T11:41:10.000000Z,1.5595703125,1.5595703125,1.0
2015-08-11T11:41:20.000000Z,1.5595703125,1.55859375,8.0
2015-08-11T11:41:40.000000Z,1.5595703125,1.55859375,1.0
2015-08-11T11:41:50.000000Z,1.5595703125,1.55859375,2.0
2015-08-11T11:42:10.000000Z,1.5595703125,1.55859375,1.0
2015-08-11T11:42:20.000000Z,1.5595703125,1.55859375,1.0
2015-08-11T11:42:30.000000Z,1.5595703125,1.55859375,1.0
2015-08-11T11:42:40.000000Z,1.5595703125,1.55859375,3.0
2015-08-11T11:43:00.000000Z,1.5595703125,1.5595703125,15.0
2015-08-11T11:43:10.000000Z,1.5595703125,1.5595703125,9.0
2015-08-11T11:43:20.000000Z,1.5595703125,1.5595703125,29.0
2015-08-11T11:43:30.000000Z,1.5595703125,1.5595703125,1.0
2015-08-11T11:43:40.000000Z,1.5595703125,1.5595703125,13.0
2015-08-11T11:43:50.000000Z,1.5595703125,1.5595703125,14.0
2015-08-11T11:44:00.000000Z,1.5595703125,1.5595703125,6.0
2015-08-11T11:44:10.000000Z,1.5595703125,1.5595703125,3.0
2015-08-11T11:44:20.000000Z,1.5595703125,1.5595703125,1.0
2015-08-11T11:44:30.000000Z,1.560546875,1.560546875,7.0
2015-08-11T11:44:40.000000Z,1.560546875,1.5595703125,6.0
2015-08-11T11:44:50.000000Z,1.5595703125,1.5595703125,15.0
2015-08-11T11:45:00.000000Z,1.5595703125,1.5595703125,9.0
2015-08-11T11:45:10.000000Z,1.5595703125,1.5595703125,12.0
2015-08-11T11:45:30.000000Z,1.5595703125,1.5595703125,6.0
2015-08-11T11:45:40.000000Z,1.5595703125,1.5595703125,5.0
2015-08-11T11:45:50.000000Z,1.5595703125,1.5595703125,6.0
2015-08-11T11:46:00.000000Z,1.5595703125,1.5595703125,4.0
2015-08-11T11:46:10.000000Z,1.5595703125,1.5595703125,2.0
2015-08-11T11:46:20.000000Z,1.5595703125,1.5595703125,5.0
2015-08-11T11:46:30.000000Z,1.5595703125,1.5595703125,3.0
2015-08-11T11:46:50.000000Z,1.5595703125,1.5595703125,1.0
2015-08-11T11:47:00.000000Z,1.5595703125,1.5595703125,10.0
2015-08-11T11:47:10.000000Z,1.5595703125,1.5595703125,10.0
2015-08-11T11:47:20.000000Z,1.5595703125,1.5595703125,5.0
2015-08-11T11:47:30.000000Z,1.5595703125,1.5595703125,8.0
2015-08-11T11:47:40.000000Z,1.5595703125,1.5595703125,4.0
2015-08-11T11:48:00.000000Z,1.5595703125,1.5595703125,14.0
2015-08-11T11:48:10.000000Z,1.5595703125,1.5595703125,13.0
2015-08-11T11:48:20.000000Z,1.560546875,1.5595703125,5.0
2015-08-11T11:48:30.000000Z,1.560546875,1.5595703125,1.0
2015-08-11T11:48:40.000000Z,1.5595703125,1.5595703125,7.0
2015-08-11T11:48:50.000000Z,1.5595703125,1.5595703125,6.0
2015-08-11T11:49:00.000000Z,1.5595703125,1.5595703125,3.0
2015-08-11T11:49:10.000000Z,1.5595703125,1.5595703125,7.0
2015-08-11T11:49:20.000000Z,1.5595703125,1.5595703125,8.0
2015-08-11T11:49:30.000000Z,1.5595703125,1.5595703125,3.0
2015-08-11T11:49:40.000000Z,1.5595703125,1.5595703125,3.0
2015-08-11T11:49:50.000000Z,1.5595703125,1.5595703125,3.0
2015-08-11T11:50:00.000000Z,1.5595703125,1.5595703125,4.0
2015-08-11T11:50:10.000000Z,1.5595703125,1.5595703125,7.0
2015-08-11T11:50:20.000000Z,1.5595703125,1.5595703125,10.0
2015-08-11T11:50:30.000000Z,1.5595703125,1.5595703125,3.0
2015-08-11T11:50:40.000000Z,1.5595703125,1.5595703125,15.0
2015-08-11T11:50:50.000000Z,1.5595703125,1.5595703125,3.0
2015-08-11T11:51:00.000000Z,1.560546875,1.560546875,23.0
2015-08-11T11:51:10.000000Z,1.560546875,1.560546875,5.0
2015-08-11T11:51:20.000000Z,1.560546875,1.5595703125,2.0
2015-08-11T11:51:30.000000Z,1.560546875,1.5595703125,5.0
2015-08-11T11:51:40.000000Z,1.5595703125,1.5595703125,6.0
2015-08-11T11:51:50.000000Z,1.5595703125,1.5595703125,1.0
2015-08-11T11:52:10.000000Z,1.5595703125,1.5595703125,4.0
2015-08-11T11:52:20.000000Z,1.560546875,1.5595703125,17.0
2015-08-11T11:52:30.000000Z,1.560546875,1.560546875,7.0
2015-08-11T11:52:40.000000Z,1.560546875,1.560546875,14.0
2015-08-11T11:52:50.000000Z,1.560546875,1.560546875,5.0
2015-08-11T11:53:00.000000Z,1.560546875,1.5595703125,4.0
2015-08-11T11:53:10.000000Z,1.560546875,1.560546875,4.0
2015-08-11T11:53:20.000000Z,1.560546875,1.560546875,3.0
2015-08-11T11:53:30.000000Z,1.560546875,1.560546875,6.0
2015-08-11T11:53:40.000000Z,1.560546875,1.560546875,1.0
2015-08-11T11:53:50.000000Z,1.560546875,1.5595703125,7.0
2015-08-11T11:54:00.000000Z,1.560546875,1.5595703125,6.0
2015-08-11T11:54:10.000000Z,1.560546875,1.5595703125,1.0
2015-08-11T11:54:30.000000Z,1.560546875,1.5595703125,7.0
2015-08-11T11:54:40.000000Z,1.5595703125,1.5595703125,13.0
2015-08-11T11:54:50.000000Z,1.5595703125,1.5595703125,2.0
2015-08-11T11:55:00.000000Z,1.5595703125,1.5595703125,1.0
2015-08-11T11:55:10.000000Z,1.5595703125,1.5595703125,2.0
2015-08-11T11:55:30.000000Z,1.5595703125,1.5595703125,1.0
2015-08-11T11:55:40.000000Z,1.5595703125,1.5595703125,4.0
2015-08-11T11:55:50.000000Z,1.5595703125,1.5595703125,6.0
2015-08-11T11:56:00.000000Z,1.5595703125,1.5595703125,16.0
2015-08-11T11:56:10.000000Z,1.560546875,1.5595703125,9.0
2015-08-11T11:56:20.000000Z,1.5595703125,1.5595703125,2.0
2015-08-11T11:56:30.000000Z,1.5595703125,1.5595703125,4.0
2015-08-11T11:56:40.000000Z,1.5595703125,1.5595703125,10.0
2015-08-11T11:56:50.000000Z,1.560546875,1.5595703125,2.0
2015-08-11T11:57:00.000000Z,1.560546875,1.5595703125,1.0
2015-08-11T11:57:10.000000Z,1.5595703125,1.5595703125,4.0
2015-08-11T11:57:30.000000Z,1.5595703125,1.5595703125,1.0
2015-08-11T11:57:40.000000Z,1.5595703125,1.5595703125,1.0
2015-08-11T11:57:50.000000Z,1.5595703125,1.5595703125,5.0
2015-08-11T11:58:00.000000Z,1.5595703125,1.5595703125,3.0
2015-08-11T11:58:10.000000Z,1.5595703125,1.5595703125,1.0
2015-08-11T11:58:20.000000Z,1.5595703125,1.5595703125,1.0
2015-08-11T11:58:30.000000Z,1.5595703125,1.5595703125,11.0
2015-08-11T11:58:40.000000Z,1.5595703125,1.5595703125,14.0
2015-08-11T11:58:50.000000Z,1.5595703125,1.5595703125,4.0
2015-08-11T11:59:00.000000Z,1.5595703125,1.5595703125,4.0
2015-08-11T11:59:10.000000Z,1.5595703125,1.5595703125,2.0
2015-08-11T11:59:20.000000Z,1.5595703125,1.5595703125,3.0
2015-08-11T11:59:40.000000Z,1.5595703125,1.5595703125,2.0
2015-08-11T11:59:50.000000Z,1.5595703125,1.5595703125,1.0
2015-08-11T12:00:00.000000Z,1.5595703125,1.5595703125,12.0
2015-08-11T12:00:10.000000Z,1.5595703125,1.5595703125,3.0
2015-08-11T12:00:30.000000Z,1.5595703125,1.5595703125,2.0
2015-08-11T12:00:40.000000Z,1.5595703125,1.5595703125,3.0
2015-08-11T12:00:50.000000Z,1.5595703125,1.5595703125,3.0
2015-08-11T12:01:00.000000Z,1.5595703125,1.5595703125,9.0
2015-08-11T12:01:10.000000Z,1.5595703125,1.5595703125,5.0
2015-08-11T12:01:20.000000Z,1.5595703125,1.5595703125,8.0
2015-08-11T12:01:30.000000Z,1.5595703125,1.5595703125,1.0
2015-08-11T12:01:40.000000Z,1.5595703125,1.5595703125,2.0
2015-08-11T12:01:50.000000Z,1.5595703125,1.55859375,4.0
2015-08-11T12:02:00.000000Z,1.5595703125,1.55859375,11.0
2015-08-11T12:02:10.000000Z,1.5595703125,1.55859375,2.0
2015-08-11T12:02:20.000000Z,1.55859375,1.55859375,12.0
2015-08-11T12:02:30.000000Z,1.55859375,1.55859375,10.0
2015-08-11T12:02:40.000000Z,1.55859375,1.55859375,14.0
2015-08-11T12:02:50.000000Z,1.55859375,1.55859375,11.0
2015-08-11T12:03:00.000000Z,1.5595703125,1.55859375,5.0
2015-08-11T12:03:10.000000Z,1.55859375,1.55859375,8.0
2015-08-11T12:03:20.000000Z,1.55859375,1.55859375,1.0
2015-08-11T12:03:30.000000Z,1.55859375,1.55859375,1.0
2015-08-11T12:03:40.000000Z,1.5595703125,1.55859375,4.0
2015-08-11T12:03:50.000000Z,1.5595703125,1.55859375,10.0
2015-08-11T12:04:00.000000Z,1.55859375,1.55859375,9.0
2015-08-11T12:04:10.000000Z,1.5595703125,1.55859375,8.0
2015-08-11T12:04:20.000000Z,1.55859375,1.55859375,4.0
2015-08-11T12:04:50.000000Z,1.5595703125,1.5595703125,14.0
2015-08-11T12:05:00.000000Z,1.5595703125,1.55859375,11.0
2015-08-11T12:05:10.000000Z,1.5595703125,1.55859375,3.0
2015-08-11T12:05:40.000000Z,1.5595703125,1.55859375,6.0
2015-08-11T12:05:50.000000Z,1.5595703125,1.5595703125,4.0
2015-08-11T12:06:00.000000Z,1.5595703125,1.55859375,5.0
2015-08-11T12:06:10.000000Z,1.5595703125,1.55859375,2.0
2015-08-11T12:06:20.000000Z,1.55859375,1.55859375,4.0
2015-08-11T12:06:30.000000Z,1.55859375,1.55859375,1.0
2015-08-11T12:06:40.000000Z,1.5595703125,1.55859375,7.0
2015-08-11T12:07:00.000000Z,1.55859375,1.55859375,17.0
2015-08-11T12:07:10.000000Z,1.55859375,1.55859375,4.0
2015-08-11T12:08:00.000000Z,1.55859375,1.55859375,11.0
2015-08-11T12:08:20.000000Z,1.55859375,1.55859375,4.0
2015-08-11T12:08:30.000000Z,1.55859375,1.55859375,11.0
2015-08-11T12:08:40.000000Z,1.55859375,1.55859375,1.0
2015-08-11T12:08:50.000000Z,1.55859375,1.55859375,2.0
2015-08-11T12:09:00.000000Z,1.55859375,1.55859375,16.0
2015-08-11T12:09:20.000000Z,1.55859375,1.55859375,5.0
2015-08-11T12:09:30.000000Z,1.55859375,1.55859375,2.0
2015-08-11T12:09:40.000000Z,1.55859375,1.55859375,1.0
2015-08-11T12:09:50.000000Z,1.55859375,1.55859375,9.0
2015-08-11T12:10:00.000000Z,1.55859375,1.55859375,2.0
2015-08-11T12:10:10.000000Z,1.55859375,1.55859375,11.0
2015-08-11T12:10:20.000000Z,1.55859375,1.55859375,1.0
2015-08-11T12:10:30.000000Z,1.55859375,1.55859375,6.0
2015-08-11T12:10:40.000000Z,1.55859375,1.55859375,2.0
2015-08-11T12:10:50.000000Z,1.55859375,1.55859375,1.0
2015-08-11T12:11:00.000000Z,1.55859375,1.55859375,3.0
2015-08-11T12:11:10.000000Z,1.55859375,1.55859375,8.0
2015-08-11T12:11:20.000000Z,1.55859375,1.55859375,2.0
2015-08-11T12:11:30.000000Z,1.55859375,1.55859375,3.0
2015-08-11T12:11:50.000000Z,1.55859375,1.55859375,1.0
2015-08-11T12:12:20.000000Z,1.55859375,1.55859375,3.0
2015-08-11T12:12:30.000000Z,1.55859375,1.55859375,1.0
2015-08-11T12:12:40.000000Z,1.55859375,1.55859375,4.0
2015-08-11T12:12:50.000000Z,1.55859375,1.55859375,6.0
2015-08-11T12:13:00.000000Z,1.5595703125,1.55859375,3.0
2015-08-11T12:13:10.000000Z,1.5595703125,1.55859375,1.0
2015-08-11T12:13:30.000000Z,1.5595703125,1.55859375,1.0
2015-08-11T12:13:40.000000Z,1.5595703125,1.55859375,8.0
2015-08-11T12:13:50.000000Z,1.5595703125,1.55859375,1.0
2015-08-11T12:14:00.000000Z,1.55859375,1.55859375,9.0
2015-08-11T12:14:10.000000Z,1.5595703125,1.55859375,14.0
2015-08-11T12:14:20.000000Z,1.5595703125,1.55859375,12.0
2015-08-11T12:14:30.000000Z,1.5595703125,1.5595703125,11.0
2015-08-11T12:14:40.000000Z,1.5595703125,1.5595703125,3.0
2015-08-11T12:14:50.000000Z,1.5595703125,1.5595703125,13.0
2015-08-11T12:15:00.000000Z,1.5595703125,1.5595703125,33.0
2015-08-11T12:15:10.000000Z,1.5595703125,1.5595703125,28.0
2015-08-11T12:15:20.000000Z,1.5595703125,1.5595703125,8.0
2015-08-11T12:15:30.000000Z,1.5595703125,1.5595703125,2.0
2015-08-11T12:15:40.000000Z,1.5595703125,1.5595703125,5.0
2015-08-11T12:15:50.000000Z,1.5595703125,1.5595703125,6.0
2015-08-11T12:16:00.000000Z,1.5595703125,1.5595703125,11.0
2015-08-11T12:16:10.000000Z,1.5595703125,1.5595703125,8.0
2015-08-11T12:16:20.000000Z,1.5595703125,1.5595703125,6.0
2015-08-11T12:16:30.000000Z,1.5595703125,1.5595703125,1.0
2015-08-11T12:16:40.000000Z,1.5595703125,1.5595703125,10.0
2015-08-11T12:16:50.000000Z,1.5595703125,1.5595703125,1.0
2015-08-11T12:17:10.000000Z,1.5595703125,1.5595703125,5.0
2015-08-11T12:17:20.000000Z,1.5595703125,1.5595703125,10.0
2015-08-11T12:17:30.000000Z,1.5595703125,1.5595703125,3.0
2015-08-11T12:17:40.000000Z,1.5595703125,1.5595703125,4.0
2015-08-11T12:17:50.000000Z,1.5595703125,1.5595703125,6.0
2015-08-11T12:18:00.000000Z,1.5595703125,1.5595703125,6.0
2015-08-11T12:18:10.000000Z,1.5595703125,1.5595703125,10.0
2015-08-11T12:18:20.000000Z,1.5595703125,1.5595703125,8.0
2015-08-11T12:18:30.000000Z,1.5595703125,1.5595703125,9.0
2015-08-11T12:18:40.000000Z,1.5595703125,1.5595703125,3.0
2015-08-11T12:18:50.000000Z,1.5595703125,1.5595703125,10.0
2015-08-11T12:19:00.000000Z,1.5595703125,1.5595703125,3.0
2015-08-11T12:19:10.000000Z,1.5595703125,1.5595703125,8.0
2015-08-11T12:19:20.000000Z,1.5595703125,1.5595703125,4.0
2015-08-11T12:19:30.000000Z,1.5595703125,1.5595703125,6.0
2015-08-11T12:19:40.000000Z,1.5595703125,1.5595703125,4.0
2015-08-11T12:19:50.000000Z,1.5595703125,1.5595703125,6.0
2015-08-11T12:20:00.000000Z,1.5595703125,1.5595703125,12.0
2015-08-11T12:20:10.000000Z,1.5595703125,1.5595703125,17.0
2015-08-11T12:20:20.000000Z,1.5595703125,1.5595703125,18.0
2015-08-11T12:20:30.000000Z,1.5595703125,1.5595703125,16.0
2015-08-11T12:20:40.000000Z,1.5595703125,1.5595703125,8.0
2015-08-11T12:20:50.000000Z,1.5595703125,1.5595703125,1.0
2015-08-11T12:21:00.000000Z,1.5595703125,1.55859375,11.0
2015-08-11T12:21:10.000000Z,1.5595703125,1.55859375,8.0
2015-08-11T12:21:20.000000Z,1.55859375,1.55859375,6.0
2015-08-11T12:21:30.000000Z,1.55859375,1.55859375,10.0
2015-08-11T12:21:40.000000Z,1.55859375,1.55859375,3.0
2015-08-11T12:21:50.000000Z,1.55859375,1.55859375,7.0
2015-08-11T12:22:00.000000Z,1.55859375,1.55859375,16.0
2015-08-11T12:22:10.000000Z,1.55859375,1.55859375,4.0
2015-08-11T12:22:20.000000Z,1.55859375,1.55859375,8.0
2015-08-11T12:22:40.000000Z,1.55859375,1.55859375,9.0
2015-08-11T12:22:50.000000Z,1.55859375,1.55859375,2.0
2015-08-11T12:23:00.000000Z,1.55859375,1.55859375,10.0
2015-08-11T12:23:10.000000Z,1.5595703125,1.55859375,4.0
2015-08-11T12:23:20.000000Z,1.5595703125,1.55859375,17.0
2015-08-11T12:23:30.000000Z,1.5595703125,1.5595703125,19.0
2015-08-11T12:23:40.000000Z,1.5595703125,1.5595703125,23.0
2015-08-11T12:23:50.000000Z,1.5595703125,1.5595703125,18.0
2015-08-11T12:24:00.000000Z,1.5595703125,1.5595703125,4.0
2015-08-11T12:24:10.000000Z,1.5595703125,1.5595703125,10.0
2015-08-11T12:24:20.000000Z,1.5595703125,1.5595703125,32.0
2015-08-11T12:24:30.000000Z,1.5595703125,1.5595703125,18.0
2015-08-11T12:24:40.000000Z,1.5595703125,1.5595703125,7.0
2015-08-11T12:24:50.000000Z,1.5595703125,1.5595703125,11.0
2015-08-11T12:25:00.000000Z,1.5595703125,1.5595703125,7.0
2015-08-11T12:25:10.000000Z,1.5595703125,1.55859375,5.0
2015-08-11T12:25:30.000000Z,1.5595703125,1.55859375,9.0
2015-08-11T12:25:40.000000Z,1.55859375,1.55859375,7.0
2015-08-11T12:25:50.000000Z,1.5595703125,1.55859375,13.0
2015-08-11T12:26:00.000000Z,1.5595703125,1.55859375,9.0
2015-08-11T12:26:10.000000Z,1.5595703125,1.5595703125,22.0
2015-08-11T12:26:20.000000Z,1.5595703125,1.5595703125,7.0
2015-08-11T12:26:30.000000Z,1.5595703125,1.5595703125,14.0
2015-08-11T12:26:40.000000Z,1.5595703125,1.55859375,4.0
2015-08-11T12:26:50.000000Z,1.5595703125,1.55859375,3.0
2015-08-11T12:27:00.000000Z,1.5595703125,1.55859375,11.0
2015-08-11T12:27:10.000000Z,1.55859375,1.55859375,2.0
2015-08-11T12:27:20.000000Z,1.5595703125,1.55859375,6.0
2015-08-11T12:27:30.000000Z,1.5595703125,1.55859375,10.0
2015-08-11T12:27:40.000000Z,1.5595703125,1.55859375,2.0
2015-08-11T12:27:50.000000Z,1.5595703125,1.5595703125,6.0
2015-08-11T12:28:00.000000Z,1.5595703125,1.5595703125,2.0
2015-08-11T12:28:10.000000Z,1.5595703125,1.5595703125,8.0
2015-08-11T12:28:20.000000Z,1.5595703125,1.5595703125,11.0
2015-08-11T12:28:30.000000Z,1.5595703125,1.5595703125,7.0
2015-08-11T12:28:40.000000Z,1.5595703125,1.5595703125,18.0
2015-08-11T12:28:50.000000Z,1.5595703125,1.5595703125,11.0
2015-08-11T12:29:00.000000Z,1.5595703125,1.5595703125,17.0
2015-08-11T12:29:10.000000Z,1.5595703125,1.5595703125,1.0
2015-08-11T12:29:30.000000Z,1.5595703125,1.5595703125,2.0
2015-08-11T12:29:50.000000Z,1.5595703125,1.5595703125,8.0
2015-08-11T12:30:00.000000Z,1.5595703125,1.55859375,14.0
2015-08-11T12:30:10.000000Z,1.55859375,1.55859375,21.0
2015-08-11T12:30:20.000000Z,1.5595703125,1.55859375,32.0
2015-08-11T12:30:30.000000Z,1.5595703125,1.5595703125,34.0
2015-08-11T12:30:40.000000Z,1.5595703125,1.5595703125,33.0
2015-08-11T12:30:50.000000Z,1.5595703125,1.5595703125,24.0
2015-08-11T12:31:00.000000Z,1.5595703125,1.5595703125,18.0
2015-08-11T12:31:10.000000Z,1.5595703125,1.5595703125,15.0
2015-08-11T12:31:20.000000Z,1.5595703125,1.5595703125,27.0
2015-08-11T12:31:30.000000Z,1.5595703125,1.5595703125,9.0
2015-08-11T12:31:40.000000Z,1.5595703125,1.5595703125,11.0
2015-08-11T12:32:10.000000Z,1.5595703125,1.5595703125,8.0
2015-08-11T12:32:20.000000Z,1.5595703125,1.5595703125,11.0
2015-08-11T12:32:30.000000Z,1.5595703125,1.55859375,4.0
2015-08-11T12:32:40.000000Z,1.5595703125,1.55859375,15.0
2015-08-11T12:32:50.000000Z,1.5595703125,1.55859375,1.0
2015-08-11T12:33:00.000000Z,1.5595703125,1.55859375,3.0
2015-08-11T12:33:10.000000Z,1.55859375,1.55859375,8.0
2015-08-11T12:33:20.000000Z,1.55859375,1.55859375,9.0
2015-08-11T12:33:30.000000Z,1.5595703125,1.55859375,14.0
2015-08-11T12:33:40.000000Z,1.5595703125,1.55859375,24.0
2015-08-11T12:33:50.000000Z,1.5595703125,1.55859375,20.0
2015-08-11T12:34:00.000000Z,1.5595703125,1.55859375,11.0
2015-08-11T12:34:10.000000Z,1.5595703125,1.55859375,5.0
2015-08-11T12:34:20.000000Z,1.55859375,1.55859375,20.0
2015-08-11T12:34:30.000000Z,1.5595703125,1.55859375,4.0
2015-08-11T12:34:40.000000Z,1.5595703125,1.55859375,11.0
2015-08-11T12:34:50.000000Z,1.5595703125,1.5595703125,18.0
2015-08-11T12:35:00.000000Z,1.5595703125,1.5595703125,5.0
2015-08-11T12:35:10.000000Z,1.5595703125,1.5595703125,2.0
2015-08-11T12:35:20.000000Z,1.5595703125,1.5595703125,1.0
2015-08-11T12:35:30.000000Z,1.5595703125,1.55859375,15.0
2015-08-11T12:35:40.000000Z,1.5595703125,1.55859375,10.0
2015-08-11T12:35:50.000000Z,1.5595703125,1.5595703125,19.0
2015-08-11T12:36:00.000000Z,1.5595703125,1.5595703125,11.0
2015-08-11T12:36:10.000000Z,1.5595703125,1.55859375,31.0
2015-08-11T12:36:20.000000Z,1.55859375,1.55859375,5.0
2015-08-11T12:36:30.000000Z,1.55859375,1.55859375,6.0
2015-08-11T12:36:40.000000Z,1.55859375,1.55859375,10.0
2015-08-11T12:36:50.000000Z,1.55859375,1.55859375,3.0
2015-08-11T12:37:00.000000Z,1.55859375,1.55859375,11.0
2015-08-11T12:37:10.000000Z,1.55859375,1.55859375,13.0
2015-08-11T12:37:20.000000Z,1.55859375,1.55859375,6.0
2015-08-11T12:37:30.000000Z,1.55859375,1.55859375,7.0
2015-08-11T12:37:40.000000Z,1.55859375,1.55859375,12.0
2015-08-11T12:37:50.000000Z,1.55859375,1.55859375,5.0
2015-08-11T12:38:00.000000Z,1.55859375,1.55859375,6.0
2015-08-11T12:38:10.000000Z,1.55859375,1.55859375,3.0
2015-08-11T12:38:20.000000Z,1.55859375,1.55859375,22.0
2015-08-11T12:38:30.000000Z,1.55859375,1.55859375,4.0
2015-08-11T12:38:40.000000Z,1.55859375,1.55859375,3.0
2015-08-11T12:38:50.000000Z,1.55859375,1.55859375,6.0
2015-08-11T12:39:00.000000Z,1.55859375,1.55859375,17.0
2015-08-11T12:39:10.000000Z,1.55859375,1.55859375,2.0
2015-08-11T12:39:20.000000Z,1.55859375,1.55859375,2.0
2015-08-11T12:39:30.000000Z,1.55859375,1.55859375,13.0
2015-08-11T12:39:40.000000Z,1.55859375,1.55859375,6.0
2015-08-11T12:39:50.000000Z,1.55859375,1.55859375,5.0
2015-08-11T12:40:00.000000Z,1.55859375,1.55859375,12.0
2015-08-11T12:40:10.000000Z,1.55859375,1.55859375,4.0
2015-08-11T12:40:20.000000Z,1.55859375,1.55859375,7.0
2015-08-11T12:40:30.000000Z,1.55859375,1.55859375,12.0
2015-08-11T12:40:40.000000Z,1.55859375,1.55859375,6.0
2015-08-11T12:40:50.000000Z,1.55859375,1.55859375,7.0
2015-08-11T12:41:00.000000Z,1.55859375,1.5576171875,11.0
2015-08-11T12:41:10.000000Z,1.55859375,1.5576171875,5.0
2015-08-11T12:41:20.000000Z,1.55859375,1.5576171875,2.0
2015-08-11T12:41:40.000000Z,1.5576171875,1.5576171875,10.0
2015-08-11T12:41:50.000000Z,1.5576171875,1.5576171875,8.0
2015-08-11T12:42:00.000000Z,1.5576171875,1.5576171875,7.0
2015-08-11T12:42:10.000000Z,1.5576171875,1.5576171875,15.0
2015-08-11T12:42:20.000000Z,1.5576171875,1.5576171875,14.0
2015-08-11T12:42:30.000000Z,1.5576171875,1.5576171875,8.0
2015-08-11T12:42:40.000000Z,1.5576171875,1.5576171875,16.0
2015-08-11T12:42:50.000000Z,1.5576171875,1.5576171875,6.0
2015-08-11T12:43:00.000000Z,1.5576171875,1.5576171875,11.0
2015-08-11T12:43:10.000000Z,1.5576171875,1.5576171875,4.0
2015-08-11T12:43:20.000000Z,1.5576171875,1.5576171875,15.0
2015-08-11T12:43:30.000000Z,1.5576171875,1.5576171875,11.0
2015-08-11T12:43:40.000000Z,1.5576171875,1.5576171875,5.0
2015-08-11T12:43:50.000000Z,1.5576171875,1.5576171875,9.0
2015-08-11T12:44:00.000000Z,1.5576171875,1.5576171875,7.0
2015-08-11T12:44:20.000000Z,1.5576171875,1.5576171875,1.0
2015-08-11T12:44:30.000000Z,1.5576171875,1.5576171875,4.0
2015-08-11T12:44:40.000000Z,1.5576171875,1.5576171875,10.0
2015-08-11T12:44:50.000000Z,1.5576171875,1.5576171875,6.0
2015-08-11T12:45:00.000000Z,1.5576171875,1.5576171875,6.0
2015-08-11T12:45:10.000000Z,1.5576171875,1.5576171875,5.0
2015-08-11T12:45:20.000000Z,1.5576171875,1.5576171875,8.0
2015-08-11T12:45:30.000000Z,1.5576171875,1.5576171875,2.0
2015-08-11T12:45:40.000000Z,1.5576171875,1.5576171875,10.0
2015-08-11T12:45:50.000000Z,1.5576171875,1.5576171875,4.0
2015-08-11T12:46:00.000000Z,1.5576171875,1.5576171875,8.0
2015-08-11T12:46:10.000000Z,1.5576171875,1.5576171875,4.0
2015-08-11T12:46:20.000000Z,1.5576171875,1.5576171875,9.0
2015-08-11T12:46:30.000000Z,1.5576171875,1.5576171875,5.0
2015-08-11T12:46:50.000000Z,1.5576171875,1.5576171875,3.0
2015-08-11T12:47:00.000000Z,1.5576171875,1.556640625,6.0
2015-08-11T12:47:10.000000Z,1.5576171875,1.556640625,3.0
2015-08-11T12:47:20.000000Z,1.556640625,1.556640625,5.0
2015-08-11T12:47:40.000000Z,1.556640625,1.556640625,3.0
2015-08-11T12:47:50.000000Z,1.556640625,1.556640625,5.0
2015-08-11T12:48:00.000000Z,1.556640625,1.556640625,12.0
2015-08-11T12:48:10.000000Z,1.556640625,1.556640625,4.0
2015-08-11T12:48:20.000000Z,1.5576171875,1.556640625,6.0
2015-08-11T12:48:30.000000Z,1.5576171875,1.5576171875,2.0
2015-08-11T12:48:40.000000Z,1.5576171875,1.5576171875,7.0
2015-08-11T12:48:50.000000Z,1.5576171875,1.556640625,3.0
2015-08-11T12:49:00.000000Z,1.5576171875,1.5576171875,9.0
2015-08-11T12:49:10.000000Z,1.5576171875,1.5576171875,5.0
2015-08-11T12:49:20.000000Z,1.5576171875,1.5576171875,5.0
2015-08-11T12:49:30.000000Z,1.5576171875,1.5576171875,1.0
2015-08-11T12:49:40.000000Z,1.5576171875,1.5576171875,19.0
2015-08-11T12:49:50.000000Z,1.5576171875,1.5576171875,9.0
2015-08-11T12:50:00.000000Z,1.5576171875,1.5576171875,2.0
2015-08-11T12:50:20.000000Z,1.5576171875,1.5576171875,7.0
2015-08-11T12:50:30.000000Z,1.5576171875,1.556640625,12.0
2015-08-11T12:50:40.000000Z,1.5576171875,1.556640625,2.0
2015-08-11T12:50:50.000000Z,1.5576171875,1.5576171875,12.0
2015-08-11T12:51:00.000000Z,1.5576171875,1.5576171875,20.0
2015-08-11T12:51:10.000000Z,1.5576171875,1.5576171875,3.0
2015-08-11T12:51:20.000000Z,1.5576171875,1.5576171875,6.0
2015-08-11T12:51:30.000000Z,1.5576171875,1.5576171875,5.0
2015-08-11T12:51:40.000000Z,1.5576171875,1.5576171875,15.0
2015-08-11T12:51:50.000000Z,1.5576171875,1.5576171875,6.0
2015-08-11T12:52:00.000000Z,1.5576171875,1.5576171875,3.0
2015-08-11T12:52:10.000000Z,1.5576171875,1.5576171875,21.0
2015-08-11T12:52:20.000000Z,1.5576171875,1.5576171875,11.0
2015-08-11T12:52:30.000000Z,1.5576171875,1.5576171875,13.0
2015-08-11T12:52:40.000000Z,1.5576171875,1.5576171875,8.0
2015-08-11T12:52:50.000000Z,1.5576171875,1.5576171875,1.0
2015-08-11T12:53:00.000000Z,1.5576171875,1.5576171875,7.0
2015-08-11T12:53:10.000000Z,1.5576171875,1.5576171875,12.0
2015-08-11T12:53:20.000000Z,1.5576171875,1.5576171875,2.0
2015-08-11T12:53:40.000000Z,1.5576171875,1.5576171875,8.0
2015-08-11T12:53:50.000000Z,1.5576171875,1.5576171875,4.0
2015-08-11T12:54:00.000000Z,1.55859375,1.5576171875,4.0
2015-08-11T12:54:10.000000Z,1.55859375,1.5576171875,6.0
2015-08-11T12:54:40.000000Z,1.55859375,1.55859375,3.0
2015-08-11T12:54:50.000000Z,1.55859375,1.55859375,6.0
2015-08-11T12:55:00.000000Z,1.55859375,1.5576171875,5.0
2015-08-11T12:55:20.000000Z,1.5576171875,1.5576171875,8.0
2015-08-11T12:55:40.000000Z,1.55859375,1.5576171875,15.0
2015-08-11T12:55:50.000000Z,1.55859375,1.5576171875,6.0
2015-08-11T12:56:00.000000Z,1.5576171875,1.5576171875,8.0
2015-08-11T12:56:10.000000Z,1.5576171875,1.5576171875,7.0
2015-08-11T12:56:20.000000Z,1.5576171875,1.5576171875,20.0
2015-08-11T12:56:30.000000Z,1.5576171875,1.5576171875,2.0
2015-08-11T12:56:40.000000Z,1.5576171875,1.5576171875,8.0
2015-08-11T12:56:50.000000Z,1.5576171875,1.5576171875,5.0
2015-08-11T12:57:00.000000Z,1.5576171875,1.5576171875,5.0
2015-08-11T12:57:20.000000Z,1.5576171875,1.5576171875,1.0
2015-08-11T12:57:30.000000Z,1.5576171875,1.5576171875,2.0
2015-08-11T12:57:40.000000Z,1.5576171875,1.5576171875,8.0
2015-08-11T12:57:50.000000Z,1.55859375,1.5576171875,12.0
2015-08-11T12:58:00.000000Z,1.55859375,1.5576171875,7.0
2015-08-11T12:58:10.000000Z,1.55859375,1.55859375,3.0
2015-08-11T12:58:20.000000Z,1.55859375,1.55859375,7.0
2015-08-11T12:58:30.000000Z,1.55859375,1.5576171875,21.0
2015-08-11T12:58:40.000000Z,1.55859375,1.55859375,13.0
2015-08-11T12:58:50.000000Z,1.55859375,1.5576171875,5.0
2015-08-11T12:59:00.000000Z,1.55859375,1.5576171875,6.0
2015-08-11T12:59:10.000000Z,1.5576171875,1.5576171875,7.0
2015-08-11T12:59:20.000000Z,1.5576171875,1.5576171875,2.0
2015-08-11T12:59:30.000000Z,1.55859375,1.5576171875,19.0
2015-08-11T12:59:40.000000Z,1.55859375,1.5576171875,7.0
2015-08-11T12:59:50.000000Z,1.5576171875,1.5576171875,6.0
2015-08-11T13:00:00.000000Z,1.55859375,1.55859375,13.0
2015-08-11T13:00:10.000000Z,1.55859375,1.55859375,5.0
2015-08-11T13:00:20.000000Z,1.55859375,1.55859375,10.0
2015-08-11T13:00:30.000000Z,1.55859375,1.55859375,8.0
2015-08-11T13:00:40.000000Z,1.55859375,1.55859375,15.0
2015-08-11T13:00:50.000000Z,1.55859375,1.55859375,3.0
2015-08-11T13:01:00.000000Z,1.55859375,1.5576171875,6.0
2015-08-11T13:01:10.000000Z,1.55859375,1.55859375,20.0
2015-08-11T13:01:30.000000Z,1.55859375,1.55859375,7.0
2015-08-11T13:01:40.000000Z,1.55859375,1.55859375,9.0
2015-08-11T13:01:50.000000Z,1.55859375,1.55859375,3.0
2015-08-11T13:02:00.000000Z,1.55859375,1.55859375,11.0
2015-08-11T13:02:10.000000Z,1.55859375,1.55859375,14.0
2015-08-11T13:02:20.000000Z,1.55859375,1.55859375,12.0
2015-08-11T13:02:30.000000Z,1.55859375,1.55859375,4.0
2015-08-11T13:02:40.000000Z,1.55859375,1.55859375,3.0
2015-08-11T13:02:50.000000Z,1.55859375,1.55859375,11.0
2015-08-11T13:03:00.000000Z,1.55859375,1.55859375,6.0
2015-08-11T13:03:10.000000Z,1.55859375,1.55859375,3.0
2015-08-11T13:03:20.000000Z,1.55859375,1.55859375,4.0
2015-08-11T13:03:30.000000Z,1.55859375,1.55859375,7.0
2015-08-11T13:03:40.000000Z,1.55859375,1.55859375,8.0
2015-08-11T13:04:00.000000Z,1.55859375,1.55859375,5.0
2015-08-11T13:04:10.000000Z,1.55859375,1.55859375,3.0
2015-08-11T13:04:20.000000Z,1.55859375,1.55859375,2.0
2015-08-11T13:04:30.000000Z,1.55859375,1.5576171875,5.0
2015-08-11T13:04:40.000000Z,1.55859375,1.5576171875,12.0
2015-08-11T13:04:50.000000Z,1.55859375,1.5576171875,6.0
2015-08-11T13:05:00.000000Z,1.5576171875,1.5576171875,11.0
2015-08-11T13:05:10.000000Z,1.5576171875,1.5576171875,11.0
2015-08-11T13:05:20.000000Z,1.5576171875,1.5576171875,3.0
2015-08-11T13:05:30.000000Z,1.5576171875,1.5576171875,8.0
2015-08-11T13:05:50.000000Z,1.5576171875,1.5576171875,2.0
2015-08-11T13:06:00.000000Z,1.5576171875,1.5576171875,7.0
2015-08-11T13:06:10.000000Z,1.5576171875,1.5576171875,4.0
2015-08-11T13:06:20.000000Z,1.5576171875,1.5576171875,6.0
2015-08-11T13:06:30.000000Z,1.5576171875,1.5576171875,3.0
2015-08-11T13:06:40.000000Z,1.5576171875,1.5576171875,8.0
2015-08-11T13:06:50.000000Z,1.5576171875,1.5576171875,6.0
2015-08-11T13:07:00.000000Z,1.5576171875,1.5576171875,5.0
2015-08-11T13:07:10.000000Z,1.55859375,1.5576171875,5.0
2015-08-11T13:07:20.000000Z,1.5576171875,1.5576171875,11.0
2015-08-11T13:07:30.000000Z,1.55859375,1.5576171875,6.0
2015-08-11T13:07:40.000000Z,1.55859375,1.5576171875,6.0
2015-08-11T13:07:50.000000Z,1.55859375,1.5576171875,8.0
2015-08-11T13:08:00.000000Z,1.55859375,1.5576171875,8.0
2015-08-11T13:08:10.000000Z,1.55859375,1.55859375,6.0
2015-08-11T13:08:20.000000Z,1.55859375,1.55859375,10.0
2015-08-11T13:08:30.000000Z,1.55859375,1.55859375,7.0
2015-08-11T13:08:40.000000Z,1.55859375,1.5576171875,7.0
2015-08-11T13:08:50.000000Z,1.55859375,1.55859375,6.0
2015-08-11T13:09:00.000000Z,1.55859375,1.55859375,17.0
2015-08-11T13:09:20.000000Z,1.55859375,1.55859375,10.0
2015-08-11T13:09:30.000000Z,1.55859375,1.55859375,5.0
2015-08-11T13:09:40.000000Z,1.55859375,1.5576171875,3.0
2015-08-11T13:09:50.000000Z,1.55859375,1.5576171875,4.0
2015-08-11T13:10:00.000000Z,1.55859375,1.5576171875,9.0
2015-08-11T13:10:10.000000Z,1.55859375,1.5576171875,4.0
2015-08-11T13:10:20.000000Z,1.55859375,1.55859375,11.0
2015-08-11T13:10:30.000000Z,1.55859375,1.55859375,4.0
2015-08-11T13:10:40.000000Z,1.55859375,1.55859375,8.0
2015-08-11T13:10:50.000000Z,1.55859375,1.55859375,19.0
2015-08-11T13:11:00.000000Z,1.55859375,1.55859375,13.0
2015-08-11T13:11:10.000000Z,1.55859375,1.55859375,10.0
2015-08-11T13:11:20.000000Z,1.55859375,1.55859375,2.0
2015-08-11T13:11:30.000000Z,1.55859375,1.55859375,22.0
2015-08-11T13:11:40.000000Z,1.55859375,1.55859375,1.0
2015-08-11T13:11:50.000000Z,1.55859375,1.55859375,1.0
2015-08-11T13:12:00.000000Z,1.55859375,1.55859375,4.0
2015-08-11T13:12:10.000000Z,1.55859375,1.55859375,1.0
2015-08-11T13:12:20.000000Z,1.55859375,1.55859375,4.0
2015-08-11T13:12:30.000000Z,1.55859375,1.55859375,12.0
2015-08-11T13:13:00.000000Z,1.55859375,1.55859375,5.0
2015-08-11T13:13:10.000000Z,1.55859375,1.55859375,8.0
2015-08-11T13:13:20.000000Z,1.55859375,1.55859375,2.0
2015-08-11T13:13:30.000000Z,1.55859375,1.55859375,12.0
2015-08-11T13:13:40.000000Z,1.55859375,1.55859375,6.0
2015-08-11T13:13:50.000000Z,1.55859375,1.55859375,2.0
2015-08-11T13:14:00.000000Z,1.55859375,1.55859375,5.0
2015-08-11T13:14:10.000000Z,1.55859375,1.55859375,5.0
2015-08-11T13:14:20.000000Z,1.55859375,1.55859375,2.0
2015-08-11T13:14:50.000000Z,1.55859375,1.55859375,3.0
2015-08-11T13:15:00.000000Z,1.55859375,1.55859375,17.0
2015-08-11T13:15:10.000000Z,1.55859375,1.55859375,1.0
2015-08-11T13:15:20.000000Z,1.55859375,1.55859375,9.0
2015-08-11T13:15:30.000000Z,1.55859375,1.55859375,6.0
2015-08-11T13:15:40.000000Z,1.55859375,1.55859375,1.0
2015-08-11T13:15:50.000000Z,1.55859375,1.55859375,1.0
2015-08-11T13:16:00.000000Z,1.55859375,1.55859375,2.0
2015-08-11T13:16:10.000000Z,1.55859375,1.55859375,3.0
2015-08-11T13:16:20.000000Z,1.55859375,1.55859375,5.0
2015-08-11T13:16:30.000000Z,1.55859375,1.55859375,14.0
2015-08-11T13:16:40.000000Z,1.55859375,1.55859375,1.0
2015-08-11T13:16:50.000000Z,1.55859375,1.55859375,7.0
2015-08-11T13:17:00.000000Z,1.55859375,1.55859375,9.0
2015-08-11T13:17:10.000000Z,1.55859375,1.55859375,8.0
2015-08-11T13:17:20.000000Z,1.55859375,1.55859375,13.0
2015-08-11T13:17:30.000000Z,1.5576171875,1.5576171875,33.0
2015-08-11T13:17:40.000000Z,1.5576171875,1.5576171875,10.0
2015-08-11T13:17:50.000000Z,1.5576171875,1.5576171875,4.0
2015-08-11T13:18:10.000000Z,1.5576171875,1.5576171875,28.0
2015-08-11T13:18:20.000000Z,1.5576171875,1.5576171875,8.0
2015-08-11T13:18:30.000000Z,1.5576171875,1.5576171875,8.0
2015-08-11T13:18:40.000000Z,1.5576171875,1.5576171875,21.0
2015-08-11T13:18:50.000000Z,1.5576171875,1.5576171875,14.0
2015-08-11T13:19:00.000000Z,1.5576171875,1.5576171875,14.0
2015-08-11T13:19:10.000000Z,1.55859375,1.5576171875,3.0
2015-08-11T13:19:20.000000Z,1.55859375,1.5576171875,8.0
2015-08-11T13:19:30.000000Z,1.55859375,1.5576171875,8.0
2015-08-11T13:19:40.000000Z,1.5576171875,1.5576171875,16.0
2015-08-11T13:19:50.000000Z,1.5576171875,1.5576171875,4.0
2015-08-11T13:20:00.000000Z,1.5576171875,1.5576171875,11.0
2015-08-11T13:20:20.000000Z,1.5576171875,1.5576171875,6.0
2015-08-11T13:20:30.000000Z,1.5576171875,1.5576171875,6.0
2015-08-11T13:20:40.000000Z,1.5576171875,1.5576171875,3.0
2015-08-11T13:20:50.000000Z,1.55859375,1.5576171875,6.0
2015-08-11T13:21:00.000000Z,1.5576171875,1.5576171875,7.0
2015-08-11T13:21:10.000000Z,1.5576171875,1.5576171875,4.0
2015-08-11T13:21:20.000000Z,1.5576171875,1.5576171875,3.0
2015-08-11T13:21:30.000000Z,1.5576171875,1.5576171875,7.0
2015-08-11T13:21:40.000000Z,1.5576171875,1.5576171875,6.0
2015-08-11T13:21:50.000000Z,1.5576171875,1.5576171875,15.0
2015-08-11T13:22:00.000000Z,1.5576171875,1.5576171875,10.0
2015-08-11T13:22:10.000000Z,1.5576171875,1.5576171875,10.0
2015-08-11T13:22:20.000000Z,1.5576171875,1.5576171875,20.0
2015-08-11T13:22:30.000000Z,1.5576171875,1.5576171875,17.0
2015-08-11T13:22:40.000000Z,1.5576171875,1.5576171875,13.0
2015-08-11T13:22:50.000000Z,1.5576171875,1.5576171875,17.0
2015-08-11T13:23:00.000000Z,1.5576171875,1.5576171875,8.0
2015-08-11T13:23:10.000000Z,1.5576171875,1.5576171875,3.0
2015-08-11T13:23:20.000000Z,1.5576171875,1.5576171875,9.0
2015-08-11T13:23:30.000000Z,1.5576171875,1.5576171875,1.0
2015-08-11T13:23:40.000000Z,1.5576171875,1.5576171875,5.0
2015-08-11T13:23:50.000000Z,1.5576171875,1.5576171875,22.0
2015-08-11T13:24:00.000000Z,1.55859375,1.5576171875,8.0
2015-08-11T13:24:10.000000Z,1.55859375,1.5576171875,1.0
2015-08-11T13:24:20.000000Z,1.55859375,1.5576171875,10.0
2015-08-11T13:24:30.000000Z,1.55859375,1.5576171875,11.0
2015-08-11T13:24:40.000000Z,1.55859375,1.55859375,11.0
2015-08-11T13:24:50.000000Z,1.55859375,1.55859375,5.0
2015-08-11T13:25:00.000000Z,1.55859375,1.55859375,8.0
2015-08-11T13:25:10.000000Z,1.55859375,1.55859375,15.0
2015-08-11T13:25:20.000000Z,1.55859375,1.5576171875,19.0
2015-08-11T13:25:30.000000Z,1.55859375,1.5576171875,7.0
2015-08-11T13:25:40.000000Z,1.55859375,1.55859375,6.0
2015-08-11T13:25:50.000000Z,1.55859375,1.55859375,11.0
2015-08-11T13:26:00.000000Z,1.55859375,1.55859375,3.0
2015-08-11T13:26:10.000000Z,1.55859375,1.5576171875,9.0
2015-08-11T13:26:30.000000Z,1.55859375,1.55859375,9.0
2015-08-11T13:26:40.000000Z,1.55859375,1.5576171875,3.0
2015-08-11T13:26:50.000000Z,1.5576171875,1.5576171875,5.0
2015-08-11T13:27:00.000000Z,1.5576171875,1.5576171875,10.0
2015-08-11T13:27:10.000000Z,1.5576171875,1.5576171875,8.0
2015-08-11T13:27:20.000000Z,1.5576171875,1.5576171875,1.0
2015-08-11T13:27:30.000000Z,1.5576171875,1.5576171875,7.0
2015-08-11T13:27:40.000000Z,1.5576171875,1.5576171875,10.0
2015-08-11T13:27:50.000000Z,1.5576171875,1.5576171875,8.0
2015-08-11T13:28:00.000000Z,1.5576171875,1.5576171875,16.0
2015-08-11T13:28:10.000000Z,1.5576171875,1.5576171875,1.0
2015-08-11T13:28:20.000000Z,1.5576171875,1.5576171875,4.0
2015-08-11T13:28:30.000000Z,1.5576171875,1.5576171875,13.0
2015-08-11T13:28:40.000000Z,1.5576171875,1.5576171875,8.0
2015-08-11T13:28:50.000000Z,1.5576171875,1.5576171875,15.0
2015-08-11T13:29:00.000000Z,1.5576171875,1.5576171875,18.0
2015-08-11T13:29:10.000000Z,1.5576171875,1.5576171875,9.0
2015-08-11T13:29:20.000000Z,1.5576171875,1.5576171875,16.0
2015-08-11T13:29:30.000000Z,1.5576171875,1.5576171875,11.0
2015-08-11T13:29:40.000000Z,1.5576171875,1.5576171875,4.0
2015-08-11T13:30:00.000000Z,1.5576171875,1.5576171875,22.0
2015-08-11T13:30:10.000000Z,1.5576171875,1.5576171875,5.0
2015-08-11T13:30:20.000000Z,1.5576171875,1.5576171875,13.0
2015-08-11T13:30:30.000000Z,1.5576171875,1.5576171875,6.0
2015-08-11T13:30:40.000000Z,1.5576171875,1.556640625,15.0
2015-08-11T13:30:50.000000Z,1.5576171875,1.556640625,9.0
2015-08-11T13:31:00.000000Z,1.5576171875,1.5576171875,22.0
2015-08-11T13:31:10.000000Z,1.5576171875,1.5576171875,10.0
2015-08-11T13:31:20.000000Z,1.5576171875,1.5576171875,5.0
2015-08-11T13:31:30.000000Z,1.5576171875,1.5576171875,7.0
2015-08-11T13:31:40.000000Z,1.5576171875,1.5576171875,4.0
2015-08-11T13:31:50.000000Z,1.5576171875,1.556640625,6.0
2015-08-11T13:32:00.000000Z,1.556640625,1.556640625,11.0
2015-08-11T13:32:10.000000Z,1.556640625,1.556640625,13.0
2015-08-11T13:32:20.000000Z,1.556640625,1.556640625,8.0
2015-08-11T13:32:30.000000Z,1.5576171875,1.556640625,17.0
2015-08-11T13:32:40.000000Z,1.5576171875,1.556640625,13.0
2015-08-11T13:32:50.000000Z,1.5576171875,1.556640625,6.0
2015-08-11T13:33:00.000000Z,1.5576171875,1.556640625,4.0
2015-08-11T13:33:10.000000Z,1.556640625,1.556640625,17.0
2015-08-11T13:33:20.000000Z,1.556640625,1.556640625,2.0
2015-08-11T13:33:30.000000Z,1.556640625,1.556640625,8.0
2015-08-11T13:33:40.000000Z,1.556640625,1.556640625,6.0
2015-08-11T13:33:50.000000Z,1.556640625,1.556640625,3.0
2015-08-11T13:34:00.000000Z,1.556640625,1.556640625,6.0
2015-08-11T13:34:10.000000Z,1.556640625,1.556640625,12.0
2015-08-11T13:34:20.000000Z,1.556640625,1.556640625,3.0
2015-08-11T13:34:30.000000Z,1.556640625,1.556640625,7.0
2015-08-11T13:34:40.000000Z,1.556640625,1.556640625,9.0
2015-08-11T13:34:50.000000Z,1.556640625,1.556640625,10.0
2015-08-11T13:35:00.000000Z,1.556640625,1.556640625,19.0
2015-08-11T13:35:30.000000Z,1.556640625,1.556640625,4.0
2015-08-11T13:35:40.000000Z,1.556640625,1.556640625,19.0
2015-08-11T13:35:50.000000Z,1.556640625,1.556640625,14.0
2015-08-11T13:36:00.000000Z,1.556640625,1.556640625,12.0
2015-08-11T13:36:10.000000Z,1.556640625,1.556640625,10.0
2015-08-11T13:36:20.000000Z,1.556640625,1.556640625,21.0
2015-08-11T13:36:30.000000Z,1.556640625,1.556640625,20.0
2015-08-11T13:36:40.000000Z,1.556640625,1.556640625,8.0
2015-08-11T13:36:50.000000Z,1.556640625,1.556640625,4.0
2015-08-11T13:37:00.000000Z,1.5576171875,1.556640625,8.0
2015-08-11T13:37:10.000000Z,1.556640625,1.556640625,4.0
2015-08-11T13:37:20.000000Z,1.5576171875,1.556640625,9.0
2015-08-11T13:37:30.000000Z,1.5576171875,1.5576171875,6.0
2015-08-11T13:37:40.000000Z,1.5576171875,1.556640625,17.0
2015-08-11T13:37:50.000000Z,1.5576171875,1.5576171875,10.0
2015-08-11T13:38:00.000000Z,1.5576171875,1.5576171875,16.0
2015-08-11T13:38:10.000000Z,1.5576171875,1.5576171875,14.0
2015-08-11T13:38:20.000000Z,1.5576171875,1.5576171875,8.0
2015-08-11T13:38:30.000000Z,1.5576171875,1.5576171875,12.0
2015-08-11T13:38:40.000000Z,1.5576171875,1.5576171875,15.0
2015-08-11T13:38:50.000000Z,1.5576171875,1.5576171875,13.0
2015-08-11T13:39:00.000000Z,1.55859375,1.5576171875,25.0
2015-08-11T13:39:10.000000Z,1.55859375,1.5576171875,20.0
2015-08-11T13:39:20.000000Z,1.55859375,1.5576171875,5.0
2015-08-11T13:39:30.000000Z,1.55859375,1.5576171875,16.0
2015-08-11T13:39:40.000000Z,1.55859375,1.5576171875,8.0
2015-08-11T13:39:50.000000Z,1.55859375,1.5576171875,8.0
2015-08-11T13:40:00.000000Z,1.55859375,1.5576171875,13.0
2015-08-11T13:40:10.000000Z,1.55859375,1.55859375,25.0
2015-08-11T13:40:20.000000Z,1.55859375,1.55859375,9.0
2015-08-11T13:40:30.000000Z,1.55859375,1.55859375,7.0
2015-08-11T13:40:40.000000Z,1.55859375,1.55859375,17.0
2015-08-11T13:40:50.000000Z,1.55859375,1.55859375,15.0
2015-08-11T13:41:00.000000Z,1.55859375,1.55859375,26.0
2015-08-11T13:41:10.000000Z,1.55859375,1.55859375,23.0
2015-08-11T13:41:20.000000Z,1.55859375,1.55859375,13.0
2015-08-11T13:41:30.000000Z,1.55859375,1.55859375,18.0
2015-08-11T13:41:40.000000Z,1.55859375,1.55859375,8.0
2015-08-11T13:41:50.000000Z,1.55859375,1.55859375,8.0
2015-08-11T13:42:00.000000Z,1.55859375,1.55859375,9.0
2015-08-11T13:42:10.000000Z,1.55859375,1.55859375,13.0
2015-08-11T13:42:20.000000Z,1.55859375,1.55859375,6.0
2015-08-11T13:42:30.000000Z,1.55859375,1.55859375,7.0
2015-08-11T13:42:40.000000Z,1.55859375,1.55859375,11.0
2015-08-11T13:42:50.000000Z,1.55859375,1.55859375,3.0
2015-08-11T13:43:00.000000Z,1.55859375,1.55859375,10.0
2015-08-11T13:43:10.000000Z,1.55859375,1.55859375,13.0
2015-08-11T13:43:20.000000Z,1.55859375,1.55859375,13.0
2015-08-11T13:43:30.000000Z,1.55859375,1.5576171875,13.0
2015-08-11T13:43:40.000000Z,1.55859375,1.5576171875,7.0
2015-08-11T13:43:50.000000Z,1.55859375,1.55859375,2.0
2015-08-11T13:44:00.000000Z,1.55859375,1.55859375,16.0
2015-08-11T13:44:10.000000Z,1.55859375,1.55859375,10.0
2015-08-11T13:44:20.000000Z,1.55859375,1.55859375,29.0
2015-08-11T13:44:30.000000Z,1.55859375,1.55859375,16.0
2015-08-11T13:44:40.000000Z,1.55859375,1.55859375,13.0
2015-08-11T13:44:50.000000Z,1.55859375,1.5576171875,7.0
2015-08-11T13:45:00.000000Z,1.55859375,1.5576171875,4.0
2015-08-11T13:45:10.000000Z,1.55859375,1.55859375,5.0
2015-08-11T13:45:20.000000Z,1.55859375,1.55859375,3.0
2015-08-11T13:45:30.000000Z,1.55859375,1.55859375,5.0
2015-08-11T13:45:40.000000Z,1.55859375,1.5576171875,10.0
2015-08-11T13:45:50.000000Z,1.55859375,1.5576171875,10.0
2015-08-11T13:46:00.000000Z,1.5576171875,1.5576171875,15.0
2015-08-11T13:46:10.000000Z,1.5576171875,1.5576171875,18.0
2015-08-11T13:46:20.000000Z,1.5576171875,1.5576171875,13.0
2015-08-11T13:46:30.000000Z,1.5576171875,1.5576171875,4.0
2015-08-11T13:46:40.000000Z,1.5576171875,1.5576171875,7.0
2015-08-11T13:46:50.000000Z,1.55859375,1.5576171875,10.0
2015-08-11T13:47:00.000000Z,1.55859375,1.5576171875,7.0
2015-08-11T13:47:10.000000Z,1.5576171875,1.5576171875,3.0
2015-08-11T13:47:20.000000Z,1.55859375,1.5576171875,5.0
2015-08-11T13:47:30.000000Z,1.5576171875,1.5576171875,23.0
2015-08-11T13:47:40.000000Z,1.5576171875,1.5576171875,12.0
2015-08-11T13:47:50.000000Z,1.55859375,1.5576171875,6.0
2015-08-11T13:48:00.000000Z,1.55859375,1.55859375,11.0
2015-08-11T13:48:10.000000Z,1.55859375,1.55859375,10.0
2015-08-11T13:48:20.000000Z,1.55859375,1.55859375,6.0
2015-08-11T13:48:30.000000Z,1.55859375,1.55859375,4.0
2015-08-11T13:48:40.000000Z,1.55859375,1.55859375,5.0
2015-08-11T13:48:50.000000Z,1.55859375,1.55859375,6.0
2015-08-11T13:49:00.000000Z,1.55859375,1.55859375,15.0
2015-08-11T13:49:10.000000Z,1.55859375,1.55859375,17.0
2015-08-11T13:49:20.000000Z,1.55859375,1.55859375,12.0
2015-08-11T13:49:30.000000Z,1.55859375,1.5576171875,10.0
2015-08-11T13:49:40.000000Z,1.55859375,1.5576171875,10.0
2015-08-11T13:49:50.000000Z,1.5576171875,1.5576171875,10.0
2015-08-11T13:50:00.000000Z,1.5576171875,1.5576171875,28.0
2015-08-11T13:50:10.000000Z,1.5576171875,1.5576171875,10.0
2015-08-11T13:50:20.000000Z,1.55859375,1.5576171875,12.0
2015-08-11T13:50:30.000000Z,1.55859375,1.5576171875,5.0
2015-08-11T13:50:40.000000Z,1.55859375,1.55859375,13.0
2015-08-11T13:50:50.000000Z,1.55859375,1.55859375,7.0
2015-08-11T13:51:00.000000Z,1.55859375,1.55859375,5.0
2015-08-11T13:51:10.000000Z,1.55859375,1.55859375,10.0
2015-08-11T13:51:20.000000Z,1.55859375,1.55859375,12.0
2015-08-11T13:51:30.000000Z,1.55859375,1.55859375,10.0
2015-08-11T13:51:40.000000Z,1.55859375,1.55859375,14.0
2015-08-11T13:51:50.000000Z,1.55859375,1.55859375,10.0
2015-08-11T13:52:00.000000Z,1.55859375,1.55859375,12.0
2015-08-11T13:52:10.000000Z,1.55859375,1.55859375,7.0
2015-08-11T13:52:20.000000Z,1.55859375,1.55859375,5.0
2015-08-11T13:52:30.000000Z,1.55859375,1.55859375,3.0
2015-08-11T13:52:40.000000Z,1.5595703125,1.55859375,5.0
2015-08-11T13:52:50.000000Z,1.55859375,1.55859375,7.0
2015-08-11T13:53:00.000000Z,1.5595703125,1.55859375,6.0
2015-08-11T13:53:10.000000Z,1.5595703125,1.55859375,8.0
2015-08-11T13:53:20.000000Z,1.55859375,1.55859375,10.0
2015-08-11T13:53:30.000000Z,1.55859375,1.55859375,6.0
2015-08-11T13:53:40.000000Z,1.55859375,1.55859375,5.0
2015-08-11T13:53:50.000000Z,1.55859375,1.55859375,4.0
2015-08-11T13:54:00.000000Z,1.55859375,1.55859375,17.0
2015-08-11T13:54:10.000000Z,1.55859375,1.55859375,7.0
2015-08-11T13:54:20.000000Z,1.55859375,1.55859375,7.0
2015-08-11T13:54:30.000000Z,1.55859375,1.55859375,7.0
2015-08-11T13:54:40.000000Z,1.55859375,1.5576171875,8.0
2015-08-11T13:54:50.000000Z,1.55859375,1.5576171875,6.0
2015-08-11T13:55:00.000000Z,1.55859375,1.55859375,9.0
2015-08-11T13:55:10.000000Z,1.55859375,1.55859375,6.0
2015-08-11T13:55:20.000000Z,1.55859375,1.55859375,11.0
2015-08-11T13:55:30.000000Z,1.55859375,1.55859375,9.0
2015-08-11T13:55:40.000000Z,1.55859375,1.55859375,11.0
2015-08-11T13:55:50.000000Z,1.55859375,1.55859375,1.0
2015-08-11T13:56:00.000000Z,1.55859375,1.55859375,3.0
2015-08-11T13:56:10.000000Z,1.55859375,1.55859375,6.0
2015-08-11T13:56:20.000000Z,1.55859375,1.55859375,1.0
2015-08-11T13:56:30.000000Z,1.55859375,1.55859375,7.0
2015-08-11T13:56:40.000000Z,1.55859375,1.55859375,4.0
2015-08-11T13:56:50.000000Z,1.55859375,1.55859375,5.0
2015-08-11T13:57:00.000000Z,1.55859375,1.55859375,4.0
2015-08-11T13:57:10.000000Z,1.55859375,1.55859375,5.0
2015-08-11T13:57:20.000000Z,1.55859375,1.55859375,4.0
2015-08-11T13:57:30.000000Z,1.55859375,1.55859375,20.0
2015-08-11T13:57:40.000000Z,1.55859375,1.55859375,1.0
2015-08-11T13:57:50.000000Z,1.55859375,1.55859375,5.0
2015-08-11T13:58:00.000000Z,1.55859375,1.55859375,6.0
2015-08-11T13:58:10.000000Z,1.55859375,1.55859375,2.0
2015-08-11T13:58:20.000000Z,1.55859375,1.55859375,2.0
2015-08-11T13:58:40.000000Z,1.55859375,1.55859375,6.0
2015-08-11T13:58:50.000000Z,1.55859375,1.55859375,1.0
2015-08-11T13:59:00.000000Z,1.55859375,1.55859375,4.0
2015-08-11T13:59:30.000000Z,1.55859375,1.55859375,9.0
2015-08-11T13:59:40.000000Z,1.55859375,1.55859375,4.0
2015-08-11T13:59:50.000000Z,1.55859375,1.55859375,13.0
2015-08-11T14:00:00.000000Z,1.55859375,1.55859375,8.0
2015-08-11T14:00:10.000000Z,1.55859375,1.55859375,12.0
2015-08-11T14:00:20.000000Z,1.55859375,1.55859375,1.0
2015-08-11T14:00:30.000000Z,1.55859375,1.55859375,6.0
2015-08-11T14:00:40.000000Z,1.55859375,1.55859375,4.0
2015-08-11T14:00:50.000000Z,1.55859375,1.55859375,16.0
2015-08-11T14:01:00.000000Z,1.55859375,1.55859375,11.0
2015-08-11T14:01:10.000000Z,1.55859375,1.55859375,9.0
2015-08-11T14:01:20.000000Z,1.55859375,1.55859375,4.0
2015-08-11T14:01:30.000000Z,1.55859375,1.55859375,4.0
2015-08-11T14:01:40.000000Z,1.55859375,1.55859375,1.0
2015-08-11T14:01:50.000000Z,1.55859375,1.55859375,8.0
2015-08-11T14:02:00.000000Z,1.55859375,1.55859375,12.0
2015-08-11T14:02:10.000000Z,1.55859375,1.55859375,16.0
2015-08-11T14:02:20.000000Z,1.55859375,1.55859375,6.0
2015-08-11T14:02:30.000000Z,1.55859375,1.55859375,6.0
2015-08-11T14:02:40.000000Z,1.55859375,1.55859375,5.0
2015-08-11T14:03:00.000000Z,1.55859375,1.55859375,10.0
2015-08-11T14:03:10.000000Z,1.55859375,1.55859375,9.0
2015-08-11T14:03:20.000000Z,1.55859375,1.55859375,9.0
2015-08-11T14:03:30.000000Z,1.55859375,1.55859375,9.0
2015-08-11T14:03:40.000000Z,1.55859375,1.55859375,11.0
2015-08-11T14:03:50.000000Z,1.55859375,1.55859375,13.0
2015-08-11T14:04:00.000000Z,1.55859375,1.55859375,11.0
2015-08-11T14:04:10.000000Z,1.5595703125,1.55859375,22.0
2015-08-11T14:04:20.000000Z,1.5595703125,1.55859375,17.0
2015-08-11T14:04:30.000000Z,1.5595703125,1.55859375,5.0
2015-08-11T14:04:40.000000Z,1.5595703125,1.55859375,6.0
2015-08-11T14:04:50.000000Z,1.5595703125,1.55859375,6.0
2015-08-11T14:05:00.000000Z,1.5595703125,1.5595703125,15.0
2015-08-11T14:05:10.000000Z,1.5595703125,1.5595703125,5.0
2015-08-11T14:05:20.000000Z,1.5595703125,1.55859375,21.0
2015-08-11T14:05:30.000000Z,1.55859375,1.55859375,3.0
2015-08-11T14:05:40.000000Z,1.55859375,1.55859375,10.0
2015-08-11T14:05:50.000000Z,1.55859375,1.55859375,6.0
2015-08-11T14:06:00.000000Z,1.55859375,1.55859375,3.0
2015-08-11T14:06:10.000000Z,1.55859375,1.55859375,7.0
2015-08-11T14:06:20.000000Z,1.55859375,1.55859375,10.0
2015-08-11T14:06:30.000000Z,1.5595703125,1.55859375,9.0
2015-08-11T14:06:40.000000Z,1.5595703125,1.55859375,5.0
2015-08-11T14:06:50.000000Z,1.5595703125,1.55859375,3.0
2015-08-11T14:07:00.000000Z,1.5595703125,1.5595703125,4.0
2015-08-11T14:07:10.000000Z,1.5595703125,1.55859375,6.0
2015-08-11T14:07:20.000000Z,1.5595703125,1.55859375,2.0
2015-08-11T14:07:30.000000Z,1.5595703125,1.55859375,3.0
2015-08-11T14:07:40.000000Z,1.55859375,1.55859375,3.0
2015-08-11T14:07:50.000000Z,1.55859375,1.55859375,2.0
2015-08-11T14:08:00.000000Z,1.55859375,1.55859375,7.0
2015-08-11T14:08:10.000000Z,1.55859375,1.55859375,11.0
2015-08-11T14:08:20.000000Z,1.55859375,1.55859375,18.0
2015-08-11T14:08:40.000000Z,1.55859375,1.55859375,8.0
2015-08-11T14:08:50.000000Z,1.55859375,1.55859375,4.0
2015-08-11T14:09:00.000000Z,1.55859375,1.55859375,1.0
2015-08-11T14:09:10.000000Z,1.55859375,1.55859375,3.0
2015-08-11T14:09:20.000000Z,1.55859375,1.55859375,1.0
2015-08-11T14:09:30.000000Z,1.55859375,1.55859375,3.0
2015-08-11T14:09:40.000000Z,1.55859375,1.55859375,1.0
2015-08-11T14:10:00.000000Z,1.55859375,1.55859375,4.0
2015-08-11T14:10:10.000000Z,1.55859375,1.55859375,12.0
2015-08-11T14:10:20.000000Z,1.55859375,1.55859375,7.0
2015-08-11T14:10:30.000000Z,1.55859375,1.55859375,6.0
2015-08-11T14:10:40.000000Z,1.55859375,1.55859375,3.0
2015-08-11T14:10:50.000000Z,1.55859375,1.55859375,5.0
2015-08-11T14:11:00.000000Z,1.55859375,1.5576171875,25.0
2015-08-11T14:11:10.000000Z,1.5576171875,1.5576171875,10.0
2015-08-11T14:11:20.000000Z,1.5576171875,1.5576171875,10.0
2015-08-11T14:11:30.000000Z,1.5576171875,1.5576171875,13.0
2015-08-11T14:11:40.000000Z,1.5576171875,1.5576171875,13.0
2015-08-11T14:11:50.000000Z,1.5576171875,1.5576171875,7.0
2015-08-11T14:12:00.000000Z,1.5576171875,1.5576171875,3.0
2015-08-11T14:12:10.000000Z,1.5576171875,1.5576171875,2.0
2015-08-11T14:12:20.000000Z,1.5576171875,1.5576171875,4.0
2015-08-11T14:12:30.000000Z,1.5576171875,1.5576171875,19.0
2015-08-11T14:12:40.000000Z,1.5576171875,1.5576171875,10.0
2015-08-11T14:13:00.000000Z,1.5576171875,1.5576171875,10.0
2015-08-11T14:13:10.000000Z,1.5576171875,1.5576171875,8.0
2015-08-11T14:13:20.000000Z,1.5576171875,1.5576171875,4.0
2015-08-11T14:13:30.000000Z,1.5576171875,1.5576171875,5.0
2015-08-11T14:13:40.000000Z,1.5576171875,1.5576171875,6.0
2015-08-11T14:13:50.000000Z,1.5576171875,1.5576171875,13.0
2015-08-11T14:14:10.000000Z,1.5576171875,1.5576171875,5.0
2015-08-11T14:14:20.000000Z,1.5576171875,1.5576171875,9.0
2015-08-11T14:14:30.000000Z,1.5576171875,1.5576171875,6.0
2015-08-11T14:14:40.000000Z,1.5576171875,1.5576171875,1.0
2015-08-11T14:14:50.000000Z,1.5576171875,1.5576171875,8.0
2015-08-11T14:15:00.000000Z,1.5576171875,1.5576171875,7.0
2015-08-11T14:15:10.000000Z,1.5576171875,1.5576171875,7.0
2015-08-11T14:15:20.000000Z,1.55859375,1.5576171875,20.0
2015-08-11T14:15:30.000000Z,1.55859375,1.5576171875,6.0
2015-08-11T14:15:40.000000Z,1.55859375,1.5576171875,7.0
2015-08-11T14:15:50.000000Z,1.55859375,1.55859375,2.0
2015-08-11T14:16:00.000000Z,1.55859375,1.55859375,14.0
2015-08-11T14:16:10.000000Z,1.55859375,1.55859375,14.0
2015-08-11T14:16:20.000000Z,1.55859375,1.55859375,15.0
2015-08-11T14:16:30.000000Z,1.55859375,1.55859375,1.0
2015-08-11T14:16:40.000000Z,1.55859375,1.55859375,12.0
2015-08-11T14:16:50.000000Z,1.55859375,1.55859375,5.0
2015-08-11T14:17:00.000000Z,1.55859375,1.5576171875,10.0
2015-08-11T14:17:10.000000Z,1.55859375,1.5576171875,1.0
2015-08-11T14:17:20.000000Z,1.5576171875,1.5576171875,4.0
2015-08-11T14:17:30.000000Z,1.55859375,1.5576171875,9.0
2015-08-11T14:17:40.000000Z,1.55859375,1.5576171875,11.0
2015-08-11T14:17:50.000000Z,1.55859375,1.55859375,5.0
2015-08-11T14:18:00.000000Z,1.55859375,1.55859375,18.0
2015-08-11T14:18:10.000000Z,1.55859375,1.55859375,13.0
2015-08-11T14:18:20.000000Z,1.55859375,1.55859375,14.0
2015-08-11T14:18:30.000000Z,1.55859375,1.55859375,7.0
2015-08-11T14:18:40.000000Z,1.55859375,1.55859375,4.0
2015-08-11T14:18:50.000000Z,1.55859375,1.55859375,4.0
2015-08-11T14:19:00.000000Z,1.55859375,1.55859375,11.0
2015-08-11T14:19:10.000000Z,1.55859375,1.55859375,5.0
2015-08-11T14:19:20.000000Z,1.55859375,1.5576171875,11.0
2015-08-11T14:19:30.000000Z,1.55859375,1.55859375,9.0
2015-08-11T14:19:40.000000Z,1.55859375,1.5576171875,13.0
2015-08-11T14:19:50.000000Z,1.5576171875,1.5576171875,11.0
2015-08-11T14:20:00.000000Z,1.5576171875,1.5576171875,7.0
2015-08-11T14:20:10.000000Z,1.5576171875,1.5576171875,8.0
2015-08-11T14:20:20.000000Z,1.5576171875,1.5576171875,4.0
2015-08-11T14:20:30.000000Z,1.5576171875,1.5576171875,19.0
2015-08-11T14:20:40.000000Z,1.5576171875,1.5576171875,16.0
2015-08-11T14:20:50.000000Z,1.5576171875,1.5576171875,10.0
2015-08-11T14:21:00.000000Z,1.5576171875,1.5576171875,23.0
2015-08-11T14:21:10.000000Z,1.5576171875,1.5576171875,13.0
2015-08-11T14:21:20.000000Z,1.5576171875,1.5576171875,14.0
2015-08-11T14:21:30.000000Z,1.5576171875,1.556640625,25.0
2015-08-11T14:21:40.000000Z,1.5576171875,1.556640625,28.0
2015-08-11T14:21:50.000000Z,1.5576171875,1.5576171875,19.0
2015-08-11T14:22:00.000000Z,1.5576171875,1.5576171875,14.0
2015-08-11T14:22:10.000000Z,1.5576171875,1.5576171875,21.0
2015-08-11T14:22:20.000000Z,1.5576171875,1.556640625,15.0
2015-08-11T14:22:30.000000Z,1.556640625,1.556640625,16.0
2015-08-11T14:22:40.000000Z,1.556640625,1.556640625,13.0
2015-08-11T14:22:50.000000Z,1.5576171875,1.556640625,21.0
2015-08-11T14:23:00.000000Z,1.556640625,1.556640625,22.0
2015-08-11T14:23:10.000000Z,1.556640625,1.556640625,15.0
2015-08-11T14:23:20.000000Z,1.5576171875,1.556640625,12.0
2015-08-11T14:23:30.000000Z,1.556640625,1.556640625,14.0
2015-08-11T14:23:40.000000Z,1.5576171875,1.556640625,2.0
2015-08-11T14:23:50.000000Z,1.556640625,1.556640625,21.0
2015-08-11T14:24:00.000000Z,1.5576171875,1.556640625,26.0
2015-08-11T14:24:10.000000Z,1.5576171875,1.556640625,14.0
2015-08-11T14:24:20.000000Z,1.556640625,1.556640625,26.0
2015-08-11T14:24:30.000000Z,1.5576171875,1.556640625,14.0
2015-08-11T14:24:40.000000Z,1.5576171875,1.556640625,11.0
2015-08-11T14:24:50.000000Z,1.5576171875,1.5576171875,4.0
2015-08-11T14:25:00.000000Z,1.5576171875,1.5576171875,15.0
2015-08-11T14:25:10.000000Z,1.5576171875,1.5576171875,7.0
2015-08-11T14:25:20.000000Z,1.5576171875,1.556640625,21.0
2015-08-11T14:25:30.000000Z,1.5576171875,1.556640625,8.0
2015-08-11T14:25:40.000000Z,1.5576171875,1.5576171875,9.0
2015-08-11T14:25:50.000000Z,1.5576171875,1.556640625,11.0
2015-08-11T14:26:00.000000Z,1.556640625,1.556640625,19.0
2015-08-11T14:26:10.000000Z,1.5576171875,1.556640625,4.0
2015-08-11T14:26:20.000000Z,1.5576171875,1.5576171875,12.0
2015-08-11T14:26:30.000000Z,1.5576171875,1.5576171875,7.0
2015-08-11T14:26:40.000000Z,1.5576171875,1.5576171875,1.0
2015-08-11T14:26:50.000000Z,1.5576171875,1.5576171875,4.0
2015-08-11T14:27:00.000000Z,1.5576171875,1.5576171875,1.0
2015-08-11T14:27:20.000000Z,1.5576171875,1.5576171875,4.0
2015-08-11T14:27:30.000000Z,1.5576171875,1.5576171875,6.0
2015-08-11T14:27:40.000000Z,1.5576171875,1.5576171875,14.0
2015-08-11T14:27:50.000000Z,1.5576171875,1.5576171875,3.0
2015-08-11T14:28:00.000000Z,1.5576171875,1.5576171875,13.0
2015-08-11T14:28:10.000000Z,1.5576171875,1.556640625,9.0
2015-08-11T14:28:20.000000Z,1.5576171875,1.556640625,5.0
2015-08-11T14:28:30.000000Z,1.5576171875,1.5576171875,5.0
2015-08-11T14:28:40.000000Z,1.5576171875,1.5576171875,2.0
2015-08-11T14:28:50.000000Z,1.5576171875,1.5576171875,4.0
2015-08-11T14:29:00.000000Z,1.5576171875,1.556640625,11.0
2015-08-11T14:29:10.000000Z,1.5576171875,1.556640625,7.0
2015-08-11T14:29:20.000000Z,1.5576171875,1.556640625,4.0
2015-08-11T14:29:30.000000Z,1.5576171875,1.5576171875,8.0
2015-08-11T14:29:40.000000Z,1.5576171875,1.556640625,11.0
2015-08-11T14:29:50.000000Z,1.5576171875,1.5576171875,18.0
2015-08-11T14:30:00.000000Z,1.5576171875,1.5576171875,11.0
2015-08-11T14:30:10.000000Z,1.5576171875,1.5576171875,8.0
2015-08-11T14:30:20.000000Z,1.5576171875,1.5576171875,10.0
2015-08-11T14:30:30.000000Z,1.5576171875,1.5576171875,7.0
2015-08-11T14:30:40.000000Z,1.5576171875,1.5576171875,2.0
2015-08-11T14:31:00.000000Z,1.5576171875,1.5576171875,2.0
2015-08-11T14:31:10.000000Z,1.5576171875,1.5576171875,4.0
2015-08-11T14:31:30.000000Z,1.5576171875,1.5576171875,11.0
2015-08-11T14:31:40.000000Z,1.5576171875,1.5576171875,4.0
2015-08-11T14:31:50.000000Z,1.5576171875,1.5576171875,9.0
2015-08-11T14:32:00.000000Z,1.5576171875,1.5576171875,7.0
2015-08-11T14:32:10.000000Z,1.5576171875,1.5576171875,5.0
2015-08-11T14:32:20.000000Z,1.5576171875,1.5576171875,9.0
2015-08-11T14:32:30.000000Z,1.5576171875,1.5576171875,8.0
2015-08-11T14:32:40.000000Z,1.5576171875,1.5576171875,1.0
2015-08-11T14:32:50.000000Z,1.5576171875,1.5576171875,2.0
2015-08-11T14:33:00.000000Z,1.5576171875,1.5576171875,12.0
2015-08-11T14:33:10.000000Z,1.5576171875,1.5576171875,7.0
2015-08-11T14:33:30.000000Z,1.5576171875,1.5576171875,2.0
