time,closeAsk,closeBid
2015-07-28T12:29:20.000000Z,309.856,309.647
2015-07-28T12:29:30.000000Z,309.854,309.648
2015-07-28T12:29:50.000000Z,309.863,309.647
2015-07-28T12:30:00.000000Z,309.862,309.644
2015-07-28T12:30:10.000000Z,309.862,309.643
2015-07-28T12:30:20.000000Z,309.862,309.635
2015-07-28T12:30:30.000000Z,309.865,309.632
2015-07-28T12:30:40.000000Z,309.859,309.608
2015-07-28T12:30:50.000000Z,309.899,309.683
2015-07-28T12:31:00.000000Z,309.871,309.637
2015-07-28T12:31:10.000000Z,309.874,309.64
2015-07-28T12:31:20.000000Z,309.869,309.63
2015-07-28T12:31:30.000000Z,309.867,309.627
2015-07-28T12:31:40.000000Z,309.843,309.613
2015-07-28T12:31:50.000000Z,309.847,309.612
2015-07-28T12:32:00.000000Z,309.851,309.612
2015-07-28T12:32:10.000000Z,309.856,309.612
2015-07-28T12:32:20.000000Z,309.854,309.613
2015-07-28T12:32:40.000000Z,309.854,309.612
2015-07-28T12:32:50.000000Z,309.857,309.613
2015-07-28T12:33:00.000000Z,309.857,309.612
2015-07-28T12:33:10.000000Z,309.864,309.612
2015-07-28T12:33:20.000000Z,309.864,309.612
2015-07-28T12:33:30.000000Z,309.85,309.634
2015-07-28T12:33:40.000000Z,309.85,309.619
2015-07-28T12:33:50.000000Z,309.944,309.717
2015-07-28T12:34:00.000000Z,309.956,309.732
2015-07-28T12:34:10.000000Z,309.96,309.731
2015-07-28T12:34:20.000000Z,310.084,309.791
2015-07-28T12:34:30.000000Z,310.081,309.79
2015-07-28T12:34:40.000000Z,310.03,309.797
2015-07-28T12:34:50.000000Z,310.038,309.79
2015-07-28T12:35:10.000000Z,310.034,309.795
2015-07-28T12:35:30.000000Z,310.042,309.791
2015-07-28T12:35:50.000000Z,310.042,309.793
2015-07-28T12:36:00.000000Z,310.042,309.791
2015-07-28T12:36:10.000000Z,310.04,309.802
2015-07-28T12:36:20.000000Z,310.039,309.799
2015-07-28T12:36:30.000000Z,310.043,309.799
2015-07-28T12:36:40.000000Z,310.043,309.801
2015-07-28T12:36:50.000000Z,310.038,309.801
2015-07-28T12:37:20.000000Z,310.034,309.803
2015-07-28T12:37:30.000000Z,310.032,309.8
2015-07-28T12:37:40.000000Z,310.032,309.802
2015-07-28T12:37:50.000000Z,310.042,309.798
2015-07-28T12:38:00.000000Z,310.034,309.803
2015-07-28T12:38:20.000000Z,310.038,309.827
2015-07-28T12:38:30.000000Z,310.044,309.828
2015-07-28T12:38:40.000000Z,310.04,309.827
2015-07-28T12:38:50.000000Z,310.035,309.826
2015-07-28T12:39:00.000000Z,310.033,309.827
2015-07-28T12:39:10.000000Z,310.039,309.832
2015-07-28T12:39:20.000000Z,310.042,309.833
2015-07-28T12:39:30.000000Z,310.047,309.833
2015-07-28T12:39:40.000000Z,310.04,309.833
2015-07-28T12:39:50.000000Z,310.039,309.833
2015-07-28T12:40:10.000000Z,310.04,309.832
2015-07-28T12:40:30.000000Z,310.037,309.832
2015-07-28T12:40:40.000000Z,310.043,309.832
2015-07-28T12:40:50.000000Z,310.046,309.832
2015-07-28T12:41:00.000000Z,310.041,309.832
2015-07-28T12:41:20.000000Z,310.039,309.832
2015-07-28T12:41:30.000000Z,310.043,309.826
2015-07-28T12:41:40.000000Z,310.032,309.696
2015-07-28T12:41:50.000000Z,309.997,309.728
2015-07-28T12:42:00.000000Z,310.008,309.807
2015-07-28T12:42:20.000000Z,310.018,309.807
2015-07-28T12:43:00.000000Z,310.02,309.808
2015-07-28T12:43:40.000000Z,310.027,309.808
2015-07-28T12:43:50.000000Z,310.027,309.808
2015-07-28T12:44:00.000000Z,310.025,309.808
2015-07-28T12:44:10.000000Z,310.023,309.808
2015-07-28T12:44:30.000000Z,310.021,309.807
2015-07-28T12:44:40.000000Z,310.021,309.812
2015-07-28T12:45:00.000000Z,310.044,309.816
2015-07-28T12:45:20.000000Z,310.046,309.808
2015-07-28T12:45:30.000000Z,310.051,309.815
2015-07-28T12:45:50.000000Z,310.054,309.816
2015-07-28T12:46:20.000000Z,310.05,309.815
2015-07-28T12:46:50.000000Z,310.05,309.816
2015-07-28T12:47:00.000000Z,310.052,309.815
2015-07-28T12:47:20.000000Z,310.05,309.816
2015-07-28T12:47:30.000000Z,310.05,309.816
2015-07-28T12:47:50.000000Z,310.05,309.817
2015-07-28T12:48:00.000000Z,310.052,309.815
2015-07-28T12:48:10.000000Z,310.053,309.818
2015-07-28T12:48:30.000000Z,310.055,309.828
2015-07-28T12:48:40.000000Z,310.1,309.852
2015-07-28T12:48:50.000000Z,310.101,309.855
2015-07-28T12:49:00.000000Z,310.096,309.854
2015-07-28T12:49:10.000000Z,310.101,309.854
2015-07-28T12:49:20.000000Z,310.103,309.853
2015-07-28T12:49:30.000000Z,310.108,309.856
2015-07-28T12:49:40.000000Z,310.114,309.853
2015-07-28T12:50:00.000000Z,310.116,309.853
2015-07-28T12:50:10.000000Z,310.119,309.853
2015-07-28T12:50:20.000000Z,310.102,309.863
2015-07-28T12:50:30.000000Z,310.102,309.863
2015-07-28T12:50:40.000000Z,310.103,309.853
2015-07-28T12:50:50.000000Z,310.102,309.852
2015-07-28T12:51:00.000000Z,310.098,309.851
2015-07-28T12:51:10.000000Z,310.102,309.857
2015-07-28T12:51:20.000000Z,310.105,309.852
2015-07-28T12:51:40.000000Z,310.099,309.863
2015-07-28T12:51:50.000000Z,310.096,309.865
2015-07-28T12:52:00.000000Z,310.096,309.867
2015-07-28T12:52:10.000000Z,310.099,309.861
2015-07-28T12:52:20.000000Z,310.111,309.852
2015-07-28T12:52:30.000000Z,310.112,309.864
2015-07-28T12:52:40.000000Z,310.123,309.854
2015-07-28T12:52:50.000000Z,310.12,309.86
2015-07-28T12:53:00.000000Z,310.125,309.858
2015-07-28T12:53:10.000000Z,310.128,309.867
2015-07-28T12:53:20.000000Z,310.125,309.868
2015-07-28T12:53:50.000000Z,310.123,309.866
2015-07-28T12:54:00.000000Z,310.122,309.867
2015-07-28T12:54:10.000000Z,310.128,309.868
2015-07-28T12:54:50.000000Z,310.132,309.876
2015-07-28T12:55:00.000000Z,310.127,309.888
2015-07-28T12:55:10.000000Z,310.137,309.878
2015-07-28T12:55:20.000000Z,310.132,309.868
2015-07-28T12:55:30.000000Z,310.133,309.869
2015-07-28T12:55:40.000000Z,310.121,309.859
2015-07-28T12:55:50.000000Z,310.103,309.873
2015-07-28T12:56:00.000000Z,310.11,309.872
2015-07-28T12:56:10.000000Z,310.113,309.868
2015-07-28T12:56:20.000000Z,310.118,309.869
2015-07-28T12:56:30.000000Z,310.111,309.866
2015-07-28T12:56:40.000000Z,310.108,309.866
2015-07-28T12:56:50.000000Z,310.123,309.867
2015-07-28T12:57:10.000000Z,310.125,309.868
2015-07-28T12:57:20.000000Z,310.123,309.867
2015-07-28T12:57:30.000000Z,310.12,309.873
2015-07-28T12:57:40.000000Z,310.123,309.873
2015-07-28T12:57:50.000000Z,310.125,309.873
2015-07-28T12:58:00.000000Z,310.124,309.872
2015-07-28T12:58:10.000000Z,310.126,309.867
2015-07-28T12:58:20.000000Z,310.123,309.874
2015-07-28T12:58:30.000000Z,310.123,309.874
2015-07-28T12:58:50.000000Z,310.122,309.89
2015-07-28T12:59:00.000000Z,310.122,309.887
2015-07-28T12:59:10.000000Z,310.129,309.877
2015-07-28T12:59:20.000000Z,310.126,309.872
2015-07-28T12:59:30.000000Z,310.128,309.869
2015-07-28T12:59:40.000000Z,310.126,309.863
2015-07-28T12:59:50.000000Z,310.13,309.837
2015-07-28T13:00:00.000000Z,310.107,309.845
2015-07-28T13:00:10.000000Z,310.133,309.895
2015-07-28T13:00:20.000000Z,310.136,309.895
2015-07-28T13:00:30.000000Z,310.133,309.899
2015-07-28T13:00:50.000000Z,310.136,309.9
2015-07-28T13:01:00.000000Z,310.121,309.88
2015-07-28T13:01:10.000000Z,310.119,309.875
2015-07-28T13:01:30.000000Z,310.117,309.88
2015-07-28T13:01:40.000000Z,310.119,309.88
2015-07-28T13:01:50.000000Z,310.129,309.894
2015-07-28T13:02:00.000000Z,310.132,309.894
2015-07-28T13:02:10.000000Z,310.141,309.563
2015-07-28T13:02:20.000000Z,310.095,309.772
2015-07-28T13:02:30.000000Z,310.095,309.783
2015-07-28T13:02:40.000000Z,310.088,309.783
2015-07-28T13:02:50.000000Z,310.061,309.794
2015-07-28T13:03:00.000000Z,310.065,309.782
2015-07-28T13:03:10.000000Z,310.063,309.783
2015-07-28T13:03:20.000000Z,310.051,309.79
2015-07-28T13:03:30.000000Z,310.049,309.787
2015-07-28T13:03:40.000000Z,310.043,309.795
2015-07-28T13:03:50.000000Z,310.034,309.795
2015-07-28T13:04:20.000000Z,310.028,309.795
2015-07-28T13:04:30.000000Z,310.025,309.795
2015-07-28T13:04:50.000000Z,310.013,309.795
2015-07-28T13:05:10.000000Z,310.02,309.795
2015-07-28T13:05:20.000000Z,310.018,309.795
2015-07-28T13:05:40.000000Z,310.011,309.795
2015-07-28T13:05:50.000000Z,310.007,309.793
2015-07-28T13:06:00.000000Z,310.076,309.773
2015-07-28T13:06:10.000000Z,310.059,309.789
2015-07-28T13:06:20.000000Z,310.07,309.79
2015-07-28T13:06:30.000000Z,310.07,309.786
2015-07-28T13:07:00.000000Z,310.075,309.785
2015-07-28T13:07:10.000000Z,310.075,309.801
2015-07-28T13:07:20.000000Z,310.075,309.804
2015-07-28T13:07:30.000000Z,310.077,309.8
2015-07-28T13:07:50.000000Z,310.075,309.803
2015-07-28T13:08:00.000000Z,310.079,309.803
2015-07-28T13:08:10.000000Z,310.076,309.802
2015-07-28T13:08:30.000000Z,310.075,309.804
2015-07-28T13:08:50.000000Z,310.051,309.78
2015-07-28T13:09:00.000000Z,310.015,309.762
2015-07-28T13:09:10.000000Z,310.02,309.77
2015-07-28T13:09:50.000000Z,310.028,309.765
2015-07-28T13:10:00.000000Z,310.017,309.77
2015-07-28T13:10:20.000000Z,309.995,309.704
2015-07-28T13:10:30.000000Z,309.995,309.698
2015-07-28T13:10:40.000000Z,309.995,309.674
2015-07-28T13:10:50.000000Z,309.995,309.669
2015-07-28T13:11:00.000000Z,309.991,309.734
2015-07-28T13:11:10.000000Z,309.99,309.732
2015-07-28T13:11:30.000000Z,309.99,309.729
2015-07-28T13:11:40.000000Z,309.99,309.731
2015-07-28T13:11:50.000000Z,309.999,309.729
2015-07-28T13:12:00.000000Z,309.999,309.727
2015-07-28T13:12:30.000000Z,309.999,309.732
2015-07-28T13:12:50.000000Z,309.999,309.735
2015-07-28T13:13:00.000000Z,309.999,309.737
2015-07-28T13:13:10.000000Z,309.999,309.739
2015-07-28T13:13:20.000000Z,309.999,309.743
2015-07-28T13:13:50.000000Z,310.0,309.74
2015-07-28T13:14:20.000000Z,309.999,309.735
2015-07-28T13:15:10.000000Z,309.999,309.732
2015-07-28T13:15:40.000000Z,309.999,309.739
2015-07-28T13:15:50.000000Z,309.999,309.735
2015-07-28T13:16:00.000000Z,309.999,309.737
2015-07-28T13:16:10.000000Z,309.999,309.735
2015-07-28T13:16:20.000000Z,309.999,309.739
2015-07-28T13:16:30.000000Z,309.999,309.741
2015-07-28T13:16:40.000000Z,309.999,309.744
2015-07-28T13:16:50.000000Z,309.999,309.738
2015-07-28T13:17:00.000000Z,309.999,309.736
2015-07-28T13:17:10.000000Z,309.999,309.736
2015-07-28T13:17:20.000000Z,309.999,309.737
2015-07-28T13:17:40.000000Z,309.999,309.737
2015-07-28T13:17:50.000000Z,309.999,309.734
2015-07-28T13:18:00.000000Z,309.999,309.734
2015-07-28T13:18:10.000000Z,309.999,309.735
2015-07-28T13:18:20.000000Z,309.999,309.737
2015-07-28T13:18:30.000000Z,309.999,309.74
2015-07-28T13:18:40.000000Z,309.999,309.738
2015-07-28T13:18:50.000000Z,309.999,309.735
2015-07-28T13:19:00.000000Z,309.999,309.73
2015-07-28T13:19:10.000000Z,309.999,309.729
2015-07-28T13:19:20.000000Z,309.999,309.726
2015-07-28T13:19:30.000000Z,309.996,309.728
2015-07-28T13:20:00.000000Z,309.996,309.731
2015-07-28T13:20:10.000000Z,309.98,309.737
2015-07-28T13:20:30.000000Z,309.98,309.733
2015-07-28T13:20:40.000000Z,309.98,309.736
2015-07-28T13:20:50.000000Z,309.98,309.732
2015-07-28T13:21:00.000000Z,309.98,309.729
2015-07-28T13:21:30.000000Z,309.98,309.719
2015-07-28T13:22:10.000000Z,309.98,309.721
2015-07-28T13:23:10.000000Z,309.98,309.719
2015-07-28T13:23:30.000000Z,309.98,309.717
2015-07-28T13:23:40.000000Z,309.969,309.633
2015-07-28T13:23:50.000000Z,310.011,309.769
2015-07-28T13:24:00.000000Z,310.01,309.772
2015-07-28T13:24:10.000000Z,310.036,309.664
2015-07-28T13:24:20.000000Z,309.985,309.687
2015-07-28T13:24:40.000000Z,310.068,309.817
2015-07-28T13:24:50.000000Z,310.064,309.82
2015-07-28T13:25:00.000000Z,310.061,309.824
2015-07-28T13:25:10.000000Z,310.076,309.829
2015-07-28T13:25:20.000000Z,310.073,309.831
2015-07-28T13:25:30.000000Z,310.083,309.836
2015-07-28T13:25:50.000000Z,310.083,309.842
2015-07-28T13:26:00.000000Z,310.084,309.845
2015-07-28T13:26:30.000000Z,310.086,309.842
2015-07-28T13:26:40.000000Z,310.096,309.853
2015-07-28T13:27:30.000000Z,310.098,309.852
2015-07-28T13:27:40.000000Z,310.093,309.851
2015-07-28T13:27:50.000000Z,310.089,309.852
2015-07-28T13:28:30.000000Z,310.089,309.854
2015-07-28T13:29:10.000000Z,310.089,309.855
2015-07-28T13:29:40.000000Z,310.089,309.859
2015-07-28T13:30:20.000000Z,310.02,309.772
2015-07-28T13:30:30.000000Z,310.02,309.775
2015-07-28T13:31:00.000000Z,310.043,309.791
2015-07-28T13:31:10.000000Z,310.043,309.791
2015-07-28T13:31:40.000000Z,310.044,309.795
2015-07-28T13:31:50.000000Z,310.04,309.793
2015-07-28T13:32:10.000000Z,310.107,309.85
2015-07-28T13:32:20.000000Z,310.102,309.866
2015-07-28T13:32:30.000000Z,310.104,309.871
2015-07-28T13:32:40.000000Z,310.103,309.861
2015-07-28T13:32:50.000000Z,310.239,309.66
2015-07-28T13:33:00.000000Z,310.161,309.9
2015-07-28T13:33:10.000000Z,310.161,309.906
2015-07-28T13:33:20.000000Z,310.078,309.848
2015-07-28T13:33:30.000000Z,310.075,309.835
2015-07-28T13:34:00.000000Z,310.075,309.822
2015-07-28T13:34:20.000000Z,310.114,309.635
2015-07-28T13:34:50.000000Z,310.075,309.759
2015-07-28T13:35:00.000000Z,310.152,309.9
2015-07-28T13:35:10.000000Z,310.217,309.961
2015-07-28T13:35:20.000000Z,310.23,309.986
2015-07-28T13:35:30.000000Z,310.225,309.986
2015-07-28T13:35:40.000000Z,310.211,309.968
2015-07-28T13:36:00.000000Z,310.236,309.987
2015-07-28T13:36:10.000000Z,310.247,309.993
2015-07-28T13:36:20.000000Z,310.252,310.01
2015-07-28T13:36:30.000000Z,310.257,310.01
2015-07-28T13:36:40.000000Z,310.247,310.02
2015-07-28T13:36:50.000000Z,310.254,310.007
2015-07-28T13:37:00.000000Z,310.265,310.04
2015-07-28T13:37:10.000000Z,310.27,310.04
2015-07-28T13:37:20.000000Z,310.287,310.055
2015-07-28T13:37:30.000000Z,310.28,310.055
2015-07-28T13:38:00.000000Z,310.279,310.053
2015-07-28T13:38:10.000000Z,310.282,310.053
2015-07-28T13:38:30.000000Z,310.28,310.055
2015-07-28T13:38:40.000000Z,310.28,310.055
2015-07-28T13:38:50.000000Z,310.281,310.052
2015-07-28T13:39:00.000000Z,310.239,309.993
2015-07-28T13:39:10.000000Z,310.26,310.025
2015-07-28T13:39:20.000000Z,310.243,309.994
2015-07-28T13:39:30.000000Z,310.243,309.994
2015-07-28T13:39:40.000000Z,310.233,310.0
2015-07-28T13:39:50.000000Z,310.244,309.994
2015-07-28T13:40:00.000000Z,310.252,310.0
2015-07-28T13:40:20.000000Z,310.251,310.001
2015-07-28T13:40:30.000000Z,310.247,310.001
2015-07-28T13:40:40.000000Z,310.156,309.925
2015-07-28T13:40:50.000000Z,310.056,309.667
2015-07-28T13:41:00.000000Z,310.054,309.8
2015-07-28T13:41:10.000000Z,310.059,309.8
2015-07-28T13:41:20.000000Z,310.059,309.8
2015-07-28T13:41:30.000000Z,310.035,309.773
2015-07-28T13:41:40.000000Z,310.035,309.777
2015-07-28T13:41:50.000000Z,310.035,309.777
2015-07-28T13:42:00.000000Z,310.036,309.78
2015-07-28T13:42:20.000000Z,310.036,309.773
2015-07-28T13:43:00.000000Z,310.036,309.775
2015-07-28T13:44:00.000000Z,310.005,309.709
2015-07-28T13:44:10.000000Z,310.024,309.734
2015-07-28T13:44:20.000000Z,310.005,309.717
2015-07-28T13:44:30.000000Z,310.005,309.713
2015-07-28T13:44:40.000000Z,310.005,309.713
2015-07-28T13:44:50.000000Z,309.975,309.511
2015-07-28T13:45:00.000000Z,309.972,309.509
2015-07-28T13:45:10.000000Z,310.005,309.516
2015-07-28T13:45:20.000000Z,310.005,309.514
2015-07-28T13:45:30.000000Z,309.948,309.495
2015-07-28T13:45:40.000000Z,309.98,309.417
2015-07-28T13:45:50.000000Z,309.857,309.555
2015-07-28T13:46:00.000000Z,309.858,309.555
2015-07-28T13:46:10.000000Z,309.857,309.555
2015-07-28T13:46:20.000000Z,309.831,309.605
2015-07-28T13:46:30.000000Z,309.842,309.565
2015-07-28T13:46:40.000000Z,309.848,309.565
2015-07-28T13:47:00.000000Z,309.847,309.565
2015-07-28T13:47:10.000000Z,309.835,309.561
2015-07-28T13:47:20.000000Z,309.835,309.556
2015-07-28T13:47:40.000000Z,309.862,309.565
2015-07-28T13:47:50.000000Z,309.853,309.565
2015-07-28T13:48:00.000000Z,309.851,309.565
2015-07-28T13:48:10.000000Z,309.855,309.572
2015-07-28T13:48:40.000000Z,309.838,309.59
2015-07-28T13:48:50.000000Z,309.838,309.59
2015-07-28T13:49:00.000000Z,309.839,309.59
2015-07-28T13:49:10.000000Z,309.873,309.63
2015-07-28T13:49:20.000000Z,310.015,309.741
2015-07-28T13:49:30.000000Z,310.012,309.725
2015-07-28T13:49:40.000000Z,309.94,309.717
2015-07-28T13:49:50.000000Z,309.94,309.744
2015-07-28T13:50:00.000000Z,309.94,309.749
2015-07-28T13:50:10.000000Z,309.949,309.754
2015-07-28T13:50:20.000000Z,309.96,309.747
2015-07-28T13:50:30.000000Z,309.96,309.75
2015-07-28T13:51:10.000000Z,309.96,309.756
2015-07-28T13:51:30.000000Z,309.96,309.757
2015-07-28T13:51:40.000000Z,309.96,309.754
2015-07-28T13:52:00.000000Z,309.96,309.746
2015-07-28T13:52:10.000000Z,309.96,309.74
2015-07-28T13:52:20.000000Z,309.96,309.742
2015-07-28T13:52:40.000000Z,309.96,309.745
2015-07-28T13:53:30.000000Z,309.96,309.74
2015-07-28T13:53:40.000000Z,309.953,309.737
2015-07-28T13:53:50.000000Z,309.96,309.731
2015-07-28T13:54:00.000000Z,309.96,309.73
2015-07-28T13:54:10.000000Z,309.96,309.735
2015-07-28T13:54:20.000000Z,309.96,309.742
2015-07-28T13:54:30.000000Z,309.96,309.725
2015-07-28T13:54:40.000000Z,309.96,309.728
2015-07-28T13:54:50.000000Z,309.96,309.731
2015-07-28T13:55:00.000000Z,309.96,309.729
2015-07-28T13:55:20.000000Z,309.96,309.734
2015-07-28T13:55:30.000000Z,309.96,309.743
2015-07-28T13:55:50.000000Z,309.96,309.74
2015-07-28T13:56:00.000000Z,309.96,309.746
2015-07-28T13:57:30.000000Z,309.96,309.743
2015-07-28T13:58:20.000000Z,309.96,309.742
2015-07-28T13:58:30.000000Z,309.96,309.748
2015-07-28T13:58:40.000000Z,309.96,309.74
2015-07-28T13:58:50.000000Z,309.96,309.739
2015-07-28T13:59:00.000000Z,309.94,309.704
2015-07-28T13:59:10.000000Z,309.94,309.704
2015-07-28T13:59:20.000000Z,309.94,309.708
2015-07-28T13:59:30.000000Z,309.973,309.674
2015-07-28T13:59:40.000000Z,309.997,309.699
2015-07-28T13:59:50.000000Z,310.0,309.705
2015-07-28T14:00:00.000000Z,310.007,309.683
2015-07-28T14:00:10.000000Z,309.969,309.695
2015-07-28T14:00:20.000000Z,309.969,309.698
2015-07-28T14:00:30.000000Z,309.969,309.7
2015-07-28T14:00:40.000000Z,309.984,309.696
2015-07-28T14:00:50.000000Z,309.983,309.696
2015-07-28T14:01:00.000000Z,309.983,309.703
2015-07-28T14:01:10.000000Z,309.977,309.705
2015-07-28T14:01:20.000000Z,309.983,309.703
2015-07-28T14:01:30.000000Z,309.983,309.703
2015-07-28T14:01:40.000000Z,310.068,309.837
2015-07-28T14:01:50.000000Z,310.068,309.837
2015-07-28T14:02:00.000000Z,310.073,309.837
2015-07-28T14:02:10.000000Z,310.073,309.829
2015-07-28T14:02:20.000000Z,310.072,309.833
2015-07-28T14:02:30.000000Z,310.023,309.812
2015-07-28T14:02:40.000000Z,310.023,309.809
2015-07-28T14:02:50.000000Z,310.027,309.812
2015-07-28T14:03:00.000000Z,310.037,309.812
2015-07-28T14:03:10.000000Z,310.038,309.808
2015-07-28T14:03:30.000000Z,310.037,309.812
2015-07-28T14:03:40.000000Z,310.039,309.807
2015-07-28T14:03:50.000000Z,310.037,309.816
2015-07-28T14:04:00.000000Z,310.041,309.817
2015-07-28T14:04:10.000000Z,310.043,309.816
2015-07-28T14:04:30.000000Z,310.043,309.819
2015-07-28T14:04:50.000000Z,310.141,309.835
2015-07-28T14:05:00.000000Z,310.131,309.845
2015-07-28T14:05:10.000000Z,310.164,309.935
2015-07-28T14:05:20.000000Z,310.164,309.939
2015-07-28T14:05:30.000000Z,310.159,309.937
2015-07-28T14:05:40.000000Z,310.161,309.937
2015-07-28T14:05:50.000000Z,310.163,309.931
2015-07-28T14:06:00.000000Z,310.165,309.943
2015-07-28T14:06:10.000000Z,310.165,309.946
2015-07-28T14:06:20.000000Z,310.165,309.942
2015-07-28T14:06:30.000000Z,310.165,309.945
2015-07-28T14:06:40.000000Z,310.165,309.941
2015-07-28T14:06:50.000000Z,310.165,309.948
2015-07-28T14:07:00.000000Z,310.165,309.945
2015-07-28T14:07:10.000000Z,310.165,309.948
2015-07-28T14:07:20.000000Z,310.17,309.944
2015-07-28T14:07:30.000000Z,310.178,309.938
2015-07-28T14:07:40.000000Z,310.235,309.982
2015-07-28T14:07:50.000000Z,310.19,309.957
2015-07-28T14:08:00.000000Z,310.19,309.969
2015-07-28T14:08:10.000000Z,310.185,309.963
2015-07-28T14:08:20.000000Z,310.19,309.959
2015-07-28T14:08:30.000000Z,310.19,309.954
2015-07-28T14:08:40.000000Z,310.195,309.952
2015-07-28T14:08:50.000000Z,310.195,309.955
2015-07-28T14:09:00.000000Z,310.195,309.958
2015-07-28T14:09:10.000000Z,310.195,309.955
2015-07-28T14:09:20.000000Z,310.205,309.984
2015-07-28T14:09:30.000000Z,310.205,309.984
2015-07-28T14:09:40.000000Z,310.205,309.983
2015-07-28T14:10:00.000000Z,310.205,309.971
2015-07-28T14:10:10.000000Z,310.2,309.957
2015-07-28T14:10:20.000000Z,310.201,309.957
2015-07-28T14:10:30.000000Z,310.2,309.958
2015-07-28T14:10:50.000000Z,310.203,309.956
2015-07-28T14:11:00.000000Z,310.191,309.961
2015-07-28T14:11:10.000000Z,310.2,309.957
2015-07-28T14:11:20.000000Z,310.156,309.947
2015-07-28T14:11:30.000000Z,310.157,309.946
2015-07-28T14:11:40.000000Z,310.164,309.929
2015-07-28T14:11:50.000000Z,310.165,309.927
2015-07-28T14:12:00.000000Z,310.166,309.921
2015-07-28T14:12:10.000000Z,310.162,309.925
2015-07-28T14:12:30.000000Z,310.159,309.937
2015-07-28T14:12:40.000000Z,310.161,309.927
2015-07-28T14:12:50.000000Z,310.165,309.927
2015-07-28T14:13:00.000000Z,310.17,309.917
2015-07-28T14:13:10.000000Z,310.169,309.919
2015-07-28T14:13:20.000000Z,310.18,309.956
2015-07-28T14:13:30.000000Z,310.18,309.954
2015-07-28T14:13:40.000000Z,310.18,309.942
2015-07-28T14:13:50.000000Z,310.157,309.919
2015-07-28T14:14:00.000000Z,310.167,309.907
2015-07-28T14:14:10.000000Z,310.158,309.925
2015-07-28T14:14:20.000000Z,310.16,309.918
2015-07-28T14:14:30.000000Z,310.16,309.915
2015-07-28T14:14:40.000000Z,310.16,309.921
2015-07-28T14:14:50.000000Z,310.155,309.923
2015-07-28T14:15:00.000000Z,310.187,309.92
2015-07-28T14:15:10.000000Z,310.189,309.92
2015-07-28T14:15:50.000000Z,310.185,309.93
2015-07-28T14:16:40.000000Z,310.187,309.93
2015-07-28T14:16:50.000000Z,310.181,309.94
2015-07-28T14:17:00.000000Z,310.18,309.94
2015-07-28T14:17:10.000000Z,310.12,309.879
2015-07-28T14:17:20.000000Z,310.118,309.872
2015-07-28T14:17:40.000000Z,310.12,309.872
2015-07-28T14:18:00.000000Z,310.114,309.87
2015-07-28T14:18:10.000000Z,310.097,309.849
2015-07-28T14:18:20.000000Z,310.088,309.846
2015-07-28T14:18:30.000000Z,310.088,309.844
2015-07-28T14:19:00.000000Z,310.089,309.849
2015-07-28T14:19:10.000000Z,310.09,309.856
2015-07-28T14:19:50.000000Z,310.09,309.852
2015-07-28T14:20:10.000000Z,310.1,309.859
2015-07-28T14:20:20.000000Z,310.097,309.853
2015-07-28T14:20:30.000000Z,310.106,309.855
2015-07-28T14:20:40.000000Z,310.106,309.859
2015-07-28T14:20:50.000000Z,310.11,309.857
2015-07-28T14:21:00.000000Z,310.11,309.853
2015-07-28T14:21:30.000000Z,310.11,309.853
2015-07-28T14:21:40.000000Z,310.12,309.87
2015-07-28T14:21:50.000000Z,310.11,309.868
2015-07-28T14:22:00.000000Z,310.11,309.87
2015-07-28T14:22:40.000000Z,310.11,309.868
2015-07-28T14:22:50.000000Z,310.11,309.86
2015-07-28T14:23:00.000000Z,310.11,309.866
2015-07-28T14:23:10.000000Z,310.11,309.864
2015-07-28T14:23:20.000000Z,310.11,309.866
2015-07-28T14:23:30.000000Z,310.11,309.868
2015-07-28T14:23:50.000000Z,310.09,309.85
2015-07-28T14:24:00.000000Z,310.098,309.86
2015-07-28T14:24:10.000000Z,310.11,309.875
2015-07-28T14:24:20.000000Z,310.07,309.833
2015-07-28T14:24:30.000000Z,310.104,309.855
2015-07-28T14:24:40.000000Z,310.101,309.865
2015-07-28T14:24:50.000000Z,310.099,309.865
2015-07-28T14:25:00.000000Z,310.103,309.865
2015-07-28T14:25:10.000000Z,310.1,309.865
2015-07-28T14:25:20.000000Z,310.217,309.9
2015-07-28T14:25:30.000000Z,310.246,309.969
2015-07-28T14:25:40.000000Z,310.245,309.982
2015-07-28T14:25:50.000000Z,310.245,309.998
2015-07-28T14:26:00.000000Z,310.269,310.045
2015-07-28T14:26:10.000000Z,310.273,310.045
2015-07-28T14:26:20.000000Z,310.32,310.08
2015-07-28T14:26:30.000000Z,310.323,310.087
2015-07-28T14:26:40.000000Z,310.31,310.067
2015-07-28T14:26:50.000000Z,310.3,310.044
2015-07-28T14:27:00.000000Z,310.31,310.073
2015-07-28T14:27:10.000000Z,310.26,309.995
2015-07-28T14:27:20.000000Z,310.235,309.961
2015-07-28T14:27:30.000000Z,310.236,309.954
2015-07-28T14:27:40.000000Z,310.235,309.974
2015-07-28T14:28:10.000000Z,310.235,309.978
2015-07-28T14:28:30.000000Z,310.235,309.984
2015-07-28T14:28:40.000000Z,310.235,309.979
2015-07-28T14:29:00.000000Z,310.182,309.934
2015-07-28T14:29:10.000000Z,310.184,309.93
2015-07-28T14:29:20.000000Z,310.208,309.954
2015-07-28T14:29:30.000000Z,310.205,309.951
2015-07-28T14:30:00.000000Z,310.214,309.986
2015-07-28T14:30:10.000000Z,310.214,309.983
2015-07-28T14:30:20.000000Z,310.213,309.985
2015-07-28T14:30:40.000000Z,310.213,309.989
2015-07-28T14:30:50.000000Z,310.213,309.987
2015-07-28T14:31:00.000000Z,310.213,309.987
2015-07-28T14:31:30.000000Z,310.213,309.99
2015-07-28T14:31:50.000000Z,310.213,309.988
2015-07-28T14:32:30.000000Z,310.195,309.959
2015-07-28T14:32:40.000000Z,310.195,309.961
2015-07-28T14:32:50.000000Z,310.197,309.961
2015-07-28T14:33:10.000000Z,310.22,309.98
2015-07-28T14:33:20.000000Z,310.22,309.981
2015-07-28T14:33:30.000000Z,310.222,309.98
2015-07-28T14:33:40.000000Z,310.225,309.98
2015-07-28T14:33:50.000000Z,310.222,309.98
2015-07-28T14:34:00.000000Z,310.233,309.989
2015-07-28T14:34:10.000000Z,310.225,309.997
2015-07-28T14:34:50.000000Z,310.225,309.999
2015-07-28T14:35:00.000000Z,310.225,309.999
2015-07-28T14:35:10.000000Z,310.225,309.997
2015-07-28T14:35:20.000000Z,310.22,309.982
2015-07-28T14:35:30.000000Z,310.205,309.996
2015-07-28T14:35:40.000000Z,310.18,309.949
2015-07-28T14:35:50.000000Z,310.167,309.936
2015-07-28T14:36:00.000000Z,310.122,309.871
2015-07-28T14:36:10.000000Z,310.12,309.875
2015-07-28T14:36:20.000000Z,310.115,309.876
2015-07-28T14:36:30.000000Z,310.12,309.865
2015-07-28T14:36:40.000000Z,310.12,309.863
2015-07-28T14:36:50.000000Z,310.146,309.909
2015-07-28T14:37:00.000000Z,310.07,309.837
2015-07-28T14:37:10.000000Z,310.079,309.852
2015-07-28T14:37:20.000000Z,310.073,309.855
2015-07-28T14:37:30.000000Z,310.073,309.857
2015-07-28T14:37:40.000000Z,310.085,309.864
2015-07-28T14:37:50.000000Z,310.085,309.855
2015-07-28T14:38:10.000000Z,310.085,309.853
2015-07-28T14:38:30.000000Z,310.085,309.851
2015-07-28T14:38:50.000000Z,310.191,309.88
2015-07-28T14:39:00.000000Z,310.162,309.905
2015-07-28T14:39:10.000000Z,310.175,309.904
2015-07-28T14:39:20.000000Z,310.175,309.902
2015-07-28T14:39:40.000000Z,310.175,309.902
2015-07-28T14:39:50.000000Z,310.175,309.904
2015-07-28T14:40:10.000000Z,310.174,309.905
2015-07-28T14:40:20.000000Z,310.177,309.905
2015-07-28T14:40:40.000000Z,310.171,309.899
2015-07-28T14:40:50.000000Z,310.165,309.903
2015-07-28T14:41:00.000000Z,310.165,309.903
2015-07-28T14:41:10.000000Z,310.168,309.901
2015-07-28T14:41:20.000000Z,310.168,309.903
2015-07-28T14:41:30.000000Z,310.17,309.9
2015-07-28T14:41:40.000000Z,310.17,309.9
2015-07-28T14:41:50.000000Z,310.171,309.895
2015-07-28T14:42:00.000000Z,310.177,309.951
2015-07-28T14:42:10.000000Z,310.176,309.951
2015-07-28T14:42:20.000000Z,310.177,309.946
2015-07-28T14:42:30.000000Z,310.18,309.94
2015-07-28T14:42:40.000000Z,310.179,309.948
2015-07-28T14:42:50.000000Z,310.258,309.983
2015-07-28T14:43:00.000000Z,310.712,309.844
2015-07-28T14:43:10.000000Z,310.299,310.005
2015-07-28T14:43:20.000000Z,310.3,310.005
2015-07-28T14:43:30.000000Z,310.299,310.005
2015-07-28T14:43:40.000000Z,310.275,310.005
2015-07-28T14:43:50.000000Z,310.294,310.005
2015-07-28T14:44:00.000000Z,310.184,309.942
2015-07-28T14:44:10.000000Z,310.18,309.944
2015-07-28T14:44:20.000000Z,310.183,309.939
2015-07-28T14:44:30.000000Z,310.2,309.953
2015-07-28T14:44:50.000000Z,310.193,309.955
2015-07-28T14:45:00.000000Z,310.191,309.955
2015-07-28T14:45:10.000000Z,310.171,309.933
2015-07-28T14:45:20.000000Z,310.177,309.933
2015-07-28T14:45:30.000000Z,310.176,309.935
2015-07-28T14:45:40.000000Z,310.176,309.935
2015-07-28T14:46:00.000000Z,310.176,309.935
2015-07-28T14:46:10.000000Z,310.179,309.93
2015-07-28T14:46:20.000000Z,310.179,309.93
2015-07-28T14:46:30.000000Z,310.182,309.933
2015-07-28T14:46:50.000000Z,310.174,309.939
2015-07-28T14:47:00.000000Z,310.157,309.864
2015-07-28T14:47:10.000000Z,310.14,309.869
2015-07-28T14:47:20.000000Z,310.083,309.821
2015-07-28T14:47:30.000000Z,310.054,309.84
2015-07-28T14:47:40.000000Z,310.053,309.834
2015-07-28T14:47:50.000000Z,310.032,309.76
2015-07-28T14:48:00.000000Z,310.011,309.751
2015-07-28T14:48:10.000000Z,310.01,309.747
2015-07-28T14:48:20.000000Z,310.049,309.705
2015-07-28T14:48:30.000000Z,309.989,309.643
2015-07-28T14:48:40.000000Z,310.008,309.661
2015-07-28T14:48:50.000000Z,310.01,309.69
2015-07-28T14:49:00.000000Z,309.91,309.58
2015-07-28T14:49:10.000000Z,309.848,309.595
2015-07-28T14:49:20.000000Z,309.846,309.585
2015-07-28T14:49:50.000000Z,309.845,309.582
2015-07-28T14:50:00.000000Z,309.845,309.58
2015-07-28T14:50:10.000000Z,309.825,309.56
2015-07-28T14:50:20.000000Z,309.814,309.558
2015-07-28T14:50:30.000000Z,309.818,309.558
2015-07-28T14:50:40.000000Z,309.818,309.562
2015-07-28T14:50:50.000000Z,309.804,309.55
2015-07-28T14:51:00.000000Z,309.793,309.53
2015-07-28T14:51:10.000000Z,309.793,309.536
2015-07-28T14:51:20.000000Z,309.789,309.543
2015-07-28T14:51:30.000000Z,309.783,309.544
2015-07-28T14:51:40.000000Z,309.758,309.53
2015-07-28T14:51:50.000000Z,309.745,309.484
2015-07-28T14:52:00.000000Z,309.728,309.486
2015-07-28T14:52:30.000000Z,309.727,309.48
2015-07-28T14:52:40.000000Z,309.724,309.48
2015-07-28T14:52:50.000000Z,309.72,309.465
2015-07-28T14:53:00.000000Z,309.729,309.46
2015-07-28T14:53:10.000000Z,309.722,309.46
2015-07-28T14:53:20.000000Z,309.72,309.479
2015-07-28T14:53:30.000000Z,309.72,309.46
2015-07-28T14:53:40.000000Z,309.72,309.455
2015-07-28T14:53:50.000000Z,309.72,309.464
2015-07-28T14:54:00.000000Z,309.718,309.456
2015-07-28T14:54:10.000000Z,309.731,309.48
2015-07-28T14:54:40.000000Z,309.734,309.48
2015-07-28T14:55:00.000000Z,309.68,309.454
2015-07-28T14:55:10.000000Z,309.68,309.451
2015-07-28T14:55:20.000000Z,309.68,309.448
2015-07-28T14:55:30.000000Z,309.676,309.453
2015-07-28T14:55:50.000000Z,309.679,309.451
2015-07-28T14:56:00.000000Z,309.67,309.457
2015-07-28T14:56:10.000000Z,309.67,309.416
2015-07-28T14:56:20.000000Z,309.649,309.389
2015-07-28T14:56:30.000000Z,309.64,309.398
2015-07-28T14:56:40.000000Z,309.64,309.39
2015-07-28T14:56:50.000000Z,309.64,309.386
2015-07-28T14:57:00.000000Z,309.64,309.391
2015-07-28T14:57:10.000000Z,309.64,309.396
2015-07-28T14:57:20.000000Z,309.643,309.391
2015-07-28T14:57:30.000000Z,309.459,309.237
2015-07-28T14:57:40.000000Z,309.418,309.207
2015-07-28T14:57:50.000000Z,309.454,309.237
2015-07-28T14:58:00.000000Z,309.51,309.253
2015-07-28T14:58:10.000000Z,309.375,309.135
2015-07-28T14:58:20.000000Z,309.43,309.144
2015-07-28T14:58:30.000000Z,309.41,309.154
2015-07-28T14:58:40.000000Z,309.421,309.176
2015-07-28T14:58:50.000000Z,309.43,309.175
2015-07-28T14:59:00.000000Z,309.46,309.187
2015-07-28T14:59:10.000000Z,309.46,309.227
2015-07-28T14:59:20.000000Z,309.44,309.198
2015-07-28T14:59:40.000000Z,309.409,309.181
2015-07-28T14:59:50.000000Z,309.425,309.186
2015-07-28T15:00:00.000000Z,309.426,309.183
2015-07-28T15:00:10.000000Z,309.335,309.088
2015-07-28T15:00:20.000000Z,309.356,309.119
2015-07-28T15:00:30.000000Z,309.356,309.12
2015-07-28T15:00:40.000000Z,309.334,309.108
2015-07-28T15:00:50.000000Z,309.33,309.096
2015-07-28T15:01:00.000000Z,309.313,309.075
2015-07-28T15:01:10.000000Z,309.392,309.146
2015-07-28T15:01:20.000000Z,309.392,309.149
2015-07-28T15:01:30.000000Z,309.355,309.126
2015-07-28T15:01:40.000000Z,309.382,309.157
2015-07-28T15:01:50.000000Z,309.398,309.16
2015-07-28T15:02:00.000000Z,309.395,309.165
2015-07-28T15:02:10.000000Z,309.459,309.234
2015-07-28T15:02:20.000000Z,309.579,309.336
2015-07-28T15:02:30.000000Z,309.745,309.49
2015-07-28T15:02:40.000000Z,309.626,309.297
2015-07-28T15:02:50.000000Z,309.595,309.309
2015-07-28T15:03:00.000000Z,309.53,309.271
2015-07-28T15:03:10.000000Z,309.537,309.286
2015-07-28T15:03:20.000000Z,309.542,309.28
2015-07-28T15:03:30.000000Z,309.541,309.287
2015-07-28T15:03:50.000000Z,309.548,309.29
2015-07-28T15:04:00.000000Z,309.602,309.289
2015-07-28T15:04:10.000000Z,309.551,309.28
2015-07-28T15:04:50.000000Z,309.545,309.278
2015-07-28T15:05:10.000000Z,309.547,309.278
2015-07-28T15:05:20.000000Z,309.539,309.31
2015-07-28T15:05:30.000000Z,309.566,309.33
2015-07-28T15:05:40.000000Z,309.57,309.325
2015-07-28T15:05:50.000000Z,309.635,309.375
2015-07-28T15:06:00.000000Z,309.525,309.254
2015-07-28T15:06:10.000000Z,309.525,309.253
2015-07-28T15:06:20.000000Z,309.525,309.254
2015-07-28T15:06:30.000000Z,309.525,309.254
2015-07-28T15:06:40.000000Z,309.528,309.255
2015-07-28T15:06:50.000000Z,309.49,309.263
2015-07-28T15:07:00.000000Z,309.493,309.265
2015-07-28T15:07:10.000000Z,309.493,309.263
2015-07-28T15:07:30.000000Z,309.489,309.264
2015-07-28T15:07:50.000000Z,309.493,309.258
2015-07-28T15:08:10.000000Z,309.489,309.264
2015-07-28T15:08:20.000000Z,309.494,309.266
2015-07-28T15:08:30.000000Z,309.493,309.263
2015-07-28T15:09:00.000000Z,309.489,309.264
2015-07-28T15:09:10.000000Z,309.497,309.258
2015-07-28T15:09:30.000000Z,309.493,309.263
2015-07-28T15:09:40.000000Z,309.497,309.258
2015-07-28T15:09:50.000000Z,309.493,309.264
2015-07-28T15:10:00.000000Z,309.493,309.266
2015-07-28T15:10:10.000000Z,309.489,309.265
2015-07-28T15:10:20.000000Z,309.5,309.266
2015-07-28T15:10:30.000000Z,309.5,309.268
2015-07-28T15:11:00.000000Z,309.5,309.268
2015-07-28T15:11:10.000000Z,309.5,309.265
2015-07-28T15:11:20.000000Z,309.587,309.341
2015-07-28T15:11:30.000000Z,309.628,309.366
2015-07-28T15:11:40.000000Z,309.618,309.351
2015-07-28T15:11:50.000000Z,309.614,309.351
2015-07-28T15:12:00.000000Z,309.62,309.37
2015-07-28T15:12:10.000000Z,309.624,309.37
2015-07-28T15:12:20.000000Z,309.682,309.44
2015-07-28T15:12:30.000000Z,309.69,309.395
2015-07-28T15:12:40.000000Z,309.663,309.415
2015-07-28T15:12:50.000000Z,309.664,309.416
2015-07-28T15:13:00.000000Z,309.661,309.415
2015-07-28T15:13:20.000000Z,309.663,309.415
2015-07-28T15:13:30.000000Z,309.661,309.41
2015-07-28T15:13:40.000000Z,309.663,309.417
2015-07-28T15:14:10.000000Z,309.665,309.417
2015-07-28T15:14:30.000000Z,309.667,309.415
2015-07-28T15:14:40.000000Z,309.66,309.415
2015-07-28T15:14:50.000000Z,309.655,309.415
2015-07-28T15:15:00.000000Z,309.659,309.415
2015-07-28T15:15:20.000000Z,309.655,309.413
2015-07-28T15:15:30.000000Z,309.655,309.409
2015-07-28T15:15:50.000000Z,309.662,309.4
2015-07-28T15:16:00.000000Z,309.661,309.397
2015-07-28T15:16:10.000000Z,309.662,309.4
2015-07-28T15:16:30.000000Z,309.662,309.4
2015-07-28T15:16:40.000000Z,309.658,309.4
2015-07-28T15:16:50.000000Z,309.655,309.4
2015-07-28T15:17:10.000000Z,309.655,309.401
2015-07-28T15:17:20.000000Z,309.655,309.4
2015-07-28T15:17:30.000000Z,309.655,309.413
2015-07-28T15:17:50.000000Z,309.661,309.39
2015-07-28T15:18:00.000000Z,309.655,309.384
2015-07-28T15:18:10.000000Z,309.656,309.385
2015-07-28T15:18:40.000000Z,309.655,309.382
2015-07-28T15:18:50.000000Z,309.58,309.335
2015-07-28T15:19:00.000000Z,309.712,309.405
2015-07-28T15:19:20.000000Z,309.711,309.405
2015-07-28T15:19:30.000000Z,309.71,309.419
2015-07-28T15:19:40.000000Z,309.712,309.416
2015-07-28T15:19:50.000000Z,309.735,309.406
2015-07-28T15:20:00.000000Z,309.705,309.426
2015-07-28T15:20:10.000000Z,309.705,309.415
2015-07-28T15:20:20.000000Z,309.705,309.413
2015-07-28T15:20:30.000000Z,309.665,309.362
2015-07-28T15:20:40.000000Z,309.614,309.377
2015-07-28T15:20:50.000000Z,309.604,309.363
2015-07-28T15:21:00.000000Z,309.603,309.367
2015-07-28T15:21:10.000000Z,309.585,309.358
2015-07-28T15:21:20.000000Z,309.583,309.364
2015-07-28T15:21:30.000000Z,309.583,309.363
2015-07-28T15:21:40.000000Z,309.586,309.359
2015-07-28T15:21:50.000000Z,309.583,309.358
2015-07-28T15:22:20.000000Z,309.593,309.352
2015-07-28T15:22:40.000000Z,309.583,309.358
2015-07-28T15:23:10.000000Z,309.594,309.353
2015-07-28T15:23:30.000000Z,309.583,309.358
2015-07-28T15:23:50.000000Z,309.594,309.353
2015-07-28T15:24:00.000000Z,309.583,309.359
2015-07-28T15:24:10.000000Z,309.593,309.351
2015-07-28T15:24:50.000000Z,309.582,309.336
2015-07-28T15:25:00.000000Z,309.582,309.339
2015-07-28T15:25:10.000000Z,309.589,309.372
2015-07-28T15:25:30.000000Z,309.587,309.365
2015-07-28T15:25:50.000000Z,309.591,309.346
2015-07-28T15:26:00.000000Z,309.593,309.348
2015-07-28T15:26:10.000000Z,309.588,309.35
2015-07-28T15:26:20.000000Z,309.583,309.339
2015-07-28T15:26:40.000000Z,309.568,309.346
2015-07-28T15:26:50.000000Z,309.553,309.341
2015-07-28T15:27:10.000000Z,309.546,309.341
2015-07-28T15:27:20.000000Z,309.546,309.341
2015-07-28T15:27:30.000000Z,309.534,309.347
2015-07-28T15:27:40.000000Z,309.537,309.341
2015-07-28T15:27:50.000000Z,309.504,309.307
2015-07-28T15:28:00.000000Z,309.463,309.218
2015-07-28T15:28:10.000000Z,309.442,309.23
2015-07-28T15:28:20.000000Z,309.423,309.228
2015-07-28T15:28:30.000000Z,309.436,309.216
2015-07-28T15:28:40.000000Z,309.426,309.222
2015-07-28T15:28:50.000000Z,309.419,309.228
2015-07-28T15:29:00.000000Z,309.416,309.228
2015-07-28T15:29:10.000000Z,309.416,309.226
2015-07-28T15:29:20.000000Z,309.404,309.21
2015-07-28T15:29:30.000000Z,309.406,309.21
2015-07-28T15:29:40.000000Z,309.401,309.21
2015-07-28T15:29:50.000000Z,309.397,309.21
2015-07-28T15:30:00.000000Z,309.418,309.187
2015-07-28T15:30:20.000000Z,309.418,309.183
2015-07-28T15:30:30.000000Z,309.388,309.15
2015-07-28T15:30:40.000000Z,309.381,309.16
2015-07-28T15:31:00.000000Z,309.378,309.16
2015-07-28T15:31:20.000000Z,309.38,309.16
2015-07-28T15:31:30.000000Z,309.362,309.112
2015-07-28T15:31:40.000000Z,309.352,309.103
2015-07-28T15:31:50.000000Z,309.352,309.092
2015-07-28T15:32:00.000000Z,309.374,309.009
2015-07-28T15:32:10.000000Z,309.346,309.023
2015-07-28T15:32:20.000000Z,309.349,309.017
2015-07-28T15:32:30.000000Z,309.337,309.0
2015-07-28T15:32:40.000000Z,309.31,308.978
2015-07-28T15:32:50.000000Z,309.311,308.978
2015-07-28T15:33:00.000000Z,309.307,308.978
2015-07-28T15:33:10.000000Z,309.31,308.978
2015-07-28T15:33:20.000000Z,309.37,308.968
2015-07-28T15:33:50.000000Z,309.265,308.986
2015-07-28T15:34:00.000000Z,309.346,308.975
2015-07-28T15:34:10.000000Z,309.342,308.971
2015-07-28T15:34:20.000000Z,309.342,308.971
2015-07-28T15:34:30.000000Z,309.328,308.986
2015-07-28T15:34:40.000000Z,309.328,308.986
2015-07-28T15:34:50.000000Z,309.328,308.986
2015-07-28T15:35:30.000000Z,309.365,308.95
2015-07-28T15:35:40.000000Z,309.328,308.986
2015-07-28T15:35:50.000000Z,309.328,308.987
2015-07-28T15:36:00.000000Z,309.341,308.971
2015-07-28T15:36:30.000000Z,309.335,308.971
2015-07-28T15:36:50.000000Z,309.328,308.987
2015-07-28T15:37:00.000000Z,309.328,308.987
2015-07-28T15:37:10.000000Z,309.341,308.971
2015-07-28T15:37:20.000000Z,309.328,308.987
2015-07-28T15:37:50.000000Z,309.329,308.987
2015-07-28T15:38:20.000000Z,309.329,308.987
2015-07-28T15:38:40.000000Z,309.328,308.986
2015-07-28T15:38:50.000000Z,309.321,308.997
2015-07-28T15:39:10.000000Z,309.321,308.997
2015-07-28T15:39:20.000000Z,309.365,308.952
2015-07-28T15:39:40.000000Z,309.32,308.996
2015-07-28T15:40:10.000000Z,309.365,308.952
2015-07-28T15:40:20.000000Z,309.341,308.971
2015-07-28T15:40:30.000000Z,309.305,308.968
2015-07-28T15:40:40.000000Z,309.295,308.971
2015-07-28T15:41:00.000000Z,309.288,308.971
2015-07-28T15:41:10.000000Z,309.284,308.971
2015-07-28T15:42:00.000000Z,309.286,308.971
2015-07-28T15:42:10.000000Z,309.29,308.971
2015-07-28T15:42:20.000000Z,309.29,308.971
2015-07-28T15:42:40.000000Z,309.287,308.971
2015-07-28T15:43:20.000000Z,309.286,308.96
2015-07-28T15:43:40.000000Z,309.283,308.96
2015-07-28T15:44:00.000000Z,309.248,308.967
2015-07-28T15:44:30.000000Z,309.249,308.967
2015-07-28T15:44:50.000000Z,309.25,308.967
2015-07-28T15:45:10.000000Z,309.249,308.972
2015-07-28T15:45:30.000000Z,309.249,308.973
2015-07-28T15:45:50.000000Z,309.249,308.975
2015-07-28T15:46:10.000000Z,309.249,308.973
2015-07-28T15:47:00.000000Z,309.247,308.979
2015-07-28T15:47:20.000000Z,309.149,308.946
2015-07-28T15:47:30.000000Z,309.147,308.944
2015-07-28T15:47:40.000000Z,309.144,308.944
2015-07-28T15:48:00.000000Z,309.142,308.944
2015-07-28T15:48:10.000000Z,309.144,308.936
2015-07-28T15:48:30.000000Z,309.139,308.936
2015-07-28T15:48:50.000000Z,309.136,308.936
2015-07-28T15:50:00.000000Z,309.136,308.924
2015-07-28T15:50:10.000000Z,309.136,308.924
2015-07-28T15:50:20.000000Z,309.154,308.924
2015-07-28T15:50:30.000000Z,309.154,308.926
2015-07-28T15:50:40.000000Z,309.158,308.916
2015-07-28T15:51:10.000000Z,309.161,308.916
2015-07-28T15:51:20.000000Z,309.153,308.924
2015-07-28T15:51:30.000000Z,309.152,308.924
2015-07-28T15:52:10.000000Z,309.154,308.924
2015-07-28T15:52:30.000000Z,309.152,308.924
2015-07-28T15:52:40.000000Z,309.162,308.916
2015-07-28T15:52:50.000000Z,309.157,308.915
2015-07-28T15:53:00.000000Z,309.155,308.915
2015-07-28T15:53:20.000000Z,309.157,308.915
2015-07-28T15:53:30.000000Z,309.16,308.915
2015-07-28T15:53:50.000000Z,309.158,308.915
2015-07-28T15:54:00.000000Z,309.161,308.916
2015-07-28T15:54:20.000000Z,309.152,308.924
2015-07-28T15:54:50.000000Z,309.155,308.926
2015-07-28T15:55:10.000000Z,309.156,308.926
2015-07-28T15:55:30.000000Z,309.155,308.926
2015-07-28T15:57:10.000000Z,309.153,308.925
2015-07-28T15:58:10.000000Z,309.15,308.926
2015-07-28T15:58:20.000000Z,309.15,308.927
2015-07-28T15:58:40.000000Z,309.15,308.926
2015-07-28T15:58:50.000000Z,309.15,308.924
2015-07-28T15:59:10.000000Z,309.15,308.925
2015-07-28T15:59:20.000000Z,309.15,308.928
2015-07-28T15:59:50.000000Z,309.153,308.916
2015-07-28T16:00:10.000000Z,309.154,308.906
2015-07-28T16:00:20.000000Z,309.156,308.906
2015-07-28T16:00:40.000000Z,309.147,308.914
2015-07-28T16:01:00.000000Z,309.163,308.913
2015-07-28T16:01:40.000000Z,309.163,308.912
2015-07-28T16:02:20.000000Z,309.163,308.914
2015-07-28T16:02:30.000000Z,309.163,308.917
2015-07-28T16:02:40.000000Z,309.153,308.922
2015-07-28T16:02:50.000000Z,309.153,308.921
2015-07-28T16:03:00.000000Z,309.153,308.917
2015-07-28T16:03:40.000000Z,309.153,308.918
2015-07-28T16:04:20.000000Z,309.164,308.913
2015-07-28T16:05:00.000000Z,309.17,308.904
2015-07-28T16:05:10.000000Z,309.163,308.909
2015-07-28T16:05:40.000000Z,309.164,308.911
2015-07-28T16:06:00.000000Z,309.16,308.909
2015-07-28T16:06:30.000000Z,309.16,308.911
2015-07-28T16:07:30.000000Z,309.16,308.909
2015-07-28T16:07:40.000000Z,309.173,308.923
2015-07-28T16:08:00.000000Z,309.173,308.925
2015-07-28T16:08:20.000000Z,309.173,308.923
2015-07-28T16:08:50.000000Z,309.17,308.921
2015-07-28T16:09:00.000000Z,309.17,308.926
2015-07-28T16:09:40.000000Z,309.17,308.922
2015-07-28T16:10:00.000000Z,309.173,308.922
2015-07-28T16:10:10.000000Z,309.17,308.92
2015-07-28T16:10:20.000000Z,309.176,308.918
2015-07-28T16:10:40.000000Z,309.17,308.925
2015-07-28T16:11:20.000000Z,309.173,308.924
2015-07-28T16:11:40.000000Z,309.173,308.926
2015-07-28T16:12:00.000000Z,309.174,308.928
2015-07-28T16:12:20.000000Z,309.365,308.91
2015-07-28T16:12:30.000000Z,309.376,308.91
2015-07-28T16:13:00.000000Z,309.373,308.91
2015-07-28T16:13:10.000000Z,309.38,308.9
2015-07-28T16:13:20.000000Z,309.376,308.91
2015-07-28T16:13:40.000000Z,309.381,308.91
2015-07-28T16:14:00.000000Z,309.382,308.91
2015-07-28T16:14:20.000000Z,309.379,308.91
2015-07-28T16:14:30.000000Z,309.394,308.925
2015-07-28T16:14:40.000000Z,309.389,308.925
2015-07-28T16:14:50.000000Z,309.388,308.926
2015-07-28T16:15:00.000000Z,309.389,308.925
2015-07-28T16:15:40.000000Z,309.391,308.925
2015-07-28T16:15:50.000000Z,309.391,308.928
2015-07-28T16:16:00.000000Z,309.387,308.946
2015-07-28T16:16:10.000000Z,309.384,308.946
2015-07-28T16:16:50.000000Z,309.392,308.936
2015-07-28T16:17:00.000000Z,309.387,308.936
2015-07-28T16:17:50.000000Z,309.396,308.928
2015-07-28T16:18:00.000000Z,309.39,308.926
2015-07-28T16:18:20.000000Z,309.393,308.925
2015-07-28T16:18:40.000000Z,309.387,308.925
2015-07-28T16:19:00.000000Z,309.392,308.925
2015-07-28T16:19:20.000000Z,309.389,308.925
2015-07-28T16:20:00.000000Z,309.387,308.925
2015-07-28T16:20:20.000000Z,309.385,308.925
2015-07-28T16:20:40.000000Z,309.383,308.925
2015-07-28T16:20:50.000000Z,309.388,308.925
2015-07-28T16:21:10.000000Z,309.389,308.925
2015-07-28T16:22:00.000000Z,309.39,308.92
2015-07-28T16:22:20.000000Z,309.387,308.92
2015-07-28T16:22:40.000000Z,309.39,308.92
2015-07-28T16:23:20.000000Z,309.39,308.923
2015-07-28T16:24:00.000000Z,309.391,308.917
2015-07-28T16:24:20.000000Z,309.389,308.921
2015-07-28T16:24:40.000000Z,309.388,308.922
2015-07-28T16:25:00.000000Z,309.392,308.916
2015-07-28T16:25:40.000000Z,309.388,308.922
2015-07-28T16:26:00.000000Z,309.387,308.924
2015-07-28T16:26:10.000000Z,309.389,308.924
2015-07-28T16:26:20.000000Z,309.391,308.921
2015-07-28T16:26:30.000000Z,309.389,308.921
2015-07-28T16:27:00.000000Z,309.392,308.916
2015-07-28T16:27:20.000000Z,309.39,308.918
2015-07-28T16:27:40.000000Z,309.389,308.921
2015-07-28T16:28:10.000000Z,309.389,308.921
2015-07-28T16:28:20.000000Z,309.389,308.925
2015-07-28T16:30:00.000000Z,309.388,308.925
2015-07-28T16:30:20.000000Z,309.39,308.925
2015-07-28T16:30:50.000000Z,309.391,308.925
2015-07-28T16:31:10.000000Z,309.388,308.925
2015-07-28T16:32:10.000000Z,309.391,308.925
2015-07-28T16:33:10.000000Z,309.39,308.927
2015-07-28T16:33:40.000000Z,309.39,308.925
2015-07-28T16:33:50.000000Z,309.389,308.925
2015-07-28T16:34:00.000000Z,309.393,308.925
2015-07-28T16:34:10.000000Z,309.401,308.92
2015-07-28T16:34:20.000000Z,309.394,308.92
2015-07-28T16:34:30.000000Z,309.399,308.91
2015-07-28T16:34:40.000000Z,309.392,308.91
2015-07-28T16:35:00.000000Z,309.338,308.93
2015-07-28T16:35:20.000000Z,309.336,308.93
2015-07-28T16:35:40.000000Z,309.334,308.93
2015-07-28T16:36:20.000000Z,309.338,308.93
2015-07-28T16:36:30.000000Z,309.338,308.927
2015-07-28T16:37:20.000000Z,309.335,308.93
2015-07-28T16:38:20.000000Z,309.336,308.93
2015-07-28T16:38:40.000000Z,309.33,308.937
2015-07-28T16:39:00.000000Z,309.333,308.937
2015-07-28T16:39:10.000000Z,309.34,308.93
2015-07-28T16:39:20.000000Z,309.337,308.93
2015-07-28T16:39:40.000000Z,309.338,308.93
2015-07-28T16:40:00.000000Z,309.332,308.937
2015-07-28T16:40:30.000000Z,309.329,308.947
2015-07-28T16:40:50.000000Z,309.297,308.94
2015-07-28T16:41:10.000000Z,309.302,308.93
2015-07-28T16:42:00.000000Z,309.296,308.94
2015-07-28T16:42:10.000000Z,309.293,308.94
2015-07-28T16:42:50.000000Z,309.291,308.94
2015-07-28T16:43:30.000000Z,309.289,308.94
2015-07-28T16:43:40.000000Z,309.281,308.948
2015-07-28T16:43:50.000000Z,309.28,308.948
2015-07-28T16:44:00.000000Z,309.283,308.95
2015-07-28T16:44:20.000000Z,309.293,308.946
2015-07-28T16:44:30.000000Z,309.3,308.939
2015-07-28T16:44:40.000000Z,309.3,308.937
2015-07-28T16:45:10.000000Z,309.283,308.948
2015-07-28T16:45:20.000000Z,309.28,308.945
2015-07-28T16:45:30.000000Z,309.27,308.955
2015-07-28T16:45:40.000000Z,309.28,308.946
2015-07-28T16:45:50.000000Z,309.28,308.951
2015-07-28T16:46:10.000000Z,309.28,308.946
2015-07-28T16:46:40.000000Z,309.28,308.94
2015-07-28T16:46:50.000000Z,309.28,308.945
2015-07-28T16:47:00.000000Z,309.283,308.947
2015-07-28T16:47:40.000000Z,309.28,308.946
2015-07-28T16:47:50.000000Z,309.28,308.944
2015-07-28T16:48:10.000000Z,309.283,308.947
2015-07-28T16:48:50.000000Z,309.29,308.941
2015-07-28T16:49:00.000000Z,309.283,308.947
2015-07-28T16:49:10.000000Z,309.283,308.95
2015-07-28T16:49:30.000000Z,309.283,308.948
2015-07-28T16:49:50.000000Z,309.283,308.949
2015-07-28T16:50:10.000000Z,309.283,308.948
2015-07-28T16:50:40.000000Z,309.284,308.943
2015-07-28T16:51:00.000000Z,309.293,308.94
2015-07-28T16:51:50.000000Z,309.233,308.97
2015-07-28T16:52:00.000000Z,309.164,308.974
2015-07-28T16:52:20.000000Z,309.161,308.973
2015-07-28T16:52:50.000000Z,309.158,308.973
2015-07-28T16:53:00.000000Z,309.156,308.974
2015-07-28T16:53:20.000000Z,309.154,308.974
2015-07-28T16:54:00.000000Z,309.163,308.965
2015-07-28T16:54:10.000000Z,309.16,308.967
2015-07-28T16:54:40.000000Z,309.16,308.964
2015-07-28T16:55:10.000000Z,309.163,308.961
2015-07-28T16:55:30.000000Z,309.17,308.955
2015-07-28T16:55:50.000000Z,309.173,308.954
2015-07-28T16:56:00.000000Z,309.163,308.962
2015-07-28T16:56:10.000000Z,309.164,308.964
2015-07-28T16:56:30.000000Z,309.17,308.957
2015-07-28T16:56:40.000000Z,309.164,308.964
2015-07-28T16:57:10.000000Z,309.164,308.966
2015-07-28T16:58:10.000000Z,309.163,308.97
2015-07-28T16:58:20.000000Z,309.17,308.957
2015-07-28T16:59:30.000000Z,309.17,308.961
2015-07-28T16:59:50.000000Z,309.173,308.958
2015-07-28T17:00:00.000000Z,309.18,308.951
2015-07-28T17:00:10.000000Z,309.173,308.958
2015-07-28T17:02:00.000000Z,309.18,308.949
2015-07-28T17:02:10.000000Z,309.173,308.957
2015-07-28T17:02:20.000000Z,309.18,308.951
2015-07-28T17:02:30.000000Z,309.18,308.953
2015-07-28T17:04:50.000000Z,309.174,308.959
2015-07-28T17:05:00.000000Z,309.17,308.957
2015-07-28T17:05:20.000000Z,309.17,308.959
2015-07-28T17:05:40.000000Z,309.17,308.962
2015-07-28T17:06:40.000000Z,309.17,308.957
2015-07-28T17:07:00.000000Z,309.163,308.965
2015-07-28T17:07:40.000000Z,309.163,308.967
2015-07-28T17:08:00.000000Z,309.17,308.961
2015-07-28T17:08:10.000000Z,309.173,308.966
2015-07-28T17:08:20.000000Z,309.18,308.96
2015-07-28T17:08:30.000000Z,309.183,308.975
2015-07-28T17:08:50.000000Z,309.183,308.972
2015-07-28T17:09:00.000000Z,309.18,308.973
2015-07-28T17:09:30.000000Z,309.17,308.981
2015-07-28T17:09:40.000000Z,309.17,308.982
2015-07-28T17:10:00.000000Z,309.163,308.985
2015-07-28T17:10:20.000000Z,309.163,308.988
2015-07-28T17:11:00.000000Z,309.163,308.991
2015-07-28T17:11:20.000000Z,309.163,308.989
2015-07-28T17:11:40.000000Z,309.163,308.991
2015-07-28T17:12:40.000000Z,309.163,308.989
2015-07-28T17:13:20.000000Z,309.163,308.987
2015-07-28T17:13:40.000000Z,309.164,308.991
2015-07-28T17:14:10.000000Z,309.163,308.992
2015-07-28T17:14:20.000000Z,309.16,308.992
2015-07-28T17:14:40.000000Z,309.163,308.981
2015-07-28T17:14:50.000000Z,309.163,308.988
2015-07-28T17:15:10.000000Z,309.163,308.985
2015-07-28T17:15:20.000000Z,309.17,308.978
2015-07-28T17:15:30.000000Z,309.17,308.985
2015-07-28T17:16:20.000000Z,309.173,308.982
2015-07-28T17:16:30.000000Z,309.167,308.981
2015-07-28T17:16:50.000000Z,309.162,308.981
2015-07-28T17:17:10.000000Z,309.161,308.982
2015-07-28T17:17:40.000000Z,309.34,308.801
2015-07-28T17:18:00.000000Z,309.34,308.803
2015-07-28T17:18:30.000000Z,309.34,308.803
2015-07-28T17:19:00.000000Z,309.34,308.805
2015-07-28T17:19:10.000000Z,309.34,308.806
2015-07-28T17:19:50.000000Z,309.34,308.805
2015-07-28T17:20:00.000000Z,309.34,308.801
2015-07-28T17:20:20.000000Z,309.34,308.804
2015-07-28T17:20:40.000000Z,309.34,308.802
2015-07-28T17:20:50.000000Z,309.161,308.982
2015-07-28T17:21:00.000000Z,309.34,308.802
2015-07-28T17:22:10.000000Z,309.34,308.801
2015-07-28T17:22:30.000000Z,309.34,308.803
2015-07-28T17:23:30.000000Z,309.17,308.985
2015-07-28T17:23:50.000000Z,309.17,308.987
2015-07-28T17:24:10.000000Z,309.17,308.985
2015-07-28T17:24:30.000000Z,309.17,308.982
2015-07-28T17:25:10.000000Z,309.17,308.984
2015-07-28T17:25:40.000000Z,309.174,308.979
2015-07-28T17:25:50.000000Z,309.16,308.991
2015-07-28T17:26:10.000000Z,309.147,308.972
2015-07-28T17:26:20.000000Z,309.322,308.822
2015-07-28T17:26:30.000000Z,309.177,308.932
2015-07-28T17:26:40.000000Z,309.237,308.827
2015-07-28T17:26:50.000000Z,309.294,308.79
2015-07-28T17:27:00.000000Z,309.179,308.898
2015-07-28T17:27:10.000000Z,309.132,308.943
2015-07-28T17:27:30.000000Z,309.135,308.953
2015-07-28T17:28:40.000000Z,309.275,308.773
2015-07-28T17:28:50.000000Z,309.305,308.798
2015-07-28T17:29:10.000000Z,309.123,308.943
2015-07-28T17:29:30.000000Z,309.263,308.872
2015-07-28T17:29:50.000000Z,309.265,308.872
2015-07-28T17:30:10.000000Z,309.263,308.872
2015-07-28T17:30:50.000000Z,309.264,308.872
2015-07-28T17:32:20.000000Z,309.324,308.826
2015-07-28T17:33:00.000000Z,309.329,308.825
2015-07-28T17:33:20.000000Z,309.327,308.826
2015-07-28T17:33:40.000000Z,309.328,308.825
2015-07-28T17:34:00.000000Z,309.323,308.827
2015-07-28T17:34:40.000000Z,309.328,308.825
2015-07-28T17:35:00.000000Z,309.329,308.825
2015-07-28T17:35:20.000000Z,309.324,308.826
2015-07-28T17:35:40.000000Z,309.328,308.824
2015-07-28T17:36:00.000000Z,309.326,308.825
2015-07-28T17:37:00.000000Z,309.325,308.826
2015-07-28T17:37:20.000000Z,309.327,308.825
2015-07-28T17:37:40.000000Z,309.328,308.824
2015-07-28T17:39:30.000000Z,309.323,308.826
2015-07-28T17:40:00.000000Z,309.325,308.822
2015-07-28T17:40:10.000000Z,309.325,308.816
2015-07-28T17:40:20.000000Z,309.256,308.882
2015-07-28T17:41:00.000000Z,309.325,308.815
2015-07-28T17:41:20.000000Z,309.324,308.816
2015-07-28T17:42:20.000000Z,309.258,308.882
2015-07-28T17:43:10.000000Z,309.267,308.872
2015-07-28T17:44:30.000000Z,309.265,308.872
2015-07-28T17:44:40.000000Z,309.255,308.882
2015-07-28T17:45:10.000000Z,309.257,308.882
2015-07-28T17:46:20.000000Z,309.348,308.85
2015-07-28T17:46:30.000000Z,309.435,308.955
2015-07-28T17:46:40.000000Z,309.462,308.955
2015-07-28T17:46:50.000000Z,309.464,308.955
2015-07-28T17:47:00.000000Z,309.429,308.913
2015-07-28T17:47:20.000000Z,309.43,308.913
2015-07-28T17:47:40.000000Z,309.434,308.913
2015-07-28T17:48:10.000000Z,309.412,308.935
2015-07-28T17:48:40.000000Z,309.415,308.935
2015-07-28T17:49:10.000000Z,309.417,308.935
2015-07-28T17:49:20.000000Z,309.483,308.956
2015-07-28T17:49:30.000000Z,309.487,308.959
2015-07-28T17:49:40.000000Z,309.511,308.959
2015-07-28T17:50:00.000000Z,309.502,308.959
2015-07-28T17:50:20.000000Z,309.513,308.955
2015-07-28T17:51:00.000000Z,309.514,308.955
2015-07-28T17:52:30.000000Z,309.514,308.955
2015-07-28T17:53:40.000000Z,309.517,308.955
2015-07-28T17:54:50.000000Z,309.519,308.955
2015-07-28T17:55:30.000000Z,309.517,308.955
2015-07-28T18:00:00.000000Z,309.439,308.965
2015-07-28T18:00:40.000000Z,309.438,308.962
2015-07-28T18:01:00.000000Z,309.437,308.965
2015-07-28T18:01:40.000000Z,309.454,308.958
2015-07-28T18:01:50.000000Z,309.454,308.955
2015-07-28T18:02:20.000000Z,309.454,308.953
2015-07-28T18:03:00.000000Z,309.443,308.956
2015-07-28T18:03:30.000000Z,309.443,308.954
2015-07-28T18:04:10.000000Z,309.443,308.953
2015-07-28T18:05:10.000000Z,309.444,308.955
2015-07-28T18:05:20.000000Z,309.433,308.965
2015-07-28T18:05:30.000000Z,309.443,308.955
2015-07-28T18:06:10.000000Z,309.443,308.956
2015-07-28T18:07:50.000000Z,309.443,308.953
2015-07-28T18:08:10.000000Z,309.423,308.974
2015-07-28T18:08:30.000000Z,309.423,308.977
2015-07-28T18:08:40.000000Z,309.403,309.001
2015-07-28T18:09:00.000000Z,309.403,309.002
2015-07-28T18:10:00.000000Z,309.403,308.998
2015-07-28T18:10:10.000000Z,309.425,309.082
2015-07-28T18:10:20.000000Z,309.407,309.103
2015-07-28T18:10:50.000000Z,309.411,309.103
2015-07-28T18:12:00.000000Z,309.413,309.099
2015-07-28T18:12:20.000000Z,309.414,309.103
2015-07-28T18:13:40.000000Z,309.415,309.103
2015-07-28T18:14:20.000000Z,309.413,309.103
2015-07-28T18:15:20.000000Z,309.413,309.097
2015-07-28T18:16:00.000000Z,309.414,309.103
2015-07-28T18:16:20.000000Z,309.423,309.088
2015-07-28T18:16:40.000000Z,309.424,309.086
2015-07-28T18:17:00.000000Z,309.423,309.087
2015-07-28T18:17:30.000000Z,309.423,309.084
2015-07-28T18:18:10.000000Z,309.432,309.07
2015-07-28T18:18:20.000000Z,309.423,309.082
2015-07-28T18:18:30.000000Z,309.423,309.083
2015-07-28T18:20:00.000000Z,309.423,309.087
2015-07-28T18:21:00.000000Z,309.423,309.081
2015-07-28T18:21:20.000000Z,309.424,309.086
2015-07-28T18:21:40.000000Z,309.423,309.087
2015-07-28T18:22:40.000000Z,309.423,309.085
2015-07-28T18:23:00.000000Z,309.423,309.081
2015-07-28T18:24:30.000000Z,309.423,309.079
2015-07-28T18:24:40.000000Z,309.423,309.082
2015-07-28T18:24:50.000000Z,309.423,309.086
2015-07-28T18:25:10.000000Z,309.423,309.084
2015-07-28T18:28:30.000000Z,309.423,309.082
2015-07-28T18:28:50.000000Z,309.423,309.084
2015-07-28T18:30:00.000000Z,309.423,309.082
2015-07-28T18:30:50.000000Z,309.424,308.989
2015-07-28T18:31:00.000000Z,309.413,308.997
2015-07-28T18:31:10.000000Z,309.413,308.99
2015-07-28T18:31:20.000000Z,309.423,308.978
2015-07-28T18:31:30.000000Z,309.424,308.981
2015-07-28T18:31:40.000000Z,309.413,308.992
2015-07-28T18:31:50.000000Z,309.414,308.991
2015-07-28T18:32:10.000000Z,309.413,308.985
2015-07-28T18:33:00.000000Z,309.414,308.988
2015-07-28T18:34:10.000000Z,309.414,308.985
2015-07-28T18:34:40.000000Z,309.413,308.986
2015-07-28T18:34:50.000000Z,309.413,308.984
2015-07-28T18:36:00.000000Z,309.414,308.983
2015-07-28T18:36:30.000000Z,309.423,308.983
2015-07-28T18:37:20.000000Z,309.423,308.985
2015-07-28T18:37:40.000000Z,309.444,308.96
2015-07-28T18:38:00.000000Z,309.443,308.956
2015-07-28T18:38:10.000000Z,309.433,308.946
2015-07-28T18:38:30.000000Z,309.435,308.945
2015-07-28T18:38:40.000000Z,309.435,308.957
2015-07-28T18:38:50.000000Z,309.434,308.968
2015-07-28T18:39:10.000000Z,309.436,308.966
2015-07-28T18:39:50.000000Z,309.434,308.967
2015-07-28T18:41:10.000000Z,309.438,308.966
2015-07-28T18:41:30.000000Z,309.436,308.967
2015-07-28T18:41:50.000000Z,309.434,308.968
2015-07-28T18:42:10.000000Z,309.435,308.967
2015-07-28T18:42:30.000000Z,309.436,308.966
2015-07-28T18:43:20.000000Z,309.435,308.967
2015-07-28T18:43:40.000000Z,309.436,308.966
2015-07-28T18:44:00.000000Z,309.435,308.967
2015-07-28T18:45:40.000000Z,309.436,308.966
2015-07-28T18:46:00.000000Z,309.434,308.967
2015-07-28T18:46:20.000000Z,309.435,308.966
2015-07-28T18:46:40.000000Z,309.434,308.967
2015-07-28T18:47:00.000000Z,309.436,308.966
2015-07-28T18:47:50.000000Z,309.437,308.966
2015-07-28T18:48:10.000000Z,309.435,308.967
2015-07-28T18:50:30.000000Z,309.433,308.967
2015-07-28T18:50:50.000000Z,309.434,308.967
2015-07-28T18:52:20.000000Z,309.435,308.966
2015-07-28T18:52:50.000000Z,309.437,308.966
2015-07-28T18:53:00.000000Z,309.35,308.994
2015-07-28T18:53:10.000000Z,309.344,309.001
2015-07-28T18:55:20.000000Z,309.34,309.002
2015-07-28T18:56:10.000000Z,309.334,309.01
2015-07-28T18:57:00.000000Z,309.333,309.011
2015-07-28T18:57:50.000000Z,309.34,309.005
2015-07-28T18:58:00.000000Z,309.34,309.011
2015-07-28T18:58:40.000000Z,309.34,309.006
2015-07-28T18:58:50.000000Z,309.34,309.006
2015-07-28T18:59:00.000000Z,309.34,309.003
2015-07-28T18:59:20.000000Z,309.34,309.003
2015-07-28T18:59:50.000000Z,309.333,309.014
2015-07-28T19:00:30.000000Z,309.33,309.019
2015-07-28T19:02:20.000000Z,309.34,309.01
2015-07-28T19:02:30.000000Z,309.333,309.016
2015-07-28T19:03:20.000000Z,309.34,309.009
2015-07-28T19:04:00.000000Z,309.34,309.007
2015-07-28T19:05:00.000000Z,309.34,309.01
2015-07-28T19:05:20.000000Z,309.34,309.008
2015-07-28T19:05:30.000000Z,309.34,309.008
2015-07-28T19:06:00.000000Z,309.34,309.009
2015-07-28T19:07:00.000000Z,309.34,309.008
2015-07-28T19:07:10.000000Z,309.35,308.998
2015-07-28T19:07:20.000000Z,309.343,309.004
2015-07-28T19:07:40.000000Z,309.293,309.068
2015-07-28T19:07:50.000000Z,309.3,309.064
2015-07-28T19:08:00.000000Z,309.296,309.073
2015-07-28T19:08:20.000000Z,309.302,309.073
2015-07-28T19:08:40.000000Z,309.298,309.073
2015-07-28T19:09:00.000000Z,309.295,309.073
2015-07-28T19:09:40.000000Z,309.299,309.074
2015-07-28T19:10:10.000000Z,309.296,309.073
2015-07-28T19:11:10.000000Z,309.294,309.073
2015-07-28T19:11:40.000000Z,309.291,309.073
2015-07-28T19:11:50.000000Z,309.294,309.073
2015-07-28T19:13:10.000000Z,309.292,309.073
2015-07-28T19:13:40.000000Z,309.29,309.072
2015-07-28T19:14:30.000000Z,309.294,309.067
2015-07-28T19:14:40.000000Z,309.294,309.066
2015-07-28T19:15:50.000000Z,309.291,309.073
2015-07-28T19:16:00.000000Z,309.295,309.073
2015-07-28T19:16:20.000000Z,309.293,309.073
2015-07-28T19:17:00.000000Z,309.292,309.073
2015-07-28T19:17:20.000000Z,309.293,309.073
2015-07-28T19:17:40.000000Z,309.295,309.073
2015-07-28T19:18:00.000000Z,309.29,309.073
2015-07-28T19:19:00.000000Z,309.292,309.073
2015-07-28T19:19:20.000000Z,309.29,309.073
2015-07-28T19:19:30.000000Z,309.296,309.073
2015-07-28T19:19:40.000000Z,309.301,309.073
2015-07-28T19:20:20.000000Z,309.302,309.073
2015-07-28T19:20:40.000000Z,309.291,309.073
2015-07-28T19:23:10.000000Z,309.293,309.073
2015-07-28T19:24:10.000000Z,309.299,309.073
2015-07-28T19:24:50.000000Z,309.3,309.073
2015-07-28T19:25:00.000000Z,309.294,309.073
2015-07-28T19:25:10.000000Z,309.293,309.065
2015-07-28T19:25:30.000000Z,309.293,309.063
2015-07-28T19:26:10.000000Z,309.293,309.065
2015-07-28T19:26:30.000000Z,309.293,309.067
2015-07-28T19:26:40.000000Z,309.45,308.987
2015-07-28T19:27:20.000000Z,309.46,308.972
2015-07-28T19:27:40.000000Z,309.45,308.98
2015-07-28T19:28:20.000000Z,309.46,308.972
2015-07-28T19:28:40.000000Z,309.45,308.981
2015-07-28T19:29:00.000000Z,309.46,308.974
2015-07-28T19:29:20.000000Z,309.46,308.971
2015-07-28T19:30:10.000000Z,309.46,308.977
2015-07-28T19:30:20.000000Z,309.497,308.956
2015-07-28T19:30:30.000000Z,309.51,308.958
2015-07-28T19:30:50.000000Z,309.51,308.956
2015-07-28T19:32:00.000000Z,309.5,308.96
2015-07-28T19:32:10.000000Z,309.49,308.959
2015-07-28T19:32:20.000000Z,309.504,308.956
2015-07-28T19:32:30.000000Z,309.5,308.961
2015-07-28T19:32:40.000000Z,309.5,308.961
2015-07-28T19:32:50.000000Z,309.5,308.96
2015-07-28T19:33:00.000000Z,309.5,308.96
2015-07-28T19:33:10.000000Z,309.51,308.955
2015-07-28T19:33:20.000000Z,309.48,308.968
2015-07-28T19:33:30.000000Z,309.52,308.949
2015-07-28T19:33:40.000000Z,309.51,308.957
2015-07-28T19:33:50.000000Z,309.5,308.956
2015-07-28T19:34:00.000000Z,309.443,308.948
2015-07-28T19:34:20.000000Z,309.438,308.949
2015-07-28T19:34:40.000000Z,309.439,308.949
2015-07-28T19:35:00.000000Z,309.438,308.949
2015-07-28T19:35:20.000000Z,309.437,308.95
2015-07-28T19:35:40.000000Z,309.434,308.951
2015-07-28T19:36:00.000000Z,309.435,308.95
2015-07-28T19:36:40.000000Z,309.433,308.951
2015-07-28T19:37:00.000000Z,309.437,308.949
2015-07-28T19:37:40.000000Z,309.439,308.949
2015-07-28T19:38:00.000000Z,309.439,308.948
2015-07-28T19:38:20.000000Z,309.437,308.948
2015-07-28T19:38:40.000000Z,309.435,308.949
2015-07-28T19:39:00.000000Z,309.432,308.951
2015-07-28T19:39:50.000000Z,309.434,308.951
2015-07-28T19:40:10.000000Z,309.433,308.951
2015-07-28T19:40:30.000000Z,309.436,308.95
2015-07-28T19:41:10.000000Z,309.445,308.938
2015-07-28T19:41:30.000000Z,309.442,308.948
2015-07-28T19:41:50.000000Z,309.445,308.943
2015-07-28T19:42:10.000000Z,309.445,308.944
2015-07-28T19:42:30.000000Z,309.445,308.942
2015-07-28T19:44:10.000000Z,309.445,308.94
2015-07-28T19:44:40.000000Z,309.442,308.946
2015-07-28T19:44:50.000000Z,309.442,308.948
2015-07-28T19:45:00.000000Z,309.437,308.948
2015-07-28T19:45:20.000000Z,309.442,308.946
2015-07-28T19:45:30.000000Z,309.442,308.945
2015-07-28T19:45:40.000000Z,309.442,308.946
2015-07-28T19:46:30.000000Z,309.437,308.948
2015-07-28T19:46:50.000000Z,309.439,308.947
2015-07-28T19:47:30.000000Z,309.437,308.947
2015-07-28T19:48:10.000000Z,309.431,308.949
2015-07-28T19:48:50.000000Z,309.43,308.95
2015-07-28T19:49:30.000000Z,309.433,308.948
2015-07-28T19:50:00.000000Z,309.433,308.951
2015-07-28T19:51:40.000000Z,309.434,308.951
2015-07-28T19:52:20.000000Z,309.435,308.95
2015-07-28T19:52:40.000000Z,309.438,308.949
2015-07-28T19:53:00.000000Z,309.435,308.95
2015-07-28T19:53:20.000000Z,309.432,308.951
2015-07-28T19:53:30.000000Z,309.432,308.95
2015-07-28T19:53:40.000000Z,309.433,308.949
2015-07-28T19:54:00.000000Z,309.435,308.949
2015-07-28T19:54:10.000000Z,309.435,308.947
2015-07-28T19:54:30.000000Z,309.435,308.949
2015-07-28T19:54:40.000000Z,309.431,308.952
2015-07-28T19:55:30.000000Z,309.433,308.951
2015-07-28T19:56:10.000000Z,309.434,308.951
2015-07-28T19:56:30.000000Z,309.437,308.95
2015-07-28T19:56:50.000000Z,309.436,308.95
2015-07-28T19:57:10.000000Z,309.432,308.951
2015-07-28T19:57:40.000000Z,309.443,308.947
2015-07-28T19:58:00.000000Z,309.439,308.949
2015-07-28T19:58:30.000000Z,309.483,308.999
2015-07-28T19:58:40.000000Z,309.474,309.011
2015-07-28T19:58:50.000000Z,309.483,309.0
2015-07-28T19:59:00.000000Z,309.487,308.998
2015-07-28T19:59:30.000000Z,309.486,308.998
2015-07-28T20:00:00.000000Z,309.496,308.995
2015-07-28T20:00:20.000000Z,309.498,308.995
2015-07-28T20:00:40.000000Z,309.544,308.946
2015-07-28T20:01:20.000000Z,309.544,308.943
2015-07-28T20:01:40.000000Z,309.543,308.945
2015-07-28T20:02:00.000000Z,309.543,308.946
2015-07-28T20:03:10.000000Z,309.544,308.943
2015-07-28T20:03:50.000000Z,309.544,308.944
2015-07-28T20:06:30.000000Z,309.544,308.942
2015-07-28T20:08:40.000000Z,309.544,308.944
2015-07-28T20:09:00.000000Z,309.544,308.946
2015-07-28T20:09:20.000000Z,309.544,308.945
2015-07-28T20:14:50.000000Z,309.543,308.943
2015-07-28T20:15:30.000000Z,309.544,308.942
2015-07-28T20:15:50.000000Z,309.543,308.943
2015-07-28T20:16:30.000000Z,309.544,308.942
2015-07-28T20:17:10.000000Z,309.543,308.943
2015-07-28T20:19:00.000000Z,309.543,308.947
2015-07-28T20:19:20.000000Z,309.544,308.949
2015-07-28T20:22:40.000000Z,309.544,308.97
2015-07-28T20:23:30.000000Z,309.544,308.968
2015-07-28T20:26:10.000000Z,309.544,308.966
2015-07-28T20:26:50.000000Z,309.544,308.964
2015-07-28T20:30:00.000000Z,309.472,309.03
2015-07-28T20:30:20.000000Z,309.472,309.021
2015-07-28T20:31:20.000000Z,309.472,309.02
2015-07-28T20:32:40.000000Z,309.472,309.021
2015-07-28T20:35:10.000000Z,309.472,309.02
2015-07-28T20:38:10.000000Z,309.472,309.018
2015-07-28T20:40:00.000000Z,309.472,309.02
2015-07-28T20:41:00.000000Z,309.472,309.017
2015-07-28T20:45:00.000000Z,309.722,308.908
2015-07-28T20:45:10.000000Z,309.703,308.929
2015-07-28T20:46:00.000000Z,309.703,308.932
2015-07-28T20:46:10.000000Z,309.703,308.935
2015-07-28T20:47:10.000000Z,309.703,308.94
2015-07-28T20:47:50.000000Z,309.703,308.938
2015-07-28T20:48:00.000000Z,309.703,308.938
2015-07-28T20:49:10.000000Z,309.703,308.941
2015-07-28T20:49:50.000000Z,309.703,308.928
2015-07-28T20:50:00.000000Z,309.703,308.932
2015-07-28T20:50:20.000000Z,309.703,308.91
2015-07-28T20:50:40.000000Z,309.703,308.909
2015-07-28T20:51:40.000000Z,309.703,308.9
2015-07-28T20:51:50.000000Z,309.703,308.898
2015-07-28T20:53:20.000000Z,309.703,308.897
2015-07-28T20:53:40.000000Z,309.703,308.925
2015-07-28T20:56:10.000000Z,309.703,308.941
2015-07-28T20:56:20.000000Z,309.703,308.943
2015-07-28T20:57:10.000000Z,309.703,308.941
2015-07-28T20:58:20.000000Z,309.703,308.939
2015-07-28T20:58:40.000000Z,309.703,308.936
2015-07-28T20:59:00.000000Z,309.703,308.934
2015-07-28T20:59:10.000000Z,309.703,308.929
2015-07-28T20:59:20.000000Z,309.703,308.923
2015-07-28T21:01:30.000000Z,310.024,308.737
2015-07-28T21:01:40.000000Z,310.023,308.703
2015-07-28T21:01:50.000000Z,310.023,308.701
2015-07-28T21:03:00.000000Z,310.028,308.72
2015-07-28T21:03:10.000000Z,309.799,308.876
2015-07-28T21:03:20.000000Z,309.702,308.972
2015-07-28T21:04:50.000000Z,309.702,308.994
2015-07-28T21:05:10.000000Z,309.702,308.992
2015-07-28T21:05:40.000000Z,309.702,308.96
2015-07-28T21:05:50.000000Z,309.702,308.958
2015-07-28T21:06:10.000000Z,309.702,308.957
2015-07-28T21:08:10.000000Z,309.702,308.959
2015-07-28T21:09:30.000000Z,309.702,308.957
2015-07-28T21:12:10.000000Z,309.702,308.961
2015-07-28T21:13:20.000000Z,309.702,308.959
2015-07-28T21:13:50.000000Z,309.702,308.956
2015-07-28T21:14:20.000000Z,309.702,308.959
2015-07-28T21:15:30.000000Z,309.713,308.99
2015-07-28T21:15:40.000000Z,309.702,309.002
2015-07-28T21:32:40.000000Z,309.702,309.004
2015-07-28T21:40:30.000000Z,309.702,309.003
2015-07-28T21:47:40.000000Z,309.702,309.001
2015-07-28T21:56:00.000000Z,309.702,309.002
2015-07-28T21:57:40.000000Z,309.702,309.0
2015-07-28T21:59:00.000000Z,309.702,308.992
2015-07-28T22:00:00.000000Z,309.702,309.022
2015-07-28T22:00:10.000000Z,309.702,309.024
2015-07-28T22:00:20.000000Z,309.702,309.02
2015-07-28T22:00:30.000000Z,309.863,308.892
2015-07-28T22:00:40.000000Z,309.823,308.97
2015-07-28T22:01:10.000000Z,309.807,308.932
2015-07-28T22:01:20.000000Z,309.815,308.931
2015-07-28T22:01:30.000000Z,309.783,308.962
2015-07-28T22:01:40.000000Z,309.783,308.958
2015-07-28T22:01:50.000000Z,309.783,308.956
2015-07-28T22:02:00.000000Z,309.783,308.951
2015-07-28T22:02:30.000000Z,309.783,308.955
2015-07-28T22:03:20.000000Z,309.783,308.953
2015-07-28T22:03:40.000000Z,309.743,308.981
2015-07-28T22:04:10.000000Z,309.763,308.968
2015-07-28T22:04:40.000000Z,309.743,309.003
2015-07-28T22:05:00.000000Z,309.697,308.966
2015-07-28T22:05:10.000000Z,309.653,309.007
2015-07-28T22:05:20.000000Z,309.653,309.009
2015-07-28T22:05:50.000000Z,309.653,309.006
2015-07-28T22:06:30.000000Z,309.653,309.004
2015-07-28T22:07:10.000000Z,309.653,309.003
2015-07-28T22:07:50.000000Z,309.653,309.006
2015-07-28T22:08:00.000000Z,309.653,309.01
2015-07-28T22:08:40.000000Z,309.653,309.011
2015-07-28T22:09:20.000000Z,309.743,308.984
2015-07-28T22:09:40.000000Z,309.743,308.991
2015-07-28T22:10:30.000000Z,309.64,308.987
2015-07-28T22:10:40.000000Z,309.632,308.995
2015-07-28T22:10:50.000000Z,309.632,309.011
2015-07-28T22:12:50.000000Z,309.632,309.016
2015-07-28T22:13:10.000000Z,309.632,309.013
2015-07-28T22:13:40.000000Z,309.632,309.007
2015-07-28T22:13:50.000000Z,309.632,309.013
2015-07-28T22:15:00.000000Z,309.632,309.011
2015-07-28T22:16:40.000000Z,309.632,309.013
2015-07-28T22:19:20.000000Z,309.632,309.011
2015-07-28T22:21:10.000000Z,309.632,309.008
2015-07-28T22:26:40.000000Z,309.632,309.01
2015-07-28T22:42:30.000000Z,309.632,309.011
2015-07-28T22:43:10.000000Z,309.632,309.014
2015-07-28T22:47:20.000000Z,309.632,309.009
2015-07-28T22:50:30.000000Z,309.632,309.008
2015-07-28T22:51:30.000000Z,309.632,309.009
2015-07-28T22:54:20.000000Z,309.632,309.008
2015-07-28T22:55:20.000000Z,309.632,309.01
2015-07-28T22:57:00.000000Z,309.632,309.012
2015-07-28T23:00:00.000000Z,309.72,308.938
2015-07-28T23:00:10.000000Z,309.72,308.927
2015-07-28T23:00:30.000000Z,309.72,308.925
2015-07-28T23:00:50.000000Z,309.72,308.924
2015-07-28T23:02:10.000000Z,309.72,308.922
2015-07-28T23:03:00.000000Z,309.73,308.914
2015-07-28T23:04:20.000000Z,309.73,308.912
2015-07-28T23:06:30.000000Z,309.73,308.915
2015-07-28T23:07:30.000000Z,309.72,308.924
2015-07-28T23:08:00.000000Z,309.73,308.915
2015-07-28T23:08:40.000000Z,309.73,308.917
2015-07-28T23:09:00.000000Z,309.73,308.915
2015-07-28T23:14:30.000000Z,309.73,308.917
2015-07-28T23:15:10.000000Z,309.731,308.904
2015-07-28T23:15:30.000000Z,309.73,308.906
2015-07-28T23:17:20.000000Z,309.73,308.905
2015-07-28T23:18:00.000000Z,309.73,308.906
2015-07-28T23:18:10.000000Z,309.74,308.899
2015-07-28T23:19:30.000000Z,309.73,308.907
2015-07-28T23:22:30.000000Z,309.73,308.904
2015-07-28T23:27:30.000000Z,309.74,308.897
2015-07-28T23:28:40.000000Z,309.74,308.895
2015-07-28T23:31:20.000000Z,309.74,308.897
2015-07-28T23:32:20.000000Z,309.74,308.899
2015-07-28T23:32:50.000000Z,309.733,308.904
2015-07-28T23:33:00.000000Z,309.73,308.906
2015-07-28T23:35:30.000000Z,309.73,308.908
2015-07-28T23:36:30.000000Z,309.74,308.9
2015-07-28T23:42:00.000000Z,309.74,308.901
2015-07-28T23:45:10.000000Z,309.74,308.9
2015-07-28T23:46:50.000000Z,309.73,308.908
2015-07-28T23:47:20.000000Z,309.73,308.907
2015-07-28T23:49:10.000000Z,309.74,308.899
2015-07-28T23:54:10.000000Z,309.73,308.905
2015-07-28T23:56:10.000000Z,309.73,308.907
2015-07-28T23:58:40.000000Z,309.73,308.905
2015-07-28T23:59:20.000000Z,309.74,308.898
2015-07-28T23:59:50.000000Z,309.73,308.905
2015-07-29T00:01:10.000000Z,309.74,308.897
2015-07-29T00:02:30.000000Z,309.74,308.9
2015-07-29T00:03:30.000000Z,309.73,308.906
2015-07-29T00:04:50.000000Z,309.73,308.904
2015-07-29T00:05:10.000000Z,309.74,308.902
2015-07-29T00:05:30.000000Z,309.74,308.899
2015-07-29T00:06:40.000000Z,309.74,308.902
2015-07-29T00:08:20.000000Z,309.74,308.903
2015-07-29T00:09:20.000000Z,309.74,308.901
2015-07-29T00:10:40.000000Z,309.74,308.899
2015-07-29T00:12:10.000000Z,309.74,308.897
2015-07-29T00:14:10.000000Z,309.74,308.898
2015-07-29T00:16:00.000000Z,309.74,308.897
2015-07-29T00:16:20.000000Z,309.74,308.899
2015-07-29T00:17:00.000000Z,309.74,308.897
2015-07-29T00:17:20.000000Z,309.74,308.899
2015-07-29T00:19:00.000000Z,309.74,308.896
2015-07-29T00:19:20.000000Z,309.74,308.898
2015-07-29T00:19:40.000000Z,309.74,308.9
2015-07-29T00:20:00.000000Z,309.74,308.898
2015-07-29T00:21:20.000000Z,309.74,308.897
2015-07-29T00:23:10.000000Z,309.74,308.899
2015-07-29T00:26:10.000000Z,309.74,308.901
2015-07-29T00:26:50.000000Z,309.74,308.899
2015-07-29T00:30:20.000000Z,309.74,308.897
2015-07-29T00:31:20.000000Z,309.74,308.9
2015-07-29T00:31:40.000000Z,309.74,308.902
2015-07-29T00:32:00.000000Z,309.74,308.898
2015-07-29T00:32:50.000000Z,309.74,308.897
2015-07-29T00:33:50.000000Z,309.73,308.904
2015-07-29T00:34:50.000000Z,309.73,308.906
2015-07-29T00:35:10.000000Z,309.73,308.908
2015-07-29T00:37:40.000000Z,309.73,308.905
2015-07-29T00:42:20.000000Z,309.73,308.906
2015-07-29T00:42:50.000000Z,309.73,308.905
2015-07-29T00:43:50.000000Z,309.73,308.906
2015-07-29T00:45:50.000000Z,309.73,308.904
2015-07-29T00:46:50.000000Z,309.73,308.906
2015-07-29T00:48:00.000000Z,309.73,308.905
2015-07-29T00:50:00.000000Z,309.73,308.908
2015-07-29T00:50:20.000000Z,309.73,308.91
2015-07-29T00:50:40.000000Z,309.73,308.906
2015-07-29T00:51:20.000000Z,309.73,308.904
2015-07-29T00:57:40.000000Z,309.73,308.906
2015-07-29T00:58:00.000000Z,309.73,308.905
2015-07-29T01:00:20.000000Z,309.73,308.907
2015-07-29T01:00:40.000000Z,309.73,308.905
2015-07-29T01:02:30.000000Z,309.73,308.906
2015-07-29T01:02:50.000000Z,309.73,308.908
2015-07-29T01:03:10.000000Z,309.73,308.903
2015-07-29T01:03:30.000000Z,309.73,308.905
2015-07-29T01:04:10.000000Z,309.73,308.907
2015-07-29T01:07:00.000000Z,309.73,308.908
2015-07-29T01:08:00.000000Z,309.73,308.905
2015-07-29T01:10:00.000000Z,309.73,308.907
2015-07-29T01:11:00.000000Z,309.73,308.905
2015-07-29T01:11:30.000000Z,309.73,308.906
2015-07-29T01:11:50.000000Z,309.73,308.905
2015-07-29T01:12:10.000000Z,309.73,308.902
2015-07-29T01:12:50.000000Z,309.73,308.904
2015-07-29T01:13:50.000000Z,309.731,308.91
2015-07-29T01:14:10.000000Z,309.734,308.91
2015-07-29T01:14:30.000000Z,309.731,308.91
2015-07-29T01:15:10.000000Z,309.733,308.91
2015-07-29T01:16:10.000000Z,309.735,308.91
2015-07-29T01:17:00.000000Z,309.733,308.91
2015-07-29T01:19:40.000000Z,309.731,308.91
2015-07-29T01:20:00.000000Z,309.732,308.91
2015-07-29T01:20:20.000000Z,309.734,308.91
2015-07-29T01:21:20.000000Z,309.731,308.91
2015-07-29T01:21:40.000000Z,309.734,308.91
2015-07-29T01:25:30.000000Z,309.732,308.91
2015-07-29T01:27:00.000000Z,309.74,308.904
2015-07-29T01:31:00.000000Z,309.74,308.906
2015-07-29T01:31:20.000000Z,309.74,308.903
2015-07-29T01:32:30.000000Z,309.74,308.907
2015-07-29T01:32:50.000000Z,309.74,308.905
2015-07-29T01:33:40.000000Z,309.733,308.91
2015-07-29T01:36:00.000000Z,309.731,308.91
2015-07-29T01:36:40.000000Z,309.732,308.91
2015-07-29T01:37:20.000000Z,309.735,308.91
2015-07-29T01:37:40.000000Z,309.733,308.91
2015-07-29T01:41:50.000000Z,309.736,308.91
2015-07-29T01:42:10.000000Z,309.74,308.908
2015-07-29T01:42:30.000000Z,309.74,308.907
2015-07-29T01:43:10.000000Z,309.74,308.904
2015-07-29T01:43:20.000000Z,309.731,308.91
2015-07-29T01:44:50.000000Z,309.732,308.91
2015-07-29T01:45:50.000000Z,309.734,308.91
2015-07-29T01:46:30.000000Z,309.731,308.91
2015-07-29T01:47:10.000000Z,309.733,308.91
2015-07-29T01:49:20.000000Z,309.735,308.911
2015-07-29T01:50:10.000000Z,309.74,308.906
2015-07-29T01:51:40.000000Z,309.74,308.908
2015-07-29T01:52:50.000000Z,309.735,308.91
2015-07-29T01:53:50.000000Z,309.74,308.906
2015-07-29T01:54:30.000000Z,309.74,308.905
2015-07-29T01:55:50.000000Z,309.75,308.897
2015-07-29T01:56:10.000000Z,309.75,308.909
2015-07-29T01:57:40.000000Z,309.75,308.91
2015-07-29T01:59:00.000000Z,309.75,308.908
2015-07-29T01:59:20.000000Z,309.75,308.91
2015-07-29T01:59:40.000000Z,309.76,308.904
2015-07-29T02:02:20.000000Z,309.761,308.904
2015-07-29T02:03:00.000000Z,309.76,308.905
2015-07-29T02:05:00.000000Z,309.75,308.908
2015-07-29T02:05:10.000000Z,309.75,308.907
2015-07-29T02:05:50.000000Z,309.75,308.908
2015-07-29T02:06:10.000000Z,309.75,308.906
2015-07-29T02:06:30.000000Z,309.75,308.905
2015-07-29T02:07:50.000000Z,309.75,308.903
2015-07-29T02:08:30.000000Z,309.75,308.905
2015-07-29T02:09:10.000000Z,309.75,308.908
2015-07-29T02:09:40.000000Z,309.79,308.884
2015-07-29T02:09:50.000000Z,309.79,308.893
2015-07-29T02:11:10.000000Z,309.78,308.893
2015-07-29T02:14:10.000000Z,309.78,308.896
2015-07-29T02:16:10.000000Z,309.79,308.892
2015-07-29T02:20:10.000000Z,309.78,308.893
2015-07-29T02:22:10.000000Z,309.77,308.898
2015-07-29T02:22:20.000000Z,309.77,308.9
2015-07-29T02:23:40.000000Z,309.78,308.896
2015-07-29T02:25:40.000000Z,309.78,308.895
2015-07-29T02:26:10.000000Z,309.77,308.896
2015-07-29T02:27:10.000000Z,309.77,308.899
2015-07-29T02:27:30.000000Z,309.77,308.901
2015-07-29T02:27:50.000000Z,309.77,308.9
2015-07-29T02:28:40.000000Z,309.78,308.896
2015-07-29T02:33:00.000000Z,309.78,308.895
2015-07-29T02:33:40.000000Z,309.78,308.897
2015-07-29T02:35:30.000000Z,309.78,308.895
2015-07-29T02:37:10.000000Z,309.78,308.896
2015-07-29T02:38:00.000000Z,309.78,308.898
2015-07-29T02:38:10.000000Z,309.77,308.899
2015-07-29T02:38:20.000000Z,309.77,308.897
2015-07-29T02:39:10.000000Z,309.78,308.895
2015-07-29T02:39:20.000000Z,309.78,308.896
2015-07-29T02:40:10.000000Z,309.77,308.898
2015-07-29T02:40:20.000000Z,309.77,308.896
2015-07-29T02:44:00.000000Z,309.76,308.901
2015-07-29T02:44:10.000000Z,309.77,308.895
2015-07-29T02:46:10.000000Z,309.77,308.897
2015-07-29T02:59:20.000000Z,309.78,308.892
2015-07-29T02:59:40.000000Z,309.78,308.89
2015-07-29T03:03:00.000000Z,309.78,308.892
2015-07-29T03:05:40.000000Z,309.77,308.898
2015-07-29T03:06:10.000000Z,309.76,308.902
2015-07-29T03:13:00.000000Z,309.76,308.9
2015-07-29T03:30:10.000000Z,309.77,308.895
2015-07-29T03:35:00.000000Z,309.76,308.9
2015-07-29T03:36:10.000000Z,309.76,308.902
2015-07-29T03:37:10.000000Z,309.76,308.899
2015-07-29T03:48:00.000000Z,309.76,308.902
2015-07-29T03:48:20.000000Z,309.76,308.9
2015-07-29T03:48:40.000000Z,309.76,308.902
2015-07-29T03:51:00.000000Z,309.76,308.9
2015-07-29T03:55:50.000000Z,309.76,308.901
2015-07-29T03:56:50.000000Z,309.76,308.9
2015-07-29T04:01:20.000000Z,309.76,308.901
2015-07-29T04:02:30.000000Z,309.75,308.907
2015-07-29T04:05:10.000000Z,309.64,308.92
2015-07-29T04:07:30.000000Z,309.64,308.917
2015-07-29T04:09:50.000000Z,309.64,308.919
2015-07-29T04:10:10.000000Z,309.64,308.92
2015-07-29T04:13:10.000000Z,309.64,308.919
2015-07-29T04:13:20.000000Z,309.64,308.921
2015-07-29T04:14:00.000000Z,309.64,308.919
2015-07-29T04:14:20.000000Z,309.65,308.913
2015-07-29T04:14:50.000000Z,309.64,308.92
2015-07-29T04:15:00.000000Z,309.64,308.918
2015-07-29T04:15:10.000000Z,309.62,308.934
2015-07-29T04:15:20.000000Z,309.62,308.932
2015-07-29T04:16:50.000000Z,309.62,308.929
2015-07-29T04:17:10.000000Z,309.62,308.927
2015-07-29T04:17:30.000000Z,309.62,308.929
2015-07-29T04:17:50.000000Z,309.62,308.93
2015-07-29T04:18:10.000000Z,309.62,308.932
2015-07-29T04:18:50.000000Z,309.62,308.935
2015-07-29T04:19:10.000000Z,309.62,308.933
2015-07-29T04:19:30.000000Z,309.62,308.931
2015-07-29T04:20:50.000000Z,309.62,308.933
2015-07-29T04:21:10.000000Z,309.62,308.931
2015-07-29T04:22:00.000000Z,309.62,308.929
2015-07-29T04:22:20.000000Z,309.62,308.933
2015-07-29T04:23:20.000000Z,309.62,308.931
2015-07-29T04:24:20.000000Z,309.62,308.934
2015-07-29T04:24:40.000000Z,309.62,308.93
2015-07-29T04:25:00.000000Z,309.618,308.934
2015-07-29T04:25:10.000000Z,309.61,308.942
2015-07-29T04:25:20.000000Z,309.61,308.941
2015-07-29T04:25:40.000000Z,309.61,308.939
2015-07-29T04:27:00.000000Z,309.61,308.941
2015-07-29T04:27:50.000000Z,309.61,308.938
2015-07-29T04:28:30.000000Z,309.61,308.941
2015-07-29T04:29:30.000000Z,309.61,308.939
2015-07-29T04:32:20.000000Z,309.61,308.938
2015-07-29T04:32:40.000000Z,309.61,308.94
2015-07-29T04:33:00.000000Z,309.61,308.938
2015-07-29T04:33:40.000000Z,309.61,308.94
2015-07-29T04:36:20.000000Z,309.61,308.943
2015-07-29T04:36:40.000000Z,309.61,308.941
2015-07-29T04:37:00.000000Z,309.61,308.943
2015-07-29T04:37:20.000000Z,309.61,308.94
2015-07-29T04:38:10.000000Z,309.61,308.938
2015-07-29T04:39:50.000000Z,309.61,308.94
2015-07-29T04:41:30.000000Z,309.61,308.938
2015-07-29T04:41:50.000000Z,309.61,308.94
2015-07-29T04:44:00.000000Z,309.61,308.938
2015-07-29T04:46:20.000000Z,309.61,308.942
2015-07-29T04:47:00.000000Z,309.61,308.939
2015-07-29T04:49:30.000000Z,309.61,308.942
2015-07-29T04:50:10.000000Z,309.61,308.939
2015-07-29T04:50:50.000000Z,309.61,308.941
2015-07-29T04:51:30.000000Z,309.525,309.19
2015-07-29T04:51:40.000000Z,309.51,309.19
2015-07-29T04:51:50.000000Z,309.523,309.19
2015-07-29T04:52:00.000000Z,309.57,309.143
2015-07-29T04:52:10.000000Z,309.762,309.096
2015-07-29T04:52:20.000000Z,309.664,309.187
2015-07-29T04:52:30.000000Z,309.646,309.205
2015-07-29T04:52:40.000000Z,309.657,309.205
2015-07-29T04:52:50.000000Z,309.659,309.205
2015-07-29T04:53:30.000000Z,309.65,309.205
2015-07-29T04:53:50.000000Z,309.658,309.205
2015-07-29T04:54:00.000000Z,309.684,309.159
2015-07-29T04:54:10.000000Z,309.639,309.204
2015-07-29T04:54:20.000000Z,309.65,309.203
2015-07-29T04:54:30.000000Z,309.651,309.203
2015-07-29T04:55:10.000000Z,309.751,308.989
2015-07-29T04:55:20.000000Z,309.68,309.063
2015-07-29T04:55:30.000000Z,309.68,309.07
2015-07-29T04:55:50.000000Z,309.68,309.073
2015-07-29T04:56:00.000000Z,309.66,309.104
2015-07-29T04:56:20.000000Z,309.682,309.071
2015-07-29T04:56:30.000000Z,309.66,309.092
2015-07-29T04:56:50.000000Z,309.72,308.962
2015-07-29T04:57:00.000000Z,309.66,309.109
2015-07-29T04:57:20.000000Z,309.66,309.099
2015-07-29T04:57:40.000000Z,309.66,309.105
2015-07-29T04:58:00.000000Z,309.66,309.102
2015-07-29T04:58:20.000000Z,309.66,309.098
2015-07-29T04:58:30.000000Z,309.68,309.028
2015-07-29T04:58:40.000000Z,309.69,309.021
2015-07-29T04:59:00.000000Z,309.68,309.029
2015-07-29T04:59:10.000000Z,309.67,309.053
2015-07-29T04:59:30.000000Z,309.712,308.984
2015-07-29T04:59:40.000000Z,309.69,309.007
2015-07-29T04:59:50.000000Z,309.69,309.016
2015-07-29T05:00:00.000000Z,309.743,308.958
2015-07-29T05:00:10.000000Z,309.68,309.021
2015-07-29T05:00:40.000000Z,309.757,308.974
2015-07-29T05:00:50.000000Z,309.67,309.047
2015-07-29T05:01:10.000000Z,309.67,309.045
2015-07-29T05:01:50.000000Z,309.67,309.051
2015-07-29T05:02:00.000000Z,309.66,309.072
2015-07-29T05:02:10.000000Z,309.66,309.07
2015-07-29T05:02:20.000000Z,309.71,308.947
2015-07-29T05:02:30.000000Z,309.59,309.179
2015-07-29T05:02:50.000000Z,309.607,309.218
2015-07-29T05:03:00.000000Z,309.6,309.214
2015-07-29T05:03:10.000000Z,309.6,309.226
2015-07-29T05:03:30.000000Z,309.603,309.27
2015-07-29T05:03:50.000000Z,309.63,309.217
2015-07-29T05:04:30.000000Z,309.63,309.214
2015-07-29T05:05:10.000000Z,309.63,309.218
2015-07-29T05:05:30.000000Z,309.63,309.215
2015-07-29T05:05:50.000000Z,309.83,309.003
2015-07-29T05:06:00.000000Z,309.651,309.198
2015-07-29T05:06:10.000000Z,309.62,309.228
2015-07-29T05:06:20.000000Z,309.714,309.126
2015-07-29T05:06:30.000000Z,309.617,309.225
2015-07-29T05:06:40.000000Z,309.759,309.111
2015-07-29T05:06:50.000000Z,309.663,309.218
2015-07-29T05:07:00.000000Z,309.6,309.27
2015-07-29T05:07:20.000000Z,309.56,309.268
2015-07-29T05:07:50.000000Z,309.827,308.978
2015-07-29T05:08:00.000000Z,309.669,309.208
2015-07-29T05:08:10.000000Z,309.59,309.279
2015-07-29T05:08:20.000000Z,309.608,309.274
2015-07-29T05:08:30.000000Z,309.6,309.283
2015-07-29T05:08:40.000000Z,309.6,309.272
2015-07-29T05:09:00.000000Z,309.6,309.282
2015-07-29T05:10:20.000000Z,309.6,309.296
2015-07-29T05:10:40.000000Z,309.61,309.289
2015-07-29T05:10:50.000000Z,309.61,309.273
2015-07-29T05:12:10.000000Z,309.6,309.295
2015-07-29T05:12:20.000000Z,309.6,309.298
2015-07-29T05:12:30.000000Z,309.6,309.298
2015-07-29T05:12:40.000000Z,309.6,309.297
2015-07-29T05:12:50.000000Z,309.6,309.293
2015-07-29T05:13:40.000000Z,309.6,309.289
2015-07-29T05:15:20.000000Z,309.6,309.285
2015-07-29T05:15:30.000000Z,309.6,309.281
2015-07-29T05:15:50.000000Z,309.594,309.287
2015-07-29T05:16:00.000000Z,309.59,309.291
2015-07-29T05:16:50.000000Z,309.59,309.293
2015-07-29T05:17:10.000000Z,309.59,309.292
2015-07-29T05:17:30.000000Z,309.594,309.285
2015-07-29T05:17:40.000000Z,309.59,309.273
2015-07-29T05:17:50.000000Z,309.59,309.289
2015-07-29T05:18:30.000000Z,309.59,309.29
2015-07-29T05:18:50.000000Z,309.59,309.288
2015-07-29T05:19:20.000000Z,309.59,309.286
2015-07-29T05:19:30.000000Z,309.59,309.289
2015-07-29T05:20:00.000000Z,309.594,309.284
2015-07-29T05:20:10.000000Z,309.59,309.288
2015-07-29T05:20:40.000000Z,309.59,309.29
2015-07-29T05:22:40.000000Z,309.59,309.289
2015-07-29T05:23:20.000000Z,309.59,309.287
2015-07-29T05:24:00.000000Z,309.59,309.289
2015-07-29T05:24:10.000000Z,309.594,309.286
2015-07-29T05:24:20.000000Z,309.59,309.291
2015-07-29T05:24:30.000000Z,309.594,309.286
2015-07-29T05:24:40.000000Z,309.59,309.297
2015-07-29T05:24:50.000000Z,309.595,309.287
2015-07-29T05:25:00.000000Z,309.59,309.292
2015-07-29T05:26:40.000000Z,309.59,309.291
2015-07-29T05:27:10.000000Z,309.58,309.281
2015-07-29T05:27:20.000000Z,309.58,309.304
2015-07-29T05:27:30.000000Z,309.58,309.305
2015-07-29T05:28:20.000000Z,309.58,309.299
2015-07-29T05:28:30.000000Z,309.58,309.299
2015-07-29T05:31:20.000000Z,309.58,309.284
2015-07-29T05:33:00.000000Z,309.59,309.276
2015-07-29T05:33:10.000000Z,309.58,309.284
2015-07-29T05:33:20.000000Z,309.58,309.281
2015-07-29T05:33:40.000000Z,309.59,309.276
2015-07-29T05:33:50.000000Z,309.58,309.284
2015-07-29T05:35:20.000000Z,309.58,309.28
2015-07-29T05:35:40.000000Z,309.58,309.282
2015-07-29T05:37:10.000000Z,309.58,309.284
2015-07-29T05:37:50.000000Z,309.58,309.282
2015-07-29T05:40:10.000000Z,309.58,309.28
2015-07-29T05:40:30.000000Z,309.58,309.283
2015-07-29T05:41:00.000000Z,309.59,309.275
2015-07-29T05:41:10.000000Z,309.59,309.273
2015-07-29T05:41:30.000000Z,309.59,309.275
2015-07-29T05:42:10.000000Z,309.58,309.283
2015-07-29T05:42:40.000000Z,309.58,309.297
2015-07-29T05:43:00.000000Z,309.58,309.294
2015-07-29T05:43:10.000000Z,309.58,309.279
2015-07-29T05:43:40.000000Z,309.58,309.282
2015-07-29T05:43:50.000000Z,309.58,309.302
2015-07-29T05:44:00.000000Z,309.58,309.3
2015-07-29T05:45:40.000000Z,309.58,309.298
2015-07-29T05:46:00.000000Z,309.58,309.279
2015-07-29T05:46:10.000000Z,309.58,309.293
2015-07-29T05:46:50.000000Z,309.58,309.29
2015-07-29T05:47:10.000000Z,309.58,309.293
2015-07-29T05:48:30.000000Z,309.584,309.288
2015-07-29T05:48:40.000000Z,309.594,309.28
2015-07-29T05:48:50.000000Z,309.594,309.28
2015-07-29T05:49:00.000000Z,309.594,309.276
2015-07-29T05:49:10.000000Z,309.59,309.281
2015-07-29T05:50:10.000000Z,309.59,309.279
2015-07-29T05:51:10.000000Z,309.59,309.281
2015-07-29T05:51:40.000000Z,309.594,309.279
2015-07-29T05:51:50.000000Z,309.59,309.285
2015-07-29T05:52:00.000000Z,309.59,309.286
2015-07-29T05:52:20.000000Z,309.59,309.289
2015-07-29T05:53:00.000000Z,309.59,309.286
2015-07-29T05:53:20.000000Z,309.59,309.284
2015-07-29T05:54:00.000000Z,309.59,309.269
2015-07-29T05:54:10.000000Z,309.59,309.285
2015-07-29T05:54:20.000000Z,309.59,309.269
2015-07-29T05:54:30.000000Z,309.59,309.283
2015-07-29T05:55:30.000000Z,309.59,309.268
2015-07-29T05:55:40.000000Z,309.59,309.282
2015-07-29T05:56:00.000000Z,309.59,309.27
2015-07-29T05:56:10.000000Z,309.59,309.271
2015-07-29T05:57:00.000000Z,309.59,309.285
2015-07-29T05:57:20.000000Z,309.59,309.281
2015-07-29T05:58:00.000000Z,309.59,309.28
2015-07-29T05:58:10.000000Z,309.59,309.282
2015-07-29T05:58:20.000000Z,309.59,309.276
2015-07-29T05:58:30.000000Z,309.59,309.27
2015-07-29T05:59:00.000000Z,309.87,309.124
2015-07-29T05:59:10.000000Z,309.91,309.087
2015-07-29T05:59:20.000000Z,309.93,309.097
2015-07-29T05:59:30.000000Z,309.926,309.101
2015-07-29T05:59:40.000000Z,309.964,309.064
2015-07-29T05:59:50.000000Z,309.964,309.075
2015-07-29T06:00:00.000000Z,309.835,309.291
2015-07-29T06:00:10.000000Z,309.857,309.277
2015-07-29T06:00:20.000000Z,309.857,309.277
2015-07-29T06:00:30.000000Z,309.852,309.281
2015-07-29T06:00:40.000000Z,309.852,309.281
2015-07-29T06:00:50.000000Z,309.855,309.279
2015-07-29T06:01:00.000000Z,309.807,309.288
2015-07-29T06:01:20.000000Z,309.806,309.288
2015-07-29T06:01:40.000000Z,309.801,309.29
2015-07-29T06:02:00.000000Z,309.802,309.295
2015-07-29T06:02:10.000000Z,309.802,309.29
2015-07-29T06:02:20.000000Z,309.802,309.294
2015-07-29T06:02:30.000000Z,309.802,309.289
2015-07-29T06:02:40.000000Z,309.801,309.289
2015-07-29T06:03:00.000000Z,309.806,309.287
2015-07-29T06:03:10.000000Z,309.806,309.284
2015-07-29T06:03:20.000000Z,309.802,309.285
2015-07-29T06:03:30.000000Z,309.802,309.278
2015-07-29T06:03:40.000000Z,309.8,309.278
2015-07-29T06:03:50.000000Z,309.786,309.284
2015-07-29T06:04:00.000000Z,309.786,309.288
2015-07-29T06:04:10.000000Z,309.791,309.281
2015-07-29T06:04:30.000000Z,309.789,309.282
2015-07-29T06:04:40.000000Z,309.789,309.287
2015-07-29T06:04:50.000000Z,309.789,309.287
2015-07-29T06:05:10.000000Z,309.787,309.288
2015-07-29T06:05:20.000000Z,309.787,309.283
2015-07-29T06:05:30.000000Z,309.792,309.286
2015-07-29T06:05:40.000000Z,309.792,309.281
2015-07-29T06:05:50.000000Z,309.785,309.289
2015-07-29T06:06:00.000000Z,309.785,309.284
2015-07-29T06:06:10.000000Z,309.795,309.28
2015-07-29T06:06:30.000000Z,309.795,309.285
2015-07-29T06:06:40.000000Z,309.795,309.291
2015-07-29T06:07:00.000000Z,309.785,309.295
2015-07-29T06:07:10.000000Z,309.785,309.317
2015-07-29T06:07:20.000000Z,309.796,309.312
2015-07-29T06:07:40.000000Z,309.801,309.31
2015-07-29T06:08:00.000000Z,309.802,309.31
2015-07-29T06:08:10.000000Z,309.649,309.282
2015-07-29T06:08:20.000000Z,309.797,309.308
2015-07-29T06:08:30.000000Z,309.637,309.279
2015-07-29T06:08:50.000000Z,309.635,309.262
2015-07-29T06:09:10.000000Z,309.631,309.264
2015-07-29T06:09:20.000000Z,309.631,309.258
2015-07-29T06:09:30.000000Z,309.63,309.259
2015-07-29T06:09:50.000000Z,309.633,309.258
2015-07-29T06:10:10.000000Z,309.626,309.261
2015-07-29T06:10:30.000000Z,309.628,309.26
2015-07-29T06:11:10.000000Z,309.626,309.261
2015-07-29T06:11:30.000000Z,309.623,309.268
2015-07-29T06:11:40.000000Z,309.623,309.268
2015-07-29T06:11:50.000000Z,309.625,309.261
2015-07-29T06:12:00.000000Z,309.625,309.267
2015-07-29T06:12:10.000000Z,309.626,309.266
2015-07-29T06:13:00.000000Z,309.625,309.27
2015-07-29T06:13:10.000000Z,309.625,309.272
2015-07-29T06:13:20.000000Z,309.623,309.273
2015-07-29T06:13:40.000000Z,309.623,309.272
2015-07-29T06:13:50.000000Z,309.626,309.281
2015-07-29T06:14:00.000000Z,309.628,309.281
2015-07-29T06:14:10.000000Z,309.631,309.257
2015-07-29T06:14:20.000000Z,309.624,309.262
2015-07-29T06:14:40.000000Z,309.622,309.269
2015-07-29T06:14:50.000000Z,309.622,309.263
2015-07-29T06:15:00.000000Z,309.605,309.241
2015-07-29T06:15:10.000000Z,309.605,309.236
2015-07-29T06:15:30.000000Z,309.631,309.258
2015-07-29T06:15:40.000000Z,309.604,309.23
2015-07-29T06:16:10.000000Z,309.587,309.23
2015-07-29T06:16:20.000000Z,309.597,309.272
2015-07-29T06:16:30.000000Z,309.607,309.268
2015-07-29T06:17:20.000000Z,309.613,309.26
2015-07-29T06:18:00.000000Z,309.617,309.261
2015-07-29T06:18:20.000000Z,309.617,309.263
2015-07-29T06:18:30.000000Z,309.613,309.26
2015-07-29T06:18:40.000000Z,309.623,309.257
2015-07-29T06:19:00.000000Z,309.624,309.256
2015-07-29T06:20:00.000000Z,309.624,309.259
2015-07-29T06:20:20.000000Z,309.629,309.256
2015-07-29T06:21:10.000000Z,309.628,309.257
2015-07-29T06:21:50.000000Z,309.627,309.259
2015-07-29T06:22:10.000000Z,309.627,309.262
2015-07-29T06:22:30.000000Z,309.621,309.261
2015-07-29T06:22:50.000000Z,309.627,309.258
2015-07-29T06:23:30.000000Z,309.624,309.259
2015-07-29T06:23:50.000000Z,309.623,309.254
2015-07-29T06:24:10.000000Z,309.621,309.255
2015-07-29T06:24:30.000000Z,309.624,309.254
2015-07-29T06:24:50.000000Z,309.623,309.255
2015-07-29T06:25:00.000000Z,309.617,309.263
2015-07-29T06:25:10.000000Z,309.617,309.265
2015-07-29T06:25:30.000000Z,309.617,309.263
2015-07-29T06:25:40.000000Z,309.613,309.26
2015-07-29T06:25:50.000000Z,309.613,309.258
2015-07-29T06:26:00.000000Z,309.607,309.253
2015-07-29T06:26:10.000000Z,309.614,309.252
2015-07-29T06:26:30.000000Z,309.607,309.255
2015-07-29T06:26:40.000000Z,309.603,309.253
2015-07-29T06:26:50.000000Z,309.593,309.258
2015-07-29T06:27:00.000000Z,309.594,309.256
2015-07-29T06:27:20.000000Z,309.594,309.258
2015-07-29T06:27:30.000000Z,309.583,309.263
2015-07-29T06:27:40.000000Z,309.583,309.261
2015-07-29T06:27:50.000000Z,309.573,309.267
2015-07-29T06:28:40.000000Z,309.573,309.269
2015-07-29T06:29:30.000000Z,309.567,309.277
2015-07-29T06:30:00.000000Z,309.56,309.28
2015-07-29T06:30:10.000000Z,309.56,309.282
2015-07-29T06:30:20.000000Z,309.557,309.284
2015-07-29T06:30:40.000000Z,309.557,309.282
2015-07-29T06:31:00.000000Z,309.557,309.283
2015-07-29T06:31:30.000000Z,309.56,309.278
2015-07-29T06:31:40.000000Z,309.56,309.281
2015-07-29T06:32:20.000000Z,309.56,309.284
2015-07-29T06:32:30.000000Z,309.565,309.29
2015-07-29T06:32:50.000000Z,309.561,309.29
2015-07-29T06:35:50.000000Z,309.562,309.29
2015-07-29T06:36:10.000000Z,309.557,309.29
2015-07-29T06:36:50.000000Z,309.56,309.29
2015-07-29T06:37:00.000000Z,309.562,309.29
2015-07-29T06:37:10.000000Z,309.562,309.297
2015-07-29T06:37:20.000000Z,309.564,309.29
2015-07-29T06:37:30.000000Z,309.562,309.29
2015-07-29T06:38:10.000000Z,309.561,309.29
2015-07-29T06:39:10.000000Z,309.556,309.282
2015-07-29T06:39:20.000000Z,309.558,309.281
2015-07-29T06:39:40.000000Z,309.558,309.268
2015-07-29T06:40:00.000000Z,309.56,309.267
2015-07-29T06:40:10.000000Z,309.56,309.271
2015-07-29T06:40:20.000000Z,309.56,309.275
2015-07-29T06:40:40.000000Z,309.556,309.273
2015-07-29T06:41:20.000000Z,309.554,309.274
2015-07-29T06:41:40.000000Z,309.558,309.272
2015-07-29T06:43:20.000000Z,309.559,309.271
2015-07-29T06:43:40.000000Z,309.556,309.273
2015-07-29T06:44:00.000000Z,309.554,309.274
2015-07-29T06:44:20.000000Z,309.56,309.275
2015-07-29T06:44:40.000000Z,309.56,309.277
2015-07-29T06:45:40.000000Z,309.555,309.279
2015-07-29T06:45:50.000000Z,309.555,309.275
2015-07-29T06:46:20.000000Z,309.558,309.274
2015-07-29T06:46:40.000000Z,309.56,309.273
2015-07-29T06:47:00.000000Z,309.556,309.275
2015-07-29T06:47:20.000000Z,309.558,309.274
2015-07-29T06:47:50.000000Z,309.56,309.274
2015-07-29T06:48:10.000000Z,309.547,309.279
2015-07-29T06:48:20.000000Z,309.543,309.279
2015-07-29T06:48:40.000000Z,309.547,309.28
2015-07-29T06:48:50.000000Z,309.547,309.278
2015-07-29T06:49:50.000000Z,309.544,309.279
2015-07-29T06:50:00.000000Z,309.547,309.278
2015-07-29T06:51:00.000000Z,309.553,309.272
2015-07-29T06:51:30.000000Z,309.554,309.275
2015-07-29T06:52:00.000000Z,309.547,309.278
2015-07-29T06:52:10.000000Z,309.566,309.291
2015-07-29T06:52:50.000000Z,309.536,309.257
2015-07-29T06:53:00.000000Z,309.522,309.245
2015-07-29T06:53:20.000000Z,309.524,309.245
2015-07-29T06:53:30.000000Z,309.521,309.245
2015-07-29T06:53:50.000000Z,309.52,309.245
2015-07-29T06:54:10.000000Z,309.522,309.245
2015-07-29T06:54:30.000000Z,309.524,309.245
2015-07-29T06:56:00.000000Z,309.526,309.245
2015-07-29T06:56:10.000000Z,309.524,309.245
2015-07-29T06:56:20.000000Z,309.521,309.245
2015-07-29T06:56:50.000000Z,309.519,309.245
2015-07-29T06:57:10.000000Z,309.521,309.245
2015-07-29T06:57:20.000000Z,309.519,309.245
2015-07-29T06:57:30.000000Z,309.525,309.243
2015-07-29T06:57:40.000000Z,309.525,309.244
2015-07-29T06:59:00.000000Z,309.526,309.243
2015-07-29T06:59:10.000000Z,309.525,309.244
2015-07-29T06:59:40.000000Z,309.53,309.245
2015-07-29T06:59:50.000000Z,309.533,309.245
2015-07-29T07:00:00.000000Z,309.527,309.245
2015-07-29T07:00:10.000000Z,309.524,309.245
2015-07-29T07:00:30.000000Z,309.523,309.241
2015-07-29T07:00:50.000000Z,309.523,309.244
2015-07-29T07:01:00.000000Z,309.507,309.245
2015-07-29T07:01:10.000000Z,309.504,309.245
2015-07-29T07:01:20.000000Z,309.502,309.245
2015-07-29T07:01:40.000000Z,309.506,309.245
2015-07-29T07:01:50.000000Z,309.512,309.245
2015-07-29T07:02:00.000000Z,309.509,309.247
2015-07-29T07:02:10.000000Z,309.508,309.247
2015-07-29T07:02:20.000000Z,309.504,309.247
2015-07-29T07:02:50.000000Z,309.507,309.247
2015-07-29T07:03:00.000000Z,309.508,309.245
2015-07-29T07:03:30.000000Z,309.504,309.245
2015-07-29T07:03:40.000000Z,309.504,309.243
2015-07-29T07:04:00.000000Z,309.509,309.245
2015-07-29T07:04:10.000000Z,309.506,309.245
2015-07-29T07:04:30.000000Z,309.504,309.245
2015-07-29T07:04:40.000000Z,309.504,309.238
2015-07-29T07:05:20.000000Z,309.504,309.242
2015-07-29T07:05:30.000000Z,309.504,309.242
2015-07-29T07:06:20.000000Z,309.496,309.235
2015-07-29T07:07:00.000000Z,309.495,309.245
2015-07-29T07:07:10.000000Z,309.502,309.241
2015-07-29T07:07:30.000000Z,309.494,309.239
2015-07-29T07:07:50.000000Z,309.493,309.234
2015-07-29T07:08:00.000000Z,309.493,309.233
2015-07-29T07:08:10.000000Z,309.489,309.226
2015-07-29T07:08:20.000000Z,309.489,309.224
2015-07-29T07:08:30.000000Z,309.486,309.225
2015-07-29T07:08:50.000000Z,309.483,309.221
2015-07-29T07:09:00.000000Z,309.473,309.224
2015-07-29T07:09:10.000000Z,309.482,309.22
2015-07-29T07:09:30.000000Z,309.483,309.224
2015-07-29T07:09:40.000000Z,309.474,309.231
2015-07-29T07:09:50.000000Z,309.473,309.234
2015-07-29T07:10:00.000000Z,309.483,309.233
2015-07-29T07:10:10.000000Z,309.483,309.222
2015-07-29T07:10:20.000000Z,309.391,309.091
2015-07-29T07:10:30.000000Z,309.389,309.095
2015-07-29T07:10:40.000000Z,309.388,309.092
2015-07-29T07:11:00.000000Z,309.388,309.093
2015-07-29T07:11:20.000000Z,309.388,309.1
2015-07-29T07:11:30.000000Z,309.388,309.104
2015-07-29T07:11:40.000000Z,309.388,309.096
2015-07-29T07:11:50.000000Z,309.388,309.097
2015-07-29T07:12:00.000000Z,309.388,309.097
2015-07-29T07:12:20.000000Z,309.388,309.096
2015-07-29T07:12:40.000000Z,309.388,309.103
2015-07-29T07:12:50.000000Z,309.388,309.103
2015-07-29T07:13:10.000000Z,309.388,309.099
2015-07-29T07:13:40.000000Z,309.475,309.173
2015-07-29T07:13:50.000000Z,309.492,309.195
2015-07-29T07:14:00.000000Z,309.497,309.195
2015-07-29T07:14:10.000000Z,309.49,309.195
2015-07-29T07:14:20.000000Z,309.517,309.198
2015-07-29T07:14:30.000000Z,309.521,309.24
2015-07-29T07:14:40.000000Z,309.523,309.247
2015-07-29T07:14:50.000000Z,309.52,309.247
2015-07-29T07:15:00.000000Z,309.523,309.247
2015-07-29T07:15:10.000000Z,309.512,309.26
2015-07-29T07:15:20.000000Z,309.52,309.26
2015-07-29T07:15:40.000000Z,309.523,309.267
2015-07-29T07:15:50.000000Z,310.133,309.06
2015-07-29T07:16:00.000000Z,309.774,309.26
2015-07-29T07:16:10.000000Z,309.78,309.275
2015-07-29T07:16:30.000000Z,309.776,309.275
2015-07-29T07:16:40.000000Z,309.776,309.275
2015-07-29T07:16:50.000000Z,309.791,309.275
2015-07-29T07:17:10.000000Z,309.79,309.275
2015-07-29T07:17:20.000000Z,309.78,309.275
2015-07-29T07:17:40.000000Z,309.782,309.275
2015-07-29T07:17:50.000000Z,309.765,309.269
2015-07-29T07:18:10.000000Z,309.984,309.467
2015-07-29T07:18:20.000000Z,309.905,309.622
2015-07-29T07:18:30.000000Z,309.986,309.314
2015-07-29T07:18:40.000000Z,309.757,309.342
2015-07-29T07:18:50.000000Z,309.756,309.342
2015-07-29T07:19:00.000000Z,309.759,309.345
2015-07-29T07:19:10.000000Z,309.908,309.315
2015-07-29T07:19:30.000000Z,309.919,309.314
2015-07-29T07:19:40.000000Z,309.831,309.346
2015-07-29T07:19:50.000000Z,309.831,309.334
2015-07-29T07:20:00.000000Z,309.831,309.333
2015-07-29T07:20:20.000000Z,309.831,309.337
2015-07-29T07:20:30.000000Z,309.831,309.337
2015-07-29T07:20:40.000000Z,309.873,309.322
2015-07-29T07:20:50.000000Z,309.859,309.329
2015-07-29T07:21:00.000000Z,309.878,309.317
2015-07-29T07:21:20.000000Z,309.877,309.318
2015-07-29T07:21:30.000000Z,309.904,309.309
2015-07-29T07:21:40.000000Z,309.92,309.315
2015-07-29T07:21:50.000000Z,309.904,309.323
2015-07-29T07:22:00.000000Z,309.92,309.316
2015-07-29T07:22:10.000000Z,309.861,309.328
2015-07-29T07:22:20.000000Z,309.861,309.322
2015-07-29T07:22:40.000000Z,309.861,309.324
2015-07-29T07:23:00.000000Z,309.855,309.325
2015-07-29T07:23:20.000000Z,309.851,309.32
2015-07-29T07:23:40.000000Z,309.87,309.202
2015-07-29T07:23:50.000000Z,309.861,309.221
2015-07-29T07:24:00.000000Z,309.831,309.322
2015-07-29T07:24:20.000000Z,309.831,309.323
2015-07-29T07:24:30.000000Z,309.84,309.318
2015-07-29T07:24:50.000000Z,309.84,309.319
2015-07-29T07:25:00.000000Z,309.787,309.205
2015-07-29T07:25:10.000000Z,309.777,309.212
2015-07-29T07:25:20.000000Z,309.845,309.202
2015-07-29T07:25:30.000000Z,309.771,309.204
2015-07-29T07:25:50.000000Z,309.771,309.204
2015-07-29T07:26:20.000000Z,309.771,309.204
2015-07-29T07:26:30.000000Z,309.771,309.201
2015-07-29T07:26:50.000000Z,309.764,309.203
2015-07-29T07:27:10.000000Z,309.767,309.201
2015-07-29T07:27:20.000000Z,309.767,309.204
2015-07-29T07:27:40.000000Z,309.768,309.201
2015-07-29T07:27:50.000000Z,309.768,309.204
2015-07-29T07:28:10.000000Z,309.764,309.206
2015-07-29T07:28:20.000000Z,309.75,309.252
2015-07-29T07:28:40.000000Z,309.75,309.249
2015-07-29T07:29:00.000000Z,309.75,309.252
2015-07-29T07:29:20.000000Z,309.85,309.233
2015-07-29T07:29:30.000000Z,309.834,309.244
2015-07-29T07:29:40.000000Z,309.812,309.25
2015-07-29T07:29:50.000000Z,309.812,309.243
2015-07-29T07:30:00.000000Z,309.81,309.242
2015-07-29T07:30:10.000000Z,309.81,309.242
2015-07-29T07:30:20.000000Z,309.81,309.245
2015-07-29T07:30:40.000000Z,309.81,309.239
2015-07-29T07:31:00.000000Z,309.81,309.242
2015-07-29T07:31:20.000000Z,309.81,309.24
2015-07-29T07:32:10.000000Z,309.734,309.259
2015-07-29T07:32:20.000000Z,309.657,309.238
2015-07-29T07:32:30.000000Z,309.631,309.264
2015-07-29T07:32:40.000000Z,309.631,309.258
2015-07-29T07:32:50.000000Z,309.631,309.261
2015-07-29T07:33:10.000000Z,309.631,309.261
2015-07-29T07:33:30.000000Z,309.631,309.266
