time,closeAsk,closeBid,volume
2015-08-11T06:43:50.000000Z,311.25,311.0,45.0
2015-08-11T06:43:55.000000Z,311.25,311.0,26.0
2015-08-11T06:44:00.000000Z,311.25,311.0,15.0
2015-08-11T06:44:15.000000Z,311.25,311.0,5.0
2015-08-11T06:44:20.000000Z,311.25,311.0,9.0
2015-08-11T06:44:40.000000Z,311.25,311.0,1.0
2015-08-11T06:44:50.000000Z,311.25,311.0,1.0
2015-08-11T06:45:00.000000Z,311.25,311.0,4.0
2015-08-11T06:45:05.000000Z,311.25,311.0,1.0
2015-08-11T06:45:10.000000Z,311.25,311.0,1.0
2015-08-11T06:45:15.000000Z,311.25,311.0,1.0
2015-08-11T06:45:25.000000Z,311.25,311.0,1.0
2015-08-11T06:45:40.000000Z,311.25,311.0,1.0
2015-08-11T06:46:05.000000Z,311.25,311.0,2.0
2015-08-11T06:47:25.000000Z,311.25,311.0,3.0
2015-08-11T06:47:30.000000Z,311.25,311.0,2.0
2015-08-11T06:47:45.000000Z,311.25,311.0,1.0
2015-08-11T06:47:50.000000Z,311.25,311.0,3.0
2015-08-11T06:48:10.000000Z,311.25,311.0,1.0
2015-08-11T06:48:15.000000Z,311.25,311.0,2.0
2015-08-11T06:48:35.000000Z,311.25,311.0,1.0
2015-08-11T06:48:40.000000Z,311.25,311.0,2.0
2015-08-11T06:48:45.000000Z,311.25,311.0,1.0
2015-08-11T06:48:50.000000Z,311.25,311.0,2.0
2015-08-11T06:49:20.000000Z,311.25,311.0,3.0
2015-08-11T06:49:25.000000Z,311.25,311.0,1.0
2015-08-11T06:49:35.000000Z,311.25,311.0,13.0
2015-08-11T06:49:40.000000Z,311.25,311.0,1.0
2015-08-11T06:49:45.000000Z,311.25,311.0,3.0
2015-08-11T06:49:55.000000Z,311.25,311.0,2.0
2015-08-11T06:50:15.000000Z,311.25,311.0,1.0
2015-08-11T06:50:25.000000Z,311.25,311.0,3.0
2015-08-11T06:50:35.000000Z,311.25,311.0,3.0
2015-08-11T06:50:40.000000Z,311.25,311.0,1.0
2015-08-11T06:50:50.000000Z,311.25,311.0,2.0
2015-08-11T06:50:55.000000Z,311.25,311.0,1.0
2015-08-11T06:51:15.000000Z,311.25,311.0,14.0
2015-08-11T06:51:25.000000Z,311.25,311.0,4.0
2015-08-11T06:51:30.000000Z,311.25,311.0,40.0
2015-08-11T06:51:35.000000Z,311.0,310.75,30.0
2015-08-11T06:51:40.000000Z,311.25,311.0,19.0
2015-08-11T06:51:45.000000Z,311.25,311.0,54.0
2015-08-11T06:51:50.000000Z,311.25,310.75,3.0
2015-08-11T06:52:10.000000Z,311.0,310.75,36.0
2015-08-11T06:52:15.000000Z,311.0,311.0,1.0
2015-08-11T06:52:20.000000Z,311.25,310.75,9.0
2015-08-11T06:52:25.000000Z,311.0,310.75,39.0
2015-08-11T06:52:30.000000Z,311.0,310.75,3.0
2015-08-11T06:52:35.000000Z,311.0,310.75,3.0
2015-08-11T06:52:40.000000Z,311.0,310.75,5.0
2015-08-11T06:52:45.000000Z,311.0,310.75,2.0
2015-08-11T06:52:50.000000Z,311.0,310.75,4.0
2015-08-11T06:53:05.000000Z,311.25,310.75,29.0
2015-08-11T06:53:10.000000Z,311.25,310.75,19.0
2015-08-11T06:53:15.000000Z,311.0,310.75,11.0
2015-08-11T06:53:20.000000Z,311.25,310.75,43.0
2015-08-11T06:53:25.000000Z,311.0,310.75,9.0
2015-08-11T06:53:35.000000Z,311.0,310.75,2.0
2015-08-11T06:53:50.000000Z,311.0,310.75,2.0
2015-08-11T06:53:55.000000Z,311.0,310.75,1.0
2015-08-11T06:54:00.000000Z,311.0,310.75,27.0
2015-08-11T06:54:15.000000Z,311.0,310.75,1.0
2015-08-11T06:54:40.000000Z,311.25,310.75,23.0
2015-08-11T06:54:45.000000Z,311.0,310.75,12.0
2015-08-11T06:54:50.000000Z,311.0,310.75,63.0
2015-08-11T06:54:55.000000Z,311.0,310.75,2.0
2015-08-11T06:55:00.000000Z,311.0,310.75,2.0
2015-08-11T06:55:10.000000Z,311.0,310.75,2.0
2015-08-11T06:55:25.000000Z,311.0,310.75,27.0
2015-08-11T06:55:30.000000Z,311.0,310.75,2.0
2015-08-11T06:55:40.000000Z,311.25,310.75,41.0
2015-08-11T06:55:45.000000Z,311.0,310.75,17.0
2015-08-11T06:55:50.000000Z,311.25,310.75,6.0
2015-08-11T06:55:55.000000Z,311.0,310.75,11.0
2015-08-11T06:56:00.000000Z,311.0,310.75,2.0
2015-08-11T06:56:15.000000Z,311.0,310.75,1.0
2015-08-11T06:56:30.000000Z,311.0,310.75,1.0
2015-08-11T06:57:00.000000Z,311.0,310.75,2.0
2015-08-11T06:57:05.000000Z,311.5,310.75,19.0
2015-08-11T06:57:10.000000Z,311.25,310.75,41.0
2015-08-11T06:57:15.000000Z,311.0,310.75,6.0
2015-08-11T06:57:20.000000Z,311.0,310.75,1.0
2015-08-11T06:57:35.000000Z,311.0,310.75,1.0
2015-08-11T06:57:45.000000Z,311.0,310.75,2.0
2015-08-11T06:58:00.000000Z,311.25,310.75,49.0
2015-08-11T06:58:05.000000Z,311.25,310.75,92.0
2015-08-11T06:58:10.000000Z,311.0,310.75,17.0
2015-08-11T06:58:15.000000Z,311.0,310.75,3.0
2015-08-11T06:58:20.000000Z,311.5,311.0,38.0
2015-08-11T06:58:25.000000Z,311.25,311.0,2.0
2015-08-11T06:58:35.000000Z,311.5,310.75,14.0
2015-08-11T06:58:55.000000Z,311.5,310.75,3.0
2015-08-11T06:59:00.000000Z,311.5,310.75,2.0
2015-08-11T06:59:05.000000Z,311.5,310.75,1.0
2015-08-11T06:59:10.000000Z,311.5,310.75,11.0
2015-08-11T06:59:15.000000Z,311.25,310.75,19.0
2015-08-11T06:59:20.000000Z,311.25,310.75,9.0
2015-08-11T06:59:25.000000Z,311.25,310.75,1.0
2015-08-11T06:59:30.000000Z,311.25,310.75,3.0
2015-08-11T06:59:35.000000Z,311.25,310.75,3.0
2015-08-11T06:59:40.000000Z,311.25,310.75,1.0
2015-08-11T06:59:45.000000Z,311.25,310.75,1.0
2015-08-11T06:59:50.000000Z,311.25,310.75,8.0
2015-08-11T06:59:55.000000Z,311.5,310.5,6.0
2015-08-11T07:00:00.000000Z,311.25,310.75,38.0
2015-08-11T07:00:05.000000Z,311.25,310.5,48.0
2015-08-11T07:00:10.000000Z,311.25,310.75,30.0
2015-08-11T07:00:15.000000Z,311.25,310.75,1.0
2015-08-11T07:00:20.000000Z,311.25,310.5,1.0
2015-08-11T07:00:25.000000Z,311.25,310.75,3.0
2015-08-11T07:00:30.000000Z,311.25,310.75,3.0
2015-08-11T07:00:40.000000Z,311.25,310.75,2.0
2015-08-11T07:01:00.000000Z,311.25,310.75,27.0
2015-08-11T07:01:05.000000Z,311.25,310.75,23.0
2015-08-11T07:01:10.000000Z,311.25,311.0,25.0
2015-08-11T07:01:15.000000Z,311.25,311.0,2.0
2015-08-11T07:01:20.000000Z,311.25,311.0,31.0
2015-08-11T07:01:25.000000Z,311.25,311.0,44.0
2015-08-11T07:01:30.000000Z,311.25,311.0,41.0
2015-08-11T07:01:35.000000Z,311.25,311.0,33.0
2015-08-11T07:01:40.000000Z,311.25,311.0,4.0
2015-08-11T07:01:45.000000Z,311.25,311.0,1.0
2015-08-11T07:01:50.000000Z,311.25,311.0,15.0
2015-08-11T07:02:00.000000Z,311.25,311.0,1.0
2015-08-11T07:02:05.000000Z,311.25,311.0,3.0
2015-08-11T07:02:10.000000Z,311.25,311.0,23.0
2015-08-11T07:02:15.000000Z,311.25,311.0,6.0
2015-08-11T07:02:20.000000Z,311.25,311.0,15.0
2015-08-11T07:02:25.000000Z,311.25,311.0,1.0
2015-08-11T07:02:30.000000Z,311.25,311.0,3.0
2015-08-11T07:02:35.000000Z,311.25,311.0,3.0
2015-08-11T07:02:40.000000Z,311.25,311.0,3.0
2015-08-11T07:02:45.000000Z,311.25,311.0,1.0
2015-08-11T07:02:50.000000Z,311.25,311.0,2.0
2015-08-11T07:02:55.000000Z,311.25,311.0,14.0
2015-08-11T07:03:00.000000Z,311.25,311.0,18.0
2015-08-11T07:03:05.000000Z,311.25,311.0,21.0
2015-08-11T07:03:10.000000Z,311.25,311.0,36.0
2015-08-11T07:03:15.000000Z,311.25,311.0,2.0
2015-08-11T07:03:20.000000Z,311.25,311.0,5.0
2015-08-11T07:03:25.000000Z,311.25,311.0,24.0
2015-08-11T07:03:30.000000Z,311.25,311.0,26.0
2015-08-11T07:03:35.000000Z,311.25,311.0,1.0
2015-08-11T07:03:50.000000Z,311.25,311.0,3.0
2015-08-11T07:03:55.000000Z,311.25,311.0,3.0
2015-08-11T07:04:10.000000Z,311.25,311.0,1.0
2015-08-11T07:04:35.000000Z,311.25,311.0,2.0
2015-08-11T07:04:40.000000Z,311.25,311.0,1.0
2015-08-11T07:04:45.000000Z,311.25,311.0,2.0
2015-08-11T07:04:50.000000Z,311.25,311.0,4.0
2015-08-11T07:04:55.000000Z,311.25,311.0,38.0
2015-08-11T07:05:00.000000Z,311.25,311.0,46.0
2015-08-11T07:05:20.000000Z,311.25,311.0,1.0
2015-08-11T07:05:25.000000Z,311.25,311.0,1.0
2015-08-11T07:05:35.000000Z,311.25,311.0,2.0
2015-08-11T07:05:45.000000Z,311.25,311.0,1.0
2015-08-11T07:05:55.000000Z,311.25,311.0,1.0
2015-08-11T07:06:00.000000Z,311.25,311.0,1.0
2015-08-11T07:06:05.000000Z,311.25,311.0,1.0
2015-08-11T07:06:10.000000Z,311.25,311.0,2.0
2015-08-11T07:06:15.000000Z,311.25,311.0,1.0
2015-08-11T07:06:20.000000Z,311.25,311.0,5.0
2015-08-11T07:06:35.000000Z,311.25,311.0,1.0
2015-08-11T07:06:40.000000Z,311.25,311.0,2.0
2015-08-11T07:06:45.000000Z,311.25,311.0,1.0
2015-08-11T07:07:00.000000Z,311.25,311.0,1.0
2015-08-11T07:07:20.000000Z,311.25,311.0,2.0
2015-08-11T07:07:25.000000Z,311.25,311.0,1.0
2015-08-11T07:07:50.000000Z,311.25,311.0,1.0
2015-08-11T07:07:55.000000Z,311.25,311.0,1.0
2015-08-11T07:08:00.000000Z,311.25,311.0,1.0
2015-08-11T07:08:15.000000Z,311.25,311.0,1.0
2015-08-11T07:08:35.000000Z,311.25,311.0,1.0
2015-08-11T07:08:40.000000Z,311.25,311.0,1.0
2015-08-11T07:08:50.000000Z,311.25,311.0,1.0
2015-08-11T07:08:55.000000Z,311.25,311.0,8.0
2015-08-11T07:09:00.000000Z,311.25,311.0,5.0
2015-08-11T07:09:05.000000Z,311.25,311.0,5.0
2015-08-11T07:09:10.000000Z,311.25,311.0,4.0
2015-08-11T07:09:15.000000Z,311.25,311.0,2.0
2015-08-11T07:09:20.000000Z,311.25,311.0,1.0
2015-08-11T07:09:25.000000Z,311.25,311.0,2.0
2015-08-11T07:09:35.000000Z,311.25,311.0,3.0
2015-08-11T07:09:45.000000Z,311.25,311.0,5.0
2015-08-11T07:09:50.000000Z,311.75,311.0,31.0
2015-08-11T07:09:55.000000Z,311.75,311.0,14.0
2015-08-11T07:10:00.000000Z,311.75,311.0,6.0
2015-08-11T07:10:05.000000Z,311.5,311.0,7.0
2015-08-11T07:10:10.000000Z,311.5,311.0,12.0
2015-08-11T07:10:15.000000Z,311.5,311.0,15.0
2015-08-11T07:10:20.000000Z,311.5,311.25,14.0
2015-08-11T07:10:25.000000Z,311.5,311.25,3.0
2015-08-11T07:10:30.000000Z,311.5,311.25,19.0
2015-08-11T07:10:35.000000Z,311.5,311.25,17.0
2015-08-11T07:10:40.000000Z,311.5,311.0,63.0
2015-08-11T07:10:45.000000Z,311.5,311.0,3.0
2015-08-11T07:10:50.000000Z,311.5,311.0,3.0
2015-08-11T07:11:00.000000Z,311.5,311.0,13.0
2015-08-11T07:11:05.000000Z,311.5,311.0,3.0
2015-08-11T07:11:10.000000Z,311.5,311.0,9.0
2015-08-11T07:11:15.000000Z,311.5,311.0,2.0
2015-08-11T07:11:25.000000Z,311.5,311.0,3.0
2015-08-11T07:11:30.000000Z,311.5,311.0,2.0
2015-08-11T07:11:35.000000Z,311.5,311.0,1.0
2015-08-11T07:11:40.000000Z,311.5,311.0,2.0
2015-08-11T07:11:55.000000Z,311.5,311.0,2.0
2015-08-11T07:12:00.000000Z,311.5,311.0,1.0
2015-08-11T07:12:05.000000Z,311.5,311.0,1.0
2015-08-11T07:12:15.000000Z,311.5,311.0,1.0
2015-08-11T07:12:25.000000Z,311.5,311.0,1.0
2015-08-11T07:12:55.000000Z,311.5,311.0,1.0
2015-08-11T07:13:05.000000Z,311.5,311.0,12.0
2015-08-11T07:13:10.000000Z,311.5,311.25,16.0
2015-08-11T07:13:15.000000Z,311.5,311.25,77.0
2015-08-11T07:13:20.000000Z,311.5,311.25,27.0
2015-08-11T07:13:25.000000Z,311.5,311.25,2.0
2015-08-11T07:13:30.000000Z,311.5,311.25,52.0
2015-08-11T07:13:35.000000Z,311.5,311.25,42.0
2015-08-11T07:13:40.000000Z,311.5,311.25,5.0
2015-08-11T07:13:45.000000Z,311.5,311.25,11.0
2015-08-11T07:13:50.000000Z,311.5,311.25,5.0
2015-08-11T07:13:55.000000Z,311.5,311.25,4.0
2015-08-11T07:14:00.000000Z,311.5,311.25,2.0
2015-08-11T07:14:05.000000Z,311.75,311.25,52.0
2015-08-11T07:14:10.000000Z,311.75,311.5,12.0
2015-08-11T07:14:15.000000Z,311.75,311.25,22.0
2015-08-11T07:14:20.000000Z,311.75,311.25,15.0
2015-08-11T07:14:30.000000Z,311.75,311.5,26.0
2015-08-11T07:14:35.000000Z,311.75,311.25,32.0
2015-08-11T07:14:40.000000Z,311.75,311.25,7.0
2015-08-11T07:14:50.000000Z,311.75,311.25,1.0
2015-08-11T07:14:55.000000Z,311.75,311.25,17.0
2015-08-11T07:15:00.000000Z,311.75,311.5,26.0
2015-08-11T07:15:05.000000Z,311.75,311.5,7.0
2015-08-11T07:15:10.000000Z,311.75,311.5,1.0
2015-08-11T07:15:15.000000Z,311.75,311.25,66.0
2015-08-11T07:15:20.000000Z,311.75,311.5,9.0
2015-08-11T07:15:25.000000Z,311.75,311.5,1.0
2015-08-11T07:15:35.000000Z,311.75,311.25,9.0
2015-08-11T07:15:40.000000Z,311.75,311.25,54.0
2015-08-11T07:15:45.000000Z,311.75,311.25,36.0
2015-08-11T07:15:50.000000Z,311.75,311.25,59.0
2015-08-11T07:15:55.000000Z,311.75,311.25,38.0
2015-08-11T07:16:00.000000Z,311.75,311.5,20.0
2015-08-11T07:16:05.000000Z,311.75,311.5,26.0
2015-08-11T07:16:10.000000Z,311.75,311.5,55.0
2015-08-11T07:16:15.000000Z,311.75,311.5,45.0
2015-08-11T07:16:20.000000Z,311.75,311.25,69.0
2015-08-11T07:16:25.000000Z,311.75,311.25,8.0
2015-08-11T07:16:30.000000Z,311.75,311.25,1.0
2015-08-11T07:16:35.000000Z,311.75,311.25,5.0
2015-08-11T07:16:40.000000Z,311.75,311.25,1.0
2015-08-11T07:16:45.000000Z,311.75,311.25,3.0
2015-08-11T07:16:50.000000Z,311.75,311.25,1.0
2015-08-11T07:16:55.000000Z,311.75,311.25,1.0
2015-08-11T07:17:00.000000Z,311.75,311.25,10.0
2015-08-11T07:17:05.000000Z,311.75,311.25,4.0
2015-08-11T07:17:10.000000Z,311.75,311.25,4.0
2015-08-11T07:17:15.000000Z,311.75,311.25,4.0
2015-08-11T07:17:20.000000Z,311.75,311.25,3.0
2015-08-11T07:17:25.000000Z,311.75,311.25,4.0
2015-08-11T07:17:30.000000Z,311.5,311.25,14.0
2015-08-11T07:17:35.000000Z,311.5,311.25,9.0
2015-08-11T07:17:40.000000Z,311.5,311.25,2.0
2015-08-11T07:17:45.000000Z,311.5,311.25,1.0
2015-08-11T07:17:50.000000Z,311.75,311.25,69.0
2015-08-11T07:17:55.000000Z,311.5,311.25,97.0
2015-08-11T07:18:00.000000Z,311.75,311.25,55.0
2015-08-11T07:18:05.000000Z,311.5,311.25,56.0
2015-08-11T07:18:10.000000Z,311.75,311.25,57.0
2015-08-11T07:18:15.000000Z,311.5,311.25,75.0
2015-08-11T07:18:20.000000Z,311.5,311.25,40.0
2015-08-11T07:18:25.000000Z,311.5,311.25,6.0
2015-08-11T07:18:35.000000Z,311.5,311.25,22.0
2015-08-11T07:18:40.000000Z,311.5,311.25,4.0
2015-08-11T07:18:45.000000Z,311.5,311.25,22.0
2015-08-11T07:18:50.000000Z,311.5,311.25,30.0
2015-08-11T07:18:55.000000Z,311.5,311.25,47.0
2015-08-11T07:19:00.000000Z,311.5,311.25,29.0
2015-08-11T07:19:05.000000Z,311.5,311.25,32.0
2015-08-11T07:19:10.000000Z,311.5,311.25,12.0
2015-08-11T07:19:15.000000Z,311.5,311.25,5.0
2015-08-11T07:19:25.000000Z,311.5,311.25,6.0
2015-08-11T07:19:30.000000Z,311.5,311.25,21.0
2015-08-11T07:19:35.000000Z,311.5,311.25,35.0
2015-08-11T07:19:40.000000Z,311.5,311.25,30.0
2015-08-11T07:19:45.000000Z,311.5,311.25,22.0
2015-08-11T07:19:50.000000Z,311.5,311.25,75.0
2015-08-11T07:19:55.000000Z,311.5,311.25,4.0
2015-08-11T07:20:00.000000Z,311.5,311.25,3.0
2015-08-11T07:20:05.000000Z,311.5,311.25,6.0
2015-08-11T07:20:10.000000Z,311.5,311.25,4.0
2015-08-11T07:20:20.000000Z,311.5,311.25,15.0
2015-08-11T07:20:25.000000Z,311.5,311.25,23.0
2015-08-11T07:20:30.000000Z,311.5,311.25,2.0
2015-08-11T07:20:35.000000Z,311.5,311.25,1.0
2015-08-11T07:20:40.000000Z,311.5,311.25,3.0
2015-08-11T07:20:45.000000Z,311.5,311.25,1.0
2015-08-11T07:20:50.000000Z,311.5,311.25,19.0
2015-08-11T07:20:55.000000Z,311.5,311.25,6.0
2015-08-11T07:21:00.000000Z,311.5,311.25,3.0
2015-08-11T07:21:10.000000Z,311.5,311.25,1.0
2015-08-11T07:21:30.000000Z,311.5,311.25,29.0
2015-08-11T07:21:35.000000Z,311.5,311.25,3.0
2015-08-11T07:21:50.000000Z,311.5,311.25,1.0
2015-08-11T07:21:55.000000Z,311.5,311.25,38.0
2015-08-11T07:22:00.000000Z,311.5,311.25,43.0
2015-08-11T07:22:05.000000Z,311.5,311.25,13.0
2015-08-11T07:22:10.000000Z,311.5,311.25,1.0
2015-08-11T07:22:15.000000Z,311.5,310.75,62.0
2015-08-11T07:22:20.000000Z,311.25,311.0,12.0
2015-08-11T07:22:30.000000Z,311.25,311.0,17.0
2015-08-11T07:22:35.000000Z,311.25,311.0,9.0
2015-08-11T07:22:40.000000Z,311.25,311.0,24.0
2015-08-11T07:22:45.000000Z,311.25,311.0,4.0
2015-08-11T07:22:50.000000Z,311.25,311.0,1.0
2015-08-11T07:22:55.000000Z,311.25,311.0,23.0
2015-08-11T07:23:00.000000Z,311.25,311.0,59.0
2015-08-11T07:23:05.000000Z,311.25,311.0,30.0
2015-08-11T07:23:10.000000Z,311.25,311.0,29.0
2015-08-11T07:23:15.000000Z,311.25,311.0,13.0
2015-08-11T07:23:25.000000Z,311.25,311.0,17.0
2015-08-11T07:23:30.000000Z,311.25,311.0,1.0
2015-08-11T07:23:35.000000Z,311.25,311.0,6.0
2015-08-11T07:23:40.000000Z,311.25,311.0,1.0
2015-08-11T07:23:55.000000Z,311.25,311.0,1.0
2015-08-11T07:24:05.000000Z,311.25,311.0,25.0
2015-08-11T07:24:10.000000Z,311.25,311.0,3.0
2015-08-11T07:24:35.000000Z,311.25,311.0,1.0
2015-08-11T07:24:50.000000Z,311.5,311.0,14.0
2015-08-11T07:24:55.000000Z,311.5,311.25,5.0
2015-08-11T07:25:00.000000Z,311.5,311.25,15.0
2015-08-11T07:25:05.000000Z,311.5,311.0,13.0
2015-08-11T07:25:10.000000Z,311.5,311.25,11.0
2015-08-11T07:25:15.000000Z,311.5,311.25,25.0
2015-08-11T07:25:20.000000Z,311.5,311.0,43.0
2015-08-11T07:25:25.000000Z,311.5,311.25,22.0
2015-08-11T07:25:30.000000Z,311.5,311.25,39.0
2015-08-11T07:25:35.000000Z,311.5,311.25,39.0
2015-08-11T07:25:40.000000Z,311.5,311.25,15.0
2015-08-11T07:25:45.000000Z,311.5,311.25,18.0
2015-08-11T07:25:50.000000Z,311.5,311.25,2.0
2015-08-11T07:25:55.000000Z,311.5,311.25,2.0
2015-08-11T07:26:00.000000Z,311.5,311.25,2.0
2015-08-11T07:26:05.000000Z,311.5,311.25,44.0
2015-08-11T07:26:10.000000Z,311.5,311.0,27.0
2015-08-11T07:26:15.000000Z,311.5,311.25,23.0
2015-08-11T07:26:20.000000Z,311.5,311.25,39.0
2015-08-11T07:26:25.000000Z,311.5,311.25,5.0
2015-08-11T07:26:30.000000Z,311.5,311.25,3.0
2015-08-11T07:26:35.000000Z,311.5,311.25,38.0
2015-08-11T07:26:40.000000Z,311.5,311.25,5.0
2015-08-11T07:26:45.000000Z,311.5,311.25,27.0
2015-08-11T07:26:50.000000Z,311.5,311.25,2.0
2015-08-11T07:26:55.000000Z,311.5,311.25,18.0
2015-08-11T07:27:00.000000Z,311.5,311.25,37.0
2015-08-11T07:27:05.000000Z,311.5,311.25,2.0
2015-08-11T07:27:10.000000Z,311.5,311.25,1.0
2015-08-11T07:27:15.000000Z,311.5,311.25,47.0
2015-08-11T07:27:20.000000Z,311.5,311.25,18.0
2015-08-11T07:27:25.000000Z,311.5,311.25,2.0
2015-08-11T07:27:30.000000Z,311.5,311.25,25.0
2015-08-11T07:27:35.000000Z,311.5,311.25,18.0
2015-08-11T07:27:40.000000Z,311.5,311.25,14.0
2015-08-11T07:27:45.000000Z,311.5,311.25,2.0
2015-08-11T07:27:50.000000Z,311.5,311.25,4.0
2015-08-11T07:28:05.000000Z,311.5,311.25,30.0
2015-08-11T07:28:10.000000Z,311.5,311.25,24.0
2015-08-11T07:28:15.000000Z,311.5,311.25,35.0
2015-08-11T07:28:20.000000Z,311.5,311.25,5.0
2015-08-11T07:28:25.000000Z,311.5,311.0,22.0
2015-08-11T07:28:30.000000Z,311.5,311.25,24.0
2015-08-11T07:28:35.000000Z,311.5,311.25,3.0
2015-08-11T07:28:40.000000Z,311.5,311.25,1.0
2015-08-11T07:28:50.000000Z,311.5,311.25,30.0
2015-08-11T07:28:55.000000Z,311.5,311.25,11.0
2015-08-11T07:29:00.000000Z,311.5,311.25,7.0
2015-08-11T07:29:05.000000Z,311.5,311.25,67.0
2015-08-11T07:29:10.000000Z,311.5,311.0,53.0
2015-08-11T07:29:15.000000Z,311.5,311.25,19.0
2015-08-11T07:29:20.000000Z,311.5,311.25,59.0
2015-08-11T07:29:25.000000Z,311.5,311.0,41.0
2015-08-11T07:29:30.000000Z,311.5,311.0,4.0
2015-08-11T07:29:35.000000Z,311.5,311.0,10.0
2015-08-11T07:29:40.000000Z,311.5,311.0,9.0
2015-08-11T07:29:45.000000Z,311.5,311.0,9.0
2015-08-11T07:29:50.000000Z,311.5,311.0,6.0
2015-08-11T07:30:00.000000Z,311.5,311.0,2.0
2015-08-11T07:30:10.000000Z,311.5,310.75,24.0
2015-08-11T07:30:15.000000Z,311.5,310.75,1.0
2015-08-11T07:30:20.000000Z,311.5,311.0,16.0
2015-08-11T07:30:25.000000Z,311.5,311.0,7.0
2015-08-11T07:30:30.000000Z,311.5,310.75,19.0
2015-08-11T07:30:35.000000Z,311.5,310.75,3.0
2015-08-11T07:30:50.000000Z,311.5,310.75,1.0
2015-08-11T07:30:55.000000Z,311.5,310.75,3.0
2015-08-11T07:31:10.000000Z,311.5,310.75,1.0
2015-08-11T07:31:15.000000Z,311.5,310.75,2.0
2015-08-11T07:31:20.000000Z,311.5,310.75,1.0
2015-08-11T07:31:30.000000Z,311.5,310.75,1.0
2015-08-11T07:31:45.000000Z,311.5,310.75,5.0
2015-08-11T07:31:50.000000Z,311.5,310.75,1.0
2015-08-11T07:31:55.000000Z,311.5,310.75,1.0
2015-08-11T07:32:00.000000Z,311.5,310.75,1.0
2015-08-11T07:32:10.000000Z,311.5,310.75,2.0
2015-08-11T07:32:15.000000Z,311.5,310.75,2.0
2015-08-11T07:32:25.000000Z,311.25,310.75,14.0
2015-08-11T07:32:30.000000Z,311.25,310.75,6.0
2015-08-11T07:32:35.000000Z,311.25,310.75,1.0
2015-08-11T07:32:45.000000Z,311.25,311.0,40.0
2015-08-11T07:32:50.000000Z,311.5,310.75,35.0
2015-08-11T07:32:55.000000Z,311.25,311.0,29.0
2015-08-11T07:33:00.000000Z,311.25,311.0,3.0
2015-08-11T07:33:05.000000Z,311.25,311.0,1.0
2015-08-11T07:33:10.000000Z,311.25,311.0,22.0
2015-08-11T07:33:15.000000Z,311.25,311.0,3.0
2015-08-11T07:33:20.000000Z,311.25,311.0,15.0
2015-08-11T07:33:25.000000Z,311.25,311.0,30.0
2015-08-11T07:33:30.000000Z,311.25,311.0,4.0
2015-08-11T07:33:35.000000Z,311.25,311.0,1.0
2015-08-11T07:33:40.000000Z,311.25,311.0,1.0
2015-08-11T07:33:45.000000Z,311.25,311.0,11.0
2015-08-11T07:33:50.000000Z,311.25,311.0,19.0
2015-08-11T07:33:55.000000Z,311.25,311.0,27.0
2015-08-11T07:34:00.000000Z,311.25,311.0,11.0
2015-08-11T07:34:05.000000Z,311.25,311.0,15.0
2015-08-11T07:34:10.000000Z,311.25,311.0,12.0
2015-08-11T07:34:20.000000Z,311.25,311.0,27.0
2015-08-11T07:34:25.000000Z,311.25,311.0,3.0
2015-08-11T07:34:30.000000Z,311.25,311.0,30.0
2015-08-11T07:34:35.000000Z,311.25,311.0,22.0
2015-08-11T07:34:40.000000Z,311.25,311.0,62.0
2015-08-11T07:34:45.000000Z,311.25,311.0,37.0
2015-08-11T07:34:55.000000Z,311.25,311.0,1.0
2015-08-11T07:35:00.000000Z,311.25,311.0,5.0
2015-08-11T07:35:05.000000Z,311.5,311.0,46.0
2015-08-11T07:35:10.000000Z,311.5,310.75,29.0
2015-08-11T07:35:15.000000Z,311.5,311.0,105.0
2015-08-11T07:35:20.000000Z,311.25,311.0,36.0
2015-08-11T07:35:25.000000Z,311.25,311.0,2.0
2015-08-11T07:35:30.000000Z,311.25,311.0,13.0
2015-08-11T07:35:35.000000Z,311.25,311.0,1.0
2015-08-11T07:35:40.000000Z,311.25,311.0,2.0
2015-08-11T07:35:45.000000Z,311.25,311.0,2.0
2015-08-11T07:35:50.000000Z,311.25,311.0,2.0
2015-08-11T07:35:55.000000Z,311.25,311.0,3.0
2015-08-11T07:36:00.000000Z,311.25,311.0,4.0
2015-08-11T07:36:05.000000Z,311.25,311.0,1.0
2015-08-11T07:36:10.000000Z,311.25,310.75,19.0
2015-08-11T07:36:15.000000Z,311.25,311.0,19.0
2015-08-11T07:36:20.000000Z,311.25,310.75,12.0
2015-08-11T07:36:30.000000Z,311.25,310.75,2.0
2015-08-11T07:36:35.000000Z,311.25,310.75,2.0
2015-08-11T07:36:40.000000Z,311.25,310.75,8.0
2015-08-11T07:36:45.000000Z,311.25,310.75,5.0
2015-08-11T07:36:50.000000Z,311.25,311.0,22.0
2015-08-11T07:37:00.000000Z,311.25,311.0,2.0
2015-08-11T07:37:15.000000Z,311.25,310.75,20.0
2015-08-11T07:37:25.000000Z,311.25,310.75,9.0
2015-08-11T07:37:30.000000Z,311.25,310.75,3.0
2015-08-11T07:37:35.000000Z,311.25,310.75,17.0
2015-08-11T07:37:40.000000Z,311.25,310.75,2.0
2015-08-11T07:37:45.000000Z,311.25,310.75,2.0
2015-08-11T07:37:50.000000Z,311.25,310.75,3.0
2015-08-11T07:37:55.000000Z,311.25,310.75,3.0
2015-08-11T07:38:00.000000Z,311.25,311.0,13.0
2015-08-11T07:38:05.000000Z,311.25,311.0,3.0
2015-08-11T07:38:20.000000Z,311.25,311.0,7.0
2015-08-11T07:38:25.000000Z,311.25,311.0,12.0
2015-08-11T07:38:30.000000Z,311.25,311.0,9.0
2015-08-11T07:38:35.000000Z,311.25,311.0,18.0
2015-08-11T07:38:40.000000Z,311.25,311.0,5.0
2015-08-11T07:38:45.000000Z,311.25,311.0,11.0
2015-08-11T07:38:50.000000Z,311.25,311.0,1.0
2015-08-11T07:39:00.000000Z,311.25,311.0,3.0
2015-08-11T07:39:10.000000Z,311.25,311.0,1.0
2015-08-11T07:39:20.000000Z,311.25,311.0,1.0
2015-08-11T07:40:00.000000Z,311.25,311.0,5.0
2015-08-11T07:40:05.000000Z,311.25,311.0,17.0
2015-08-11T07:40:10.000000Z,311.25,311.0,23.0
2015-08-11T07:40:15.000000Z,311.5,311.0,32.0
2015-08-11T07:40:20.000000Z,311.25,311.0,11.0
2015-08-11T07:40:30.000000Z,311.25,311.0,4.0
2015-08-11T07:40:35.000000Z,311.25,311.0,4.0
2015-08-11T07:40:40.000000Z,311.5,311.0,14.0
2015-08-11T07:40:45.000000Z,311.5,311.25,5.0
2015-08-11T07:40:50.000000Z,311.5,311.25,2.0
2015-08-11T07:40:55.000000Z,311.5,311.25,1.0
2015-08-11T07:41:00.000000Z,311.5,311.25,1.0
2015-08-11T07:41:10.000000Z,311.5,311.25,14.0
2015-08-11T07:41:15.000000Z,311.5,311.25,3.0
2015-08-11T07:41:20.000000Z,311.5,311.25,1.0
2015-08-11T07:41:25.000000Z,311.5,311.25,5.0
2015-08-11T07:41:30.000000Z,311.5,311.25,1.0
2015-08-11T07:41:35.000000Z,311.5,311.25,2.0
2015-08-11T07:41:40.000000Z,311.5,311.25,2.0
2015-08-11T07:41:50.000000Z,311.5,311.25,10.0
2015-08-11T07:41:55.000000Z,311.5,311.25,1.0
2015-08-11T07:42:00.000000Z,311.5,311.25,8.0
2015-08-11T07:42:05.000000Z,311.5,311.25,17.0
2015-08-11T07:42:10.000000Z,311.5,311.25,1.0
2015-08-11T07:42:15.000000Z,311.5,311.25,3.0
2015-08-11T07:42:20.000000Z,311.5,311.25,3.0
2015-08-11T07:42:30.000000Z,311.5,311.25,1.0
2015-08-11T07:42:35.000000Z,311.5,311.25,1.0
2015-08-11T07:42:40.000000Z,311.5,311.25,1.0
2015-08-11T07:42:45.000000Z,311.5,311.25,5.0
2015-08-11T07:42:50.000000Z,311.5,311.25,1.0
2015-08-11T07:42:55.000000Z,311.5,311.25,1.0
2015-08-11T07:43:00.000000Z,311.5,311.25,1.0
2015-08-11T07:43:10.000000Z,311.5,311.25,2.0
2015-08-11T07:43:30.000000Z,311.5,311.25,1.0
2015-08-11T07:43:35.000000Z,311.5,311.25,2.0
2015-08-11T07:43:40.000000Z,311.5,311.25,5.0
2015-08-11T07:43:45.000000Z,311.5,311.25,1.0
2015-08-11T07:43:50.000000Z,311.5,311.25,1.0
2015-08-11T07:43:55.000000Z,311.5,311.25,5.0
2015-08-11T07:44:05.000000Z,311.5,311.25,2.0
2015-08-11T07:44:15.000000Z,311.5,311.25,1.0
2015-08-11T07:44:25.000000Z,311.5,311.25,5.0
2015-08-11T07:44:30.000000Z,311.5,311.25,5.0
2015-08-11T07:44:35.000000Z,311.5,311.25,1.0
2015-08-11T07:44:40.000000Z,311.5,311.25,2.0
2015-08-11T07:44:45.000000Z,311.5,311.25,1.0
2015-08-11T07:44:50.000000Z,311.5,311.25,1.0
2015-08-11T07:44:55.000000Z,311.5,311.25,4.0
2015-08-11T07:45:05.000000Z,311.5,311.25,2.0
2015-08-11T07:45:10.000000Z,311.5,311.25,1.0
2015-08-11T07:45:25.000000Z,311.5,311.25,2.0
2015-08-11T07:45:30.000000Z,311.5,311.25,4.0
2015-08-11T07:45:35.000000Z,311.5,311.25,22.0
2015-08-11T07:45:40.000000Z,311.75,311.25,17.0
2015-08-11T07:45:50.000000Z,311.75,311.25,9.0
2015-08-11T07:46:00.000000Z,311.5,311.25,4.0
2015-08-11T07:46:05.000000Z,311.5,311.25,2.0
2015-08-11T07:46:10.000000Z,311.5,311.25,1.0
2015-08-11T07:46:15.000000Z,311.5,311.25,5.0
2015-08-11T07:46:20.000000Z,311.5,311.25,2.0
2015-08-11T07:46:25.000000Z,311.5,311.25,1.0
2015-08-11T07:46:30.000000Z,311.5,311.25,6.0
2015-08-11T07:46:35.000000Z,311.5,311.25,1.0
2015-08-11T07:46:40.000000Z,311.5,311.25,1.0
2015-08-11T07:46:45.000000Z,311.75,311.25,4.0
2015-08-11T07:46:50.000000Z,311.5,311.25,1.0
2015-08-11T07:47:05.000000Z,311.75,311.25,6.0
2015-08-11T07:47:10.000000Z,311.5,311.25,6.0
2015-08-11T07:47:15.000000Z,311.5,311.25,1.0
2015-08-11T07:47:20.000000Z,311.75,311.25,19.0
2015-08-11T07:47:25.000000Z,311.75,311.25,1.0
2015-08-11T07:47:30.000000Z,311.75,311.5,13.0
2015-08-11T07:47:35.000000Z,311.75,311.5,10.0
2015-08-11T07:47:40.000000Z,311.75,311.5,5.0
2015-08-11T07:47:45.000000Z,311.75,311.5,4.0
2015-08-11T07:47:50.000000Z,311.75,311.5,3.0
2015-08-11T07:47:55.000000Z,311.75,311.5,2.0
2015-08-11T07:48:00.000000Z,311.75,311.5,4.0
2015-08-11T07:48:05.000000Z,311.75,311.5,16.0
2015-08-11T07:48:10.000000Z,311.75,311.5,2.0
2015-08-11T07:48:15.000000Z,311.75,311.5,17.0
2015-08-11T07:48:20.000000Z,311.75,311.5,2.0
2015-08-11T07:48:35.000000Z,311.75,311.5,1.0
2015-08-11T07:48:40.000000Z,311.75,311.5,7.0
2015-08-11T07:48:45.000000Z,311.75,311.5,4.0
2015-08-11T07:48:50.000000Z,312.0,311.75,51.0
2015-08-11T07:48:55.000000Z,312.25,311.75,62.0
2015-08-11T07:49:00.000000Z,312.0,311.75,47.0
2015-08-11T07:49:05.000000Z,312.0,311.75,11.0
2015-08-11T07:49:10.000000Z,312.0,311.75,7.0
2015-08-11T07:49:15.000000Z,312.0,311.75,4.0
2015-08-11T07:49:25.000000Z,312.0,311.75,8.0
2015-08-11T07:49:30.000000Z,312.0,311.75,3.0
2015-08-11T07:49:35.000000Z,312.0,311.75,1.0
2015-08-11T07:49:40.000000Z,312.0,311.75,4.0
2015-08-11T07:49:50.000000Z,312.0,311.75,3.0
2015-08-11T07:49:55.000000Z,312.0,311.75,1.0
2015-08-11T07:50:00.000000Z,312.0,311.75,2.0
2015-08-11T07:50:05.000000Z,312.0,311.75,3.0
2015-08-11T07:50:10.000000Z,312.0,311.75,1.0
2015-08-11T07:50:15.000000Z,312.0,311.75,6.0
2015-08-11T07:50:20.000000Z,312.0,311.75,2.0
2015-08-11T07:50:40.000000Z,312.0,311.75,3.0
2015-08-11T07:50:45.000000Z,312.0,311.75,2.0
2015-08-11T07:50:50.000000Z,312.0,311.75,7.0
2015-08-11T07:50:55.000000Z,312.0,311.75,1.0
2015-08-11T07:51:00.000000Z,312.0,311.75,5.0
2015-08-11T07:51:05.000000Z,312.0,311.75,2.0
2015-08-11T07:51:10.000000Z,312.0,311.75,3.0
2015-08-11T07:51:25.000000Z,312.0,311.75,1.0
2015-08-11T07:51:40.000000Z,312.0,311.75,1.0
2015-08-11T07:51:45.000000Z,312.0,311.75,2.0
2015-08-11T07:51:50.000000Z,312.0,311.75,6.0
2015-08-11T07:51:55.000000Z,312.0,311.75,1.0
2015-08-11T07:52:00.000000Z,312.0,311.75,2.0
2015-08-11T07:52:05.000000Z,312.0,311.75,1.0
2015-08-11T07:52:10.000000Z,312.0,311.75,2.0
2015-08-11T07:52:15.000000Z,312.0,311.75,3.0
2015-08-11T07:52:20.000000Z,312.0,311.75,2.0
2015-08-11T07:52:30.000000Z,312.0,311.75,6.0
2015-08-11T07:52:35.000000Z,312.0,311.75,11.0
2015-08-11T07:52:40.000000Z,312.0,311.75,20.0
2015-08-11T07:52:45.000000Z,312.0,311.75,8.0
2015-08-11T07:52:50.000000Z,312.0,311.75,4.0
2015-08-11T07:52:55.000000Z,312.0,311.75,1.0
2015-08-11T07:53:00.000000Z,312.0,311.75,6.0
2015-08-11T07:53:05.000000Z,312.0,311.75,3.0
2015-08-11T07:53:10.000000Z,312.0,311.75,27.0
2015-08-11T07:53:15.000000Z,312.0,311.75,3.0
2015-08-11T07:53:20.000000Z,312.0,311.75,6.0
2015-08-11T07:53:40.000000Z,312.0,311.75,4.0
2015-08-11T07:53:45.000000Z,312.0,311.75,15.0
2015-08-11T07:53:55.000000Z,312.0,311.75,1.0
2015-08-11T07:54:10.000000Z,312.0,311.75,2.0
2015-08-11T07:54:15.000000Z,312.0,311.75,3.0
2015-08-11T07:54:25.000000Z,312.0,311.75,1.0
2015-08-11T07:54:30.000000Z,312.0,311.75,3.0
2015-08-11T07:54:40.000000Z,312.0,311.75,1.0
2015-08-11T07:54:45.000000Z,312.0,311.75,1.0
2015-08-11T07:55:05.000000Z,312.0,311.75,1.0
2015-08-11T07:55:10.000000Z,312.0,311.75,1.0
2015-08-11T07:55:20.000000Z,312.0,311.75,3.0
2015-08-11T07:55:35.000000Z,312.0,311.75,2.0
2015-08-11T07:55:45.000000Z,312.0,311.75,9.0
2015-08-11T07:55:50.000000Z,312.0,311.75,18.0
2015-08-11T07:55:55.000000Z,312.0,311.75,1.0
2015-08-11T07:56:05.000000Z,312.0,311.75,1.0
2015-08-11T07:56:10.000000Z,312.0,311.75,14.0
2015-08-11T07:56:15.000000Z,312.0,311.75,2.0
2015-08-11T07:56:20.000000Z,312.0,311.75,9.0
2015-08-11T07:56:25.000000Z,312.0,311.75,2.0
2015-08-11T07:56:35.000000Z,312.0,311.75,1.0
2015-08-11T07:56:40.000000Z,312.0,311.75,2.0
2015-08-11T07:56:45.000000Z,312.0,311.75,4.0
2015-08-11T07:56:50.000000Z,312.0,311.75,5.0
2015-08-11T07:56:55.000000Z,312.0,311.75,9.0
2015-08-11T07:57:05.000000Z,312.0,311.75,1.0
2015-08-11T07:57:10.000000Z,312.0,311.75,2.0
2015-08-11T07:57:15.000000Z,312.0,311.75,1.0
2015-08-11T07:57:20.000000Z,312.0,311.75,1.0
2015-08-11T07:57:55.000000Z,312.0,311.75,1.0
2015-08-11T07:58:00.000000Z,312.0,311.75,1.0
2015-08-11T07:58:05.000000Z,312.0,311.75,2.0
2015-08-11T07:58:10.000000Z,312.0,311.75,2.0
2015-08-11T07:58:20.000000Z,312.0,311.75,4.0
2015-08-11T07:58:25.000000Z,312.0,311.75,4.0
2015-08-11T07:58:30.000000Z,312.0,311.75,3.0
2015-08-11T07:58:35.000000Z,312.0,311.75,9.0
2015-08-11T07:58:40.000000Z,312.0,311.75,9.0
2015-08-11T07:58:50.000000Z,312.0,311.5,59.0
2015-08-11T07:58:55.000000Z,311.75,311.5,7.0
2015-08-11T07:59:00.000000Z,311.75,311.5,60.0
2015-08-11T07:59:05.000000Z,311.75,311.5,5.0
2015-08-11T07:59:10.000000Z,312.0,311.5,63.0
2015-08-11T07:59:15.000000Z,311.75,311.5,64.0
2015-08-11T07:59:20.000000Z,311.75,311.5,6.0
2015-08-11T07:59:25.000000Z,311.75,311.5,6.0
2015-08-11T07:59:30.000000Z,311.75,311.5,3.0
2015-08-11T07:59:35.000000Z,311.75,311.5,5.0
2015-08-11T07:59:40.000000Z,311.75,311.5,1.0
2015-08-11T07:59:45.000000Z,311.75,311.5,4.0
2015-08-11T07:59:50.000000Z,311.75,311.5,14.0
2015-08-11T07:59:55.000000Z,311.75,311.5,26.0
2015-08-11T08:00:00.000000Z,311.75,311.5,14.0
2015-08-11T08:00:05.000000Z,311.75,311.5,5.0
2015-08-11T08:00:10.000000Z,311.75,311.5,1.0
2015-08-11T08:00:15.000000Z,311.75,311.5,3.0
2015-08-11T08:00:20.000000Z,311.75,311.5,5.0
2015-08-11T08:00:30.000000Z,311.75,311.5,5.0
2015-08-11T08:00:35.000000Z,311.75,311.5,4.0
2015-08-11T08:00:40.000000Z,311.75,311.5,1.0
2015-08-11T08:00:45.000000Z,311.75,311.5,3.0
2015-08-11T08:00:50.000000Z,311.75,311.5,1.0
2015-08-11T08:01:00.000000Z,311.75,311.5,1.0
2015-08-11T08:01:15.000000Z,311.75,311.5,2.0
2015-08-11T08:01:25.000000Z,311.75,311.5,1.0
2015-08-11T08:01:30.000000Z,311.75,311.5,1.0
2015-08-11T08:01:55.000000Z,311.75,311.5,3.0
2015-08-11T08:02:00.000000Z,311.75,311.5,2.0
2015-08-11T08:02:05.000000Z,311.75,311.5,1.0
2015-08-11T08:02:10.000000Z,311.75,311.5,1.0
2015-08-11T08:02:15.000000Z,311.75,311.5,2.0
2015-08-11T08:02:30.000000Z,311.75,311.5,4.0
2015-08-11T08:02:35.000000Z,311.75,311.5,7.0
2015-08-11T08:02:45.000000Z,311.75,311.5,2.0
2015-08-11T08:02:50.000000Z,311.75,311.5,2.0
2015-08-11T08:03:05.000000Z,311.75,311.5,2.0
2015-08-11T08:03:15.000000Z,311.75,311.5,3.0
2015-08-11T08:03:25.000000Z,311.75,311.5,8.0
2015-08-11T08:03:30.000000Z,312.0,311.75,23.0
2015-08-11T08:03:35.000000Z,312.0,311.75,10.0
2015-08-11T08:03:40.000000Z,312.0,311.75,2.0
2015-08-11T08:03:45.000000Z,312.0,311.75,4.0
2015-08-11T08:03:50.000000Z,312.0,311.75,1.0
2015-08-11T08:03:55.000000Z,312.0,311.5,17.0
2015-08-11T08:04:00.000000Z,312.0,311.5,1.0
2015-08-11T08:04:10.000000Z,312.0,311.5,1.0
2015-08-11T08:04:15.000000Z,312.0,311.5,5.0
2015-08-11T08:04:25.000000Z,312.0,311.5,1.0
2015-08-11T08:04:30.000000Z,312.0,311.5,4.0
2015-08-11T08:04:35.000000Z,312.0,311.5,4.0
2015-08-11T08:04:40.000000Z,312.0,311.5,4.0
2015-08-11T08:04:45.000000Z,312.0,311.5,2.0
2015-08-11T08:04:55.000000Z,312.0,311.5,1.0
2015-08-11T08:05:00.000000Z,312.0,311.5,1.0
2015-08-11T08:05:15.000000Z,311.75,311.5,1.0
2015-08-11T08:05:20.000000Z,312.0,311.5,1.0
2015-08-11T08:05:35.000000Z,311.75,311.5,2.0
2015-08-11T08:05:40.000000Z,311.75,311.5,1.0
2015-08-11T08:05:50.000000Z,311.75,311.5,1.0
2015-08-11T08:06:15.000000Z,311.75,311.5,1.0
2015-08-11T08:06:30.000000Z,311.75,311.5,5.0
2015-08-11T08:06:35.000000Z,311.75,311.5,8.0
2015-08-11T08:06:40.000000Z,311.75,311.5,1.0
2015-08-11T08:06:50.000000Z,311.75,311.5,1.0
2015-08-11T08:06:55.000000Z,311.75,311.5,2.0
2015-08-11T08:07:05.000000Z,311.75,311.5,1.0
2015-08-11T08:07:15.000000Z,311.75,311.5,1.0
2015-08-11T08:07:25.000000Z,311.75,311.5,1.0
2015-08-11T08:07:35.000000Z,311.75,311.5,1.0
2015-08-11T08:07:45.000000Z,311.75,311.5,2.0
2015-08-11T08:08:35.000000Z,311.75,311.5,1.0
2015-08-11T08:08:50.000000Z,311.75,311.5,4.0
2015-08-11T08:08:55.000000Z,311.75,311.5,1.0
2015-08-11T08:09:05.000000Z,312.0,311.75,20.0
2015-08-11T08:09:10.000000Z,312.0,311.75,1.0
2015-08-11T08:09:20.000000Z,312.0,311.75,8.0
2015-08-11T08:09:25.000000Z,312.0,311.75,5.0
2015-08-11T08:09:30.000000Z,312.0,311.75,4.0
2015-08-11T08:09:35.000000Z,312.0,311.75,1.0
2015-08-11T08:09:40.000000Z,312.0,311.75,1.0
2015-08-11T08:10:20.000000Z,312.0,311.75,1.0
2015-08-11T08:11:30.000000Z,312.0,311.75,1.0
2015-08-11T08:11:50.000000Z,312.0,311.75,2.0
2015-08-11T08:12:00.000000Z,312.0,311.75,1.0
2015-08-11T08:12:05.000000Z,312.0,311.75,1.0
2015-08-11T08:12:10.000000Z,312.0,311.75,1.0
2015-08-11T08:12:15.000000Z,312.0,311.75,1.0
2015-08-11T08:12:20.000000Z,312.0,311.75,1.0
2015-08-11T08:12:30.000000Z,312.0,311.75,1.0
2015-08-11T08:12:40.000000Z,312.0,311.75,1.0
2015-08-11T08:12:45.000000Z,312.0,311.75,1.0
2015-08-11T08:12:50.000000Z,312.0,311.75,1.0
2015-08-11T08:12:55.000000Z,312.0,311.75,2.0
2015-08-11T08:13:00.000000Z,312.0,311.75,6.0
2015-08-11T08:13:05.000000Z,312.0,311.75,6.0
2015-08-11T08:13:10.000000Z,312.0,311.75,4.0
2015-08-11T08:13:15.000000Z,312.0,311.75,2.0
2015-08-11T08:13:20.000000Z,312.0,311.75,1.0
2015-08-11T08:13:25.000000Z,312.0,311.75,3.0
2015-08-11T08:13:35.000000Z,312.0,311.75,2.0
2015-08-11T08:13:45.000000Z,312.0,311.75,2.0
2015-08-11T08:13:50.000000Z,312.0,311.75,1.0
2015-08-11T08:14:00.000000Z,312.0,311.75,2.0
2015-08-11T08:14:10.000000Z,312.0,311.75,2.0
2015-08-11T08:14:15.000000Z,312.0,311.75,1.0
2015-08-11T08:14:20.000000Z,312.0,311.75,2.0
2015-08-11T08:14:25.000000Z,312.0,311.75,3.0
2015-08-11T08:14:35.000000Z,312.0,311.75,1.0
2015-08-11T08:14:40.000000Z,312.0,311.75,1.0
2015-08-11T08:14:45.000000Z,312.0,311.75,1.0
2015-08-11T08:14:55.000000Z,312.0,311.75,1.0
2015-08-11T08:15:20.000000Z,312.0,311.75,2.0
2015-08-11T08:15:25.000000Z,312.0,311.75,3.0
2015-08-11T08:15:40.000000Z,312.0,311.75,1.0
2015-08-11T08:15:50.000000Z,312.0,311.75,1.0
2015-08-11T08:16:00.000000Z,312.0,311.75,2.0
2015-08-11T08:16:10.000000Z,312.0,311.75,1.0
2015-08-11T08:16:15.000000Z,312.0,311.75,2.0
2015-08-11T08:16:20.000000Z,312.0,311.75,3.0
2015-08-11T08:16:30.000000Z,312.0,311.75,1.0
2015-08-11T08:16:35.000000Z,312.0,311.75,1.0
2015-08-11T08:16:40.000000Z,312.0,311.75,1.0
2015-08-11T08:16:45.000000Z,312.0,311.75,1.0
2015-08-11T08:17:10.000000Z,312.0,311.75,1.0
2015-08-11T08:17:25.000000Z,312.0,311.75,1.0
2015-08-11T08:17:35.000000Z,312.0,311.75,3.0
2015-08-11T08:17:40.000000Z,312.0,311.75,16.0
2015-08-11T08:17:45.000000Z,312.0,311.75,19.0
2015-08-11T08:17:50.000000Z,312.0,311.75,5.0
2015-08-11T08:17:55.000000Z,312.0,311.75,1.0
2015-08-11T08:18:00.000000Z,312.0,311.75,1.0
2015-08-11T08:18:10.000000Z,312.0,311.75,1.0
2015-08-11T08:18:15.000000Z,312.0,311.75,1.0
2015-08-11T08:18:20.000000Z,312.0,311.75,2.0
2015-08-11T08:18:45.000000Z,312.0,311.75,1.0
2015-08-11T08:18:50.000000Z,312.0,311.75,1.0
2015-08-11T08:18:55.000000Z,312.0,311.75,1.0
2015-08-11T08:19:15.000000Z,312.0,311.75,1.0
2015-08-11T08:19:20.000000Z,312.0,311.75,1.0
2015-08-11T08:19:30.000000Z,312.0,311.75,2.0
2015-08-11T08:19:40.000000Z,312.0,311.75,9.0
2015-08-11T08:19:45.000000Z,312.0,311.75,1.0
2015-08-11T08:20:05.000000Z,312.0,311.75,2.0
2015-08-11T08:20:10.000000Z,312.0,311.75,1.0
2015-08-11T08:20:15.000000Z,312.0,311.75,1.0
2015-08-11T08:20:25.000000Z,312.0,311.75,1.0
2015-08-11T08:20:30.000000Z,312.0,311.75,1.0
2015-08-11T08:21:05.000000Z,312.0,311.75,3.0
2015-08-11T08:21:15.000000Z,312.0,311.75,2.0
2015-08-11T08:21:20.000000Z,312.0,311.75,7.0
2015-08-11T08:21:25.000000Z,312.0,311.75,10.0
2015-08-11T08:21:30.000000Z,312.0,311.75,4.0
2015-08-11T08:21:35.000000Z,312.0,311.75,12.0
2015-08-11T08:21:40.000000Z,312.0,311.75,6.0
2015-08-11T08:21:45.000000Z,312.0,311.75,2.0
2015-08-11T08:22:00.000000Z,312.0,311.75,1.0
2015-08-11T08:22:15.000000Z,312.0,311.75,1.0
2015-08-11T08:22:30.000000Z,312.0,311.75,1.0
2015-08-11T08:22:50.000000Z,312.0,311.75,1.0
2015-08-11T08:23:30.000000Z,312.0,311.75,1.0
2015-08-11T08:23:50.000000Z,312.0,311.75,4.0
2015-08-11T08:24:10.000000Z,312.0,311.75,3.0
2015-08-11T08:24:30.000000Z,312.0,311.75,1.0
2015-08-11T08:24:50.000000Z,312.0,311.75,1.0
2015-08-11T08:24:55.000000Z,312.0,311.75,1.0
2015-08-11T08:25:00.000000Z,312.0,311.75,18.0
2015-08-11T08:25:20.000000Z,312.0,311.75,1.0
2015-08-11T08:25:35.000000Z,312.0,311.75,2.0
2015-08-11T08:25:40.000000Z,312.0,311.75,1.0
2015-08-11T08:25:50.000000Z,312.0,311.75,1.0
2015-08-11T08:25:55.000000Z,312.0,311.75,1.0
2015-08-11T08:26:00.000000Z,312.0,311.75,1.0
2015-08-11T08:26:05.000000Z,312.0,311.75,1.0
2015-08-11T08:26:10.000000Z,312.0,311.75,5.0
2015-08-11T08:26:25.000000Z,312.0,311.75,8.0
2015-08-11T08:26:35.000000Z,312.0,311.75,13.0
2015-08-11T08:26:40.000000Z,312.0,311.75,1.0
2015-08-11T08:26:45.000000Z,312.0,311.75,1.0
2015-08-11T08:27:15.000000Z,312.0,311.75,1.0
2015-08-11T08:27:20.000000Z,312.0,311.75,13.0
2015-08-11T08:27:30.000000Z,312.0,311.75,2.0
2015-08-11T08:27:45.000000Z,312.0,311.75,1.0
2015-08-11T08:28:05.000000Z,312.0,311.75,1.0
2015-08-11T08:28:15.000000Z,312.0,311.75,2.0
2015-08-11T08:28:25.000000Z,312.0,311.75,3.0
2015-08-11T08:28:30.000000Z,312.0,311.75,4.0
2015-08-11T08:28:55.000000Z,312.0,311.75,1.0
2015-08-11T08:29:20.000000Z,312.0,311.75,1.0
2015-08-11T08:29:25.000000Z,312.0,311.75,6.0
2015-08-11T08:29:30.000000Z,312.0,311.75,5.0
2015-08-11T08:30:10.000000Z,312.0,311.75,1.0
2015-08-11T08:30:25.000000Z,312.0,311.75,10.0
2015-08-11T08:30:30.000000Z,312.0,311.75,2.0
2015-08-11T08:30:35.000000Z,312.0,311.75,1.0
2015-08-11T08:30:50.000000Z,312.0,311.75,10.0
2015-08-11T08:30:55.000000Z,312.0,311.75,5.0
2015-08-11T08:31:15.000000Z,312.0,311.75,1.0
2015-08-11T08:31:25.000000Z,312.0,311.75,4.0
2015-08-11T08:31:30.000000Z,312.0,311.75,5.0
2015-08-11T08:31:35.000000Z,312.0,311.75,5.0
2015-08-11T08:31:45.000000Z,312.0,311.75,7.0
2015-08-11T08:31:55.000000Z,312.0,311.75,1.0
2015-08-11T08:32:00.000000Z,312.0,311.75,1.0
2015-08-11T08:32:25.000000Z,312.0,311.75,2.0
2015-08-11T08:32:30.000000Z,312.0,311.75,4.0
2015-08-11T08:32:40.000000Z,312.0,311.75,1.0
2015-08-11T08:33:00.000000Z,312.0,311.75,1.0
2015-08-11T08:33:05.000000Z,312.0,311.75,1.0
2015-08-11T08:33:25.000000Z,312.0,311.75,1.0
2015-08-11T08:33:40.000000Z,312.0,311.75,1.0
2015-08-11T08:33:50.000000Z,312.0,311.75,3.0
2015-08-11T08:34:00.000000Z,312.0,311.75,2.0
2015-08-11T08:34:10.000000Z,312.0,311.75,2.0
2015-08-11T08:34:15.000000Z,312.0,311.75,1.0
2015-08-11T08:34:30.000000Z,312.0,311.75,1.0
2015-08-11T08:34:35.000000Z,312.0,311.75,1.0
2015-08-11T08:34:40.000000Z,312.0,311.75,4.0
2015-08-11T08:34:50.000000Z,312.0,311.75,1.0
2015-08-11T08:34:55.000000Z,312.0,311.75,1.0
2015-08-11T08:35:05.000000Z,312.0,311.75,1.0
2015-08-11T08:35:10.000000Z,312.0,311.75,6.0
2015-08-11T08:35:30.000000Z,312.0,311.75,2.0
2015-08-11T08:35:35.000000Z,312.0,311.75,1.0
2015-08-11T08:35:50.000000Z,312.0,311.75,6.0
2015-08-11T08:35:55.000000Z,312.0,311.75,1.0
2015-08-11T08:36:05.000000Z,312.0,311.75,9.0
2015-08-11T08:36:10.000000Z,312.0,311.75,1.0
2015-08-11T08:36:15.000000Z,312.0,311.75,1.0
2015-08-11T08:36:25.000000Z,312.0,311.75,1.0
2015-08-11T08:36:35.000000Z,312.0,311.75,1.0
2015-08-11T08:36:55.000000Z,312.0,311.75,1.0
2015-08-11T08:37:00.000000Z,312.0,311.75,1.0
2015-08-11T08:37:20.000000Z,312.0,311.75,1.0
2015-08-11T08:37:40.000000Z,312.0,311.75,1.0
2015-08-11T08:38:00.000000Z,312.0,311.75,1.0
2015-08-11T08:38:20.000000Z,312.0,311.75,1.0
2015-08-11T08:38:40.000000Z,312.0,311.75,1.0
2015-08-11T08:38:45.000000Z,312.0,311.75,1.0
2015-08-11T08:38:50.000000Z,312.0,311.75,1.0
2015-08-11T08:39:30.000000Z,312.0,311.75,1.0
2015-08-11T08:39:40.000000Z,312.0,311.75,1.0
2015-08-11T08:39:50.000000Z,312.0,311.75,1.0
2015-08-11T08:40:05.000000Z,312.0,311.75,2.0
2015-08-11T08:40:30.000000Z,312.0,311.75,3.0
2015-08-11T08:40:35.000000Z,312.0,311.75,2.0
2015-08-11T08:40:50.000000Z,312.0,311.75,1.0
2015-08-11T08:41:00.000000Z,312.0,311.75,1.0
2015-08-11T08:41:25.000000Z,312.0,311.75,3.0
2015-08-11T08:41:30.000000Z,312.0,311.75,1.0
2015-08-11T08:41:40.000000Z,312.0,311.75,1.0
2015-08-11T08:41:50.000000Z,312.0,311.75,2.0
2015-08-11T08:42:20.000000Z,312.0,311.75,2.0
2015-08-11T08:42:25.000000Z,312.0,311.75,10.0
2015-08-11T08:42:30.000000Z,312.0,311.75,6.0
2015-08-11T08:42:45.000000Z,312.0,311.75,1.0
2015-08-11T08:42:50.000000Z,312.0,311.75,1.0
2015-08-11T08:43:00.000000Z,312.0,311.75,2.0
2015-08-11T08:43:05.000000Z,312.0,311.75,1.0
2015-08-11T08:43:15.000000Z,312.0,311.75,1.0
2015-08-11T08:43:30.000000Z,312.0,311.75,1.0
2015-08-11T08:43:35.000000Z,312.0,311.75,1.0
2015-08-11T08:43:45.000000Z,312.0,311.75,1.0
2015-08-11T08:43:55.000000Z,312.0,311.75,3.0
2015-08-11T08:44:00.000000Z,312.0,311.75,1.0
2015-08-11T08:44:05.000000Z,312.0,311.75,1.0
2015-08-11T08:44:25.000000Z,312.0,311.75,1.0
2015-08-11T08:44:35.000000Z,312.0,311.75,3.0
2015-08-11T08:44:40.000000Z,312.0,311.75,1.0
2015-08-11T08:44:45.000000Z,312.0,311.75,2.0
2015-08-11T08:44:50.000000Z,312.0,311.75,5.0
2015-08-11T08:44:55.000000Z,312.0,311.75,3.0
2015-08-11T08:45:00.000000Z,312.0,311.75,1.0
2015-08-11T08:45:10.000000Z,312.0,311.75,2.0
2015-08-11T08:45:15.000000Z,312.0,311.75,3.0
2015-08-11T08:45:20.000000Z,312.0,311.75,1.0
2015-08-11T08:45:25.000000Z,312.0,311.75,1.0
2015-08-11T08:45:50.000000Z,312.0,311.75,1.0
2015-08-11T08:45:55.000000Z,312.0,311.75,2.0
2015-08-11T08:46:15.000000Z,312.0,311.75,1.0
2015-08-11T08:46:20.000000Z,312.0,311.75,1.0
2015-08-11T08:46:40.000000Z,312.0,311.75,1.0
2015-08-11T08:46:45.000000Z,312.0,311.75,1.0
2015-08-11T08:47:05.000000Z,312.0,311.75,2.0
2015-08-11T08:47:15.000000Z,312.0,311.75,1.0
2015-08-11T08:47:20.000000Z,312.0,311.75,9.0
2015-08-11T08:47:25.000000Z,312.0,311.75,2.0
2015-08-11T08:47:30.000000Z,312.0,311.75,1.0
2015-08-11T08:47:35.000000Z,312.0,311.75,2.0
2015-08-11T08:47:40.000000Z,312.0,311.75,3.0
2015-08-11T08:47:45.000000Z,312.0,311.75,1.0
2015-08-11T08:47:55.000000Z,312.0,311.75,1.0
2015-08-11T08:48:00.000000Z,312.0,311.75,1.0
2015-08-11T08:48:05.000000Z,312.0,311.75,1.0
2015-08-11T08:48:15.000000Z,312.0,311.75,1.0
2015-08-11T08:48:20.000000Z,312.0,311.75,3.0
2015-08-11T08:48:30.000000Z,312.0,311.75,1.0
2015-08-11T08:48:35.000000Z,312.0,311.75,1.0
2015-08-11T08:48:50.000000Z,312.0,311.75,1.0
2015-08-11T08:48:55.000000Z,312.0,311.75,2.0
2015-08-11T08:49:05.000000Z,312.0,311.75,2.0
2015-08-11T08:49:10.000000Z,312.0,311.75,4.0
2015-08-11T08:49:15.000000Z,312.0,311.75,5.0
2015-08-11T08:49:25.000000Z,312.0,311.75,4.0
2015-08-11T08:49:30.000000Z,312.0,311.75,1.0
2015-08-11T08:49:35.000000Z,312.0,311.75,2.0
2015-08-11T08:50:05.000000Z,312.0,311.75,3.0
2015-08-11T08:50:10.000000Z,312.0,311.75,1.0
2015-08-11T08:50:25.000000Z,312.0,311.75,1.0
2015-08-11T08:50:35.000000Z,312.0,311.75,2.0
2015-08-11T08:50:45.000000Z,312.0,311.75,2.0
2015-08-11T08:50:50.000000Z,312.0,311.75,1.0
2015-08-11T08:50:55.000000Z,312.0,311.75,1.0
2015-08-11T08:51:00.000000Z,312.0,311.75,1.0
2015-08-11T08:51:30.000000Z,312.0,311.75,2.0
2015-08-11T08:51:40.000000Z,312.0,311.75,3.0
2015-08-11T08:51:45.000000Z,312.0,311.75,1.0
2015-08-11T08:51:50.000000Z,312.0,311.75,5.0
2015-08-11T08:51:55.000000Z,312.0,311.75,3.0
2015-08-11T08:52:00.000000Z,312.0,311.75,1.0
2015-08-11T08:52:15.000000Z,312.0,311.75,2.0
2015-08-11T08:52:25.000000Z,312.0,311.75,1.0
2015-08-11T08:52:30.000000Z,312.0,311.75,3.0
2015-08-11T08:52:50.000000Z,312.0,311.75,18.0
2015-08-11T08:52:55.000000Z,312.0,311.75,12.0
2015-08-11T08:53:00.000000Z,312.0,311.75,1.0
2015-08-11T08:53:05.000000Z,312.0,311.75,1.0
2015-08-11T08:53:10.000000Z,312.25,312.0,47.0
2015-08-11T08:53:15.000000Z,312.25,312.0,5.0
2015-08-11T08:53:20.000000Z,312.25,312.0,10.0
2015-08-11T08:53:30.000000Z,312.25,312.0,7.0
2015-08-11T08:53:40.000000Z,312.25,312.0,1.0
2015-08-11T08:53:45.000000Z,312.25,311.75,11.0
2015-08-11T08:53:50.000000Z,312.25,311.75,8.0
2015-08-11T08:54:05.000000Z,312.25,312.0,11.0
2015-08-11T08:54:15.000000Z,312.25,312.0,4.0
2015-08-11T08:54:25.000000Z,312.25,312.0,2.0
2015-08-11T08:54:30.000000Z,312.25,312.0,2.0
2015-08-11T08:54:35.000000Z,312.25,312.0,2.0
2015-08-11T08:54:55.000000Z,312.25,312.0,1.0
2015-08-11T08:55:20.000000Z,312.25,312.0,4.0
2015-08-11T08:55:25.000000Z,312.25,312.0,3.0
2015-08-11T08:55:35.000000Z,312.25,312.0,1.0
2015-08-11T08:55:40.000000Z,312.25,312.0,1.0
2015-08-11T08:56:00.000000Z,312.25,312.0,1.0
2015-08-11T08:56:05.000000Z,312.25,312.0,1.0
2015-08-11T08:56:15.000000Z,312.25,312.0,1.0
2015-08-11T08:56:20.000000Z,312.25,312.0,1.0
2015-08-11T08:56:40.000000Z,312.25,312.0,16.0
2015-08-11T08:57:00.000000Z,312.25,312.0,1.0
2015-08-11T08:57:10.000000Z,312.25,312.0,3.0
2015-08-11T08:57:15.000000Z,312.25,312.0,26.0
2015-08-11T08:57:35.000000Z,312.25,312.0,2.0
2015-08-11T08:57:40.000000Z,312.25,312.0,1.0
2015-08-11T08:57:45.000000Z,312.25,312.0,13.0
2015-08-11T08:57:50.000000Z,312.25,312.0,4.0
2015-08-11T08:57:55.000000Z,312.25,312.0,43.0
2015-08-11T08:58:00.000000Z,312.25,312.0,5.0
2015-08-11T08:58:05.000000Z,312.25,312.0,11.0
2015-08-11T08:58:10.000000Z,312.25,312.0,11.0
2015-08-11T08:58:20.000000Z,312.25,312.0,14.0
2015-08-11T08:58:25.000000Z,312.25,312.0,5.0
2015-08-11T08:58:30.000000Z,312.25,312.0,15.0
2015-08-11T08:58:35.000000Z,312.25,312.0,22.0
2015-08-11T08:58:40.000000Z,312.25,312.0,8.0
2015-08-11T08:58:45.000000Z,312.25,312.0,1.0
2015-08-11T08:59:00.000000Z,312.25,312.0,5.0
2015-08-11T08:59:10.000000Z,312.25,312.0,1.0
2015-08-11T08:59:20.000000Z,312.25,312.0,2.0
2015-08-11T08:59:25.000000Z,312.25,312.0,3.0
2015-08-11T08:59:30.000000Z,312.25,312.0,3.0
2015-08-11T08:59:35.000000Z,312.25,312.0,4.0
2015-08-11T08:59:40.000000Z,312.25,312.0,1.0
2015-08-11T08:59:45.000000Z,312.25,311.5,38.0
2015-08-11T08:59:50.000000Z,312.25,311.5,6.0
2015-08-11T08:59:55.000000Z,312.75,311.25,33.0
2015-08-11T09:00:00.000000Z,312.5,311.0,31.0
2015-08-11T09:00:05.000000Z,312.25,310.75,18.0
2015-08-11T09:00:10.000000Z,312.5,311.5,24.0
2015-08-11T09:00:15.000000Z,312.25,311.75,24.0
2015-08-11T09:00:20.000000Z,312.25,311.75,24.0
2015-08-11T09:00:25.000000Z,312.0,311.75,18.0
2015-08-11T09:00:30.000000Z,312.0,311.75,7.0
2015-08-11T09:00:35.000000Z,312.25,311.75,18.0
2015-08-11T09:00:40.000000Z,312.25,311.75,29.0
2015-08-11T09:00:45.000000Z,312.0,311.75,24.0
2015-08-11T09:00:50.000000Z,312.25,311.75,6.0
2015-08-11T09:00:55.000000Z,312.0,311.75,26.0
2015-08-11T09:01:00.000000Z,312.0,311.75,8.0
2015-08-11T09:01:05.000000Z,312.25,311.75,17.0
2015-08-11T09:01:10.000000Z,312.0,311.75,29.0
2015-08-11T09:01:15.000000Z,312.0,311.75,1.0
2015-08-11T09:01:20.000000Z,312.0,311.75,1.0
2015-08-11T09:01:30.000000Z,312.0,311.75,3.0
2015-08-11T09:01:45.000000Z,312.0,311.75,3.0
2015-08-11T09:01:50.000000Z,312.0,311.75,1.0
2015-08-11T09:02:05.000000Z,312.25,311.0,60.0
2015-08-11T09:02:10.000000Z,312.25,311.0,6.0
2015-08-11T09:02:15.000000Z,312.0,311.25,4.0
2015-08-11T09:02:20.000000Z,312.25,311.5,20.0
2015-08-11T09:02:25.000000Z,312.25,311.5,11.0
2015-08-11T09:02:30.000000Z,312.0,311.75,16.0
2015-08-11T09:02:35.000000Z,312.0,311.75,16.0
2015-08-11T09:02:40.000000Z,312.0,311.75,19.0
2015-08-11T09:02:45.000000Z,312.0,311.75,21.0
2015-08-11T09:02:50.000000Z,312.0,311.75,11.0
2015-08-11T09:02:55.000000Z,312.0,311.75,33.0
2015-08-11T09:03:00.000000Z,312.0,311.75,10.0
2015-08-11T09:03:05.000000Z,312.0,311.75,7.0
2015-08-11T09:03:10.000000Z,312.0,311.75,7.0
2015-08-11T09:03:15.000000Z,312.0,311.75,2.0
2015-08-11T09:03:20.000000Z,312.0,311.75,3.0
2015-08-11T09:03:30.000000Z,312.0,311.75,1.0
2015-08-11T09:03:35.000000Z,312.0,311.75,22.0
2015-08-11T09:03:40.000000Z,312.0,311.75,1.0
2015-08-11T09:03:55.000000Z,312.0,311.75,4.0
2015-08-11T09:04:20.000000Z,312.0,311.75,1.0
2015-08-11T09:04:25.000000Z,312.0,311.75,1.0
2015-08-11T09:04:40.000000Z,312.0,311.75,1.0
2015-08-11T09:04:45.000000Z,312.0,311.75,1.0
2015-08-11T09:04:55.000000Z,312.0,311.75,1.0
2015-08-11T09:05:05.000000Z,312.0,311.75,1.0
2015-08-11T09:05:15.000000Z,312.0,311.75,4.0
2015-08-11T09:05:35.000000Z,312.0,311.75,4.0
2015-08-11T09:05:45.000000Z,312.0,311.75,1.0
2015-08-11T09:06:05.000000Z,312.0,311.75,1.0
2015-08-11T09:06:25.000000Z,312.0,311.75,1.0
2015-08-11T09:06:35.000000Z,312.0,311.75,2.0
2015-08-11T09:06:55.000000Z,312.0,311.75,1.0
2015-08-11T09:07:05.000000Z,312.0,311.75,1.0
2015-08-11T09:07:10.000000Z,312.0,311.75,2.0
2015-08-11T09:07:25.000000Z,312.25,311.75,10.0
2015-08-11T09:07:35.000000Z,312.25,311.75,1.0
2015-08-11T09:07:40.000000Z,312.25,311.75,1.0
2015-08-11T09:08:05.000000Z,312.25,311.75,1.0
2015-08-11T09:08:10.000000Z,312.25,311.75,17.0
2015-08-11T09:08:15.000000Z,312.25,311.75,6.0
2015-08-11T09:08:20.000000Z,312.0,311.75,13.0
2015-08-11T09:08:30.000000Z,312.0,311.75,2.0
2015-08-11T09:08:35.000000Z,312.0,311.75,1.0
2015-08-11T09:08:45.000000Z,312.0,311.75,1.0
2015-08-11T09:08:55.000000Z,312.0,311.75,2.0
2015-08-11T09:09:00.000000Z,312.25,311.75,23.0
2015-08-11T09:09:05.000000Z,312.25,312.0,16.0
2015-08-11T09:09:10.000000Z,312.25,312.0,1.0
2015-08-11T09:09:15.000000Z,312.25,312.0,2.0
2015-08-11T09:09:20.000000Z,312.25,311.75,3.0
2015-08-11T09:09:25.000000Z,312.25,311.75,1.0
2015-08-11T09:09:35.000000Z,312.25,311.75,1.0
2015-08-11T09:09:45.000000Z,312.25,312.0,1.0
2015-08-11T09:09:50.000000Z,312.25,312.0,9.0
2015-08-11T09:09:55.000000Z,312.25,312.0,2.0
2015-08-11T09:10:05.000000Z,312.25,312.0,1.0
2015-08-11T09:10:25.000000Z,312.25,312.0,1.0
2015-08-11T09:10:35.000000Z,312.25,312.0,1.0
2015-08-11T09:10:50.000000Z,312.25,312.0,1.0
2015-08-11T09:10:55.000000Z,312.25,312.0,3.0
2015-08-11T09:11:15.000000Z,312.25,312.0,15.0
2015-08-11T09:11:30.000000Z,312.25,312.0,12.0
2015-08-11T09:11:35.000000Z,312.25,312.0,7.0
2015-08-11T09:11:40.000000Z,312.25,312.0,11.0
2015-08-11T09:11:45.000000Z,312.25,312.0,11.0
2015-08-11T09:11:50.000000Z,312.25,312.0,1.0
2015-08-11T09:12:00.000000Z,312.25,312.0,3.0
2015-08-11T09:12:05.000000Z,312.25,312.0,1.0
2015-08-11T09:12:45.000000Z,312.25,312.0,1.0
2015-08-11T09:13:50.000000Z,312.25,312.0,1.0
2015-08-11T09:14:00.000000Z,312.25,312.0,1.0
2015-08-11T09:14:05.000000Z,312.25,312.0,1.0
2015-08-11T09:14:30.000000Z,312.25,312.0,1.0
2015-08-11T09:14:45.000000Z,312.25,312.0,1.0
2015-08-11T09:14:50.000000Z,312.25,312.0,1.0
2015-08-11T09:15:10.000000Z,312.25,312.0,1.0
2015-08-11T09:15:55.000000Z,312.25,312.0,6.0
2015-08-11T09:16:00.000000Z,312.25,312.0,6.0
2015-08-11T09:16:15.000000Z,312.25,312.0,1.0
2015-08-11T09:16:35.000000Z,312.25,312.0,1.0
2015-08-11T09:16:50.000000Z,312.25,312.0,1.0
2015-08-11T09:16:55.000000Z,312.25,312.0,2.0
2015-08-11T09:17:00.000000Z,312.25,312.0,1.0
2015-08-11T09:17:30.000000Z,312.25,312.0,1.0
2015-08-11T09:17:40.000000Z,312.25,312.0,1.0
2015-08-11T09:18:00.000000Z,312.25,312.0,1.0
2015-08-11T09:18:20.000000Z,312.25,312.0,1.0
2015-08-11T09:18:35.000000Z,312.25,312.0,1.0
2015-08-11T09:18:40.000000Z,312.25,312.0,1.0
2015-08-11T09:19:00.000000Z,312.25,312.0,1.0
2015-08-11T09:19:10.000000Z,312.25,312.0,1.0
2015-08-11T09:19:30.000000Z,312.25,312.0,2.0
2015-08-11T09:19:35.000000Z,312.25,312.0,1.0
2015-08-11T09:19:40.000000Z,312.25,312.0,5.0
2015-08-11T09:19:50.000000Z,312.25,312.0,10.0
2015-08-11T09:19:55.000000Z,312.25,312.0,1.0
2015-08-11T09:20:10.000000Z,312.25,312.0,1.0
2015-08-11T09:20:25.000000Z,312.25,312.0,2.0
2015-08-11T09:20:30.000000Z,312.25,312.0,2.0
2015-08-11T09:20:50.000000Z,312.25,312.0,1.0
2015-08-11T09:20:55.000000Z,312.0,311.75,15.0
2015-08-11T09:21:05.000000Z,312.0,311.75,1.0
2015-08-11T09:21:10.000000Z,312.25,311.75,6.0
2015-08-11T09:21:35.000000Z,312.25,311.75,1.0
2015-08-11T09:21:45.000000Z,312.0,312.0,3.0
2015-08-11T09:21:50.000000Z,312.0,311.75,1.0
2015-08-11T09:22:00.000000Z,312.0,311.75,2.0
2015-08-11T09:22:05.000000Z,312.0,311.75,4.0
2015-08-11T09:22:20.000000Z,312.0,311.75,1.0
2015-08-11T09:23:50.000000Z,312.0,311.75,1.0
2015-08-11T09:24:05.000000Z,312.0,311.75,3.0
2015-08-11T09:24:10.000000Z,312.0,312.0,3.0
2015-08-11T09:24:15.000000Z,312.0,312.0,1.0
2015-08-11T09:25:00.000000Z,312.0,312.0,16.0
2015-08-11T09:25:05.000000Z,312.0,312.0,1.0
2015-08-11T09:25:10.000000Z,312.0,312.0,1.0
2015-08-11T09:25:15.000000Z,312.0,312.0,1.0
2015-08-11T09:25:25.000000Z,312.25,312.0,13.0
2015-08-11T09:25:35.000000Z,312.0,312.0,13.0
2015-08-11T09:25:40.000000Z,312.25,312.0,7.0
2015-08-11T09:25:50.000000Z,312.25,312.0,12.0
2015-08-11T09:25:55.000000Z,312.25,312.0,7.0
2015-08-11T09:26:00.000000Z,312.25,312.0,9.0
2015-08-11T09:26:05.000000Z,312.25,312.0,9.0
2015-08-11T09:26:10.000000Z,312.25,312.0,1.0
2015-08-11T09:26:15.000000Z,312.25,312.0,1.0
2015-08-11T09:26:25.000000Z,312.25,312.0,1.0
2015-08-11T09:26:30.000000Z,312.25,312.0,8.0
2015-08-11T09:26:35.000000Z,312.25,312.0,12.0
2015-08-11T09:26:50.000000Z,312.25,312.0,15.0
2015-08-11T09:26:55.000000Z,312.25,312.0,2.0
2015-08-11T09:27:00.000000Z,312.25,312.0,2.0
2015-08-11T09:27:10.000000Z,312.25,312.0,2.0
2015-08-11T09:27:15.000000Z,312.25,312.0,1.0
2015-08-11T09:27:20.000000Z,312.0,312.0,6.0
2015-08-11T09:27:25.000000Z,312.25,312.0,5.0
2015-08-11T09:27:30.000000Z,312.25,311.75,18.0
2015-08-11T09:27:35.000000Z,312.0,312.0,2.0
2015-08-11T09:27:40.000000Z,312.0,312.0,23.0
2015-08-11T09:27:55.000000Z,312.25,312.0,13.0
2015-08-11T09:28:00.000000Z,312.25,312.0,2.0
2015-08-11T09:28:15.000000Z,312.25,312.0,4.0
2015-08-11T09:28:20.000000Z,312.25,312.0,1.0
2015-08-11T09:28:25.000000Z,312.25,312.0,1.0
2015-08-11T09:28:35.000000Z,312.25,312.0,1.0
2015-08-11T09:28:55.000000Z,312.25,312.0,1.0
2015-08-11T09:29:00.000000Z,312.25,312.0,1.0
2015-08-11T09:29:35.000000Z,312.25,312.0,1.0
2015-08-11T09:29:45.000000Z,312.25,312.0,10.0
2015-08-11T09:29:50.000000Z,312.25,312.0,1.0
2015-08-11T09:29:55.000000Z,312.25,312.0,3.0
2015-08-11T09:30:00.000000Z,312.25,312.0,1.0
2015-08-11T09:30:25.000000Z,312.25,312.0,1.0
2015-08-11T09:30:30.000000Z,312.25,312.0,2.0
2015-08-11T09:30:35.000000Z,312.25,312.0,1.0
2015-08-11T09:30:40.000000Z,312.25,312.0,2.0
2015-08-11T09:30:50.000000Z,312.25,312.0,8.0
2015-08-11T09:30:55.000000Z,312.25,312.0,11.0
2015-08-11T09:31:00.000000Z,312.25,312.0,2.0
2015-08-11T09:31:20.000000Z,312.25,312.0,1.0
2015-08-11T09:31:25.000000Z,312.25,312.0,11.0
2015-08-11T09:31:30.000000Z,312.25,312.0,9.0
2015-08-11T09:31:35.000000Z,312.25,312.0,7.0
2015-08-11T09:31:50.000000Z,312.25,312.0,8.0
2015-08-11T09:32:05.000000Z,312.25,312.0,3.0
2015-08-11T09:32:10.000000Z,312.25,312.0,2.0
2015-08-11T09:32:35.000000Z,312.25,312.0,1.0
2015-08-11T09:32:50.000000Z,312.25,312.0,1.0
2015-08-11T09:33:15.000000Z,312.25,312.0,1.0
2015-08-11T09:33:35.000000Z,312.25,312.0,1.0
2015-08-11T09:33:45.000000Z,312.25,312.0,1.0
2015-08-11T09:33:50.000000Z,312.25,312.0,5.0
2015-08-11T09:33:55.000000Z,312.25,312.0,4.0
2015-08-11T09:34:10.000000Z,312.25,312.0,1.0
2015-08-11T09:34:15.000000Z,312.25,312.0,2.0
2015-08-11T09:34:55.000000Z,312.25,312.0,1.0
2015-08-11T09:35:00.000000Z,312.25,312.0,3.0
2015-08-11T09:35:05.000000Z,312.25,312.0,4.0
2015-08-11T09:35:10.000000Z,312.25,312.0,2.0
2015-08-11T09:35:15.000000Z,312.25,312.0,2.0
2015-08-11T09:35:20.000000Z,312.25,312.0,1.0
2015-08-11T09:35:25.000000Z,312.25,312.0,2.0
2015-08-11T09:35:35.000000Z,312.25,312.0,2.0
2015-08-11T09:36:25.000000Z,312.25,312.0,2.0
2015-08-11T09:36:30.000000Z,312.25,312.0,2.0
2015-08-11T09:36:50.000000Z,312.25,312.0,1.0
2015-08-11T09:36:55.000000Z,312.25,312.0,1.0
2015-08-11T09:37:00.000000Z,312.25,312.0,4.0
2015-08-11T09:37:10.000000Z,312.25,312.0,1.0
2015-08-11T09:37:15.000000Z,312.25,312.0,1.0
2015-08-11T09:37:30.000000Z,312.25,312.0,4.0
2015-08-11T09:37:35.000000Z,312.25,312.0,1.0
2015-08-11T09:37:55.000000Z,312.25,312.0,1.0
2015-08-11T09:38:00.000000Z,312.25,312.0,7.0
2015-08-11T09:38:05.000000Z,312.25,312.0,23.0
2015-08-11T09:38:10.000000Z,312.25,312.0,25.0
2015-08-11T09:38:15.000000Z,312.25,312.0,27.0
2015-08-11T09:38:20.000000Z,312.25,312.0,2.0
2015-08-11T09:38:25.000000Z,312.25,312.0,4.0
2015-08-11T09:38:45.000000Z,312.25,312.0,1.0
2015-08-11T09:38:50.000000Z,312.25,312.0,1.0
2015-08-11T09:39:05.000000Z,312.25,312.0,1.0
2015-08-11T09:39:30.000000Z,312.25,312.0,1.0
2015-08-11T09:39:50.000000Z,312.25,312.0,1.0
2015-08-11T09:40:00.000000Z,312.25,312.0,2.0
2015-08-11T09:40:05.000000Z,312.25,312.0,1.0
2015-08-11T09:40:15.000000Z,312.25,312.0,3.0
2015-08-11T09:40:25.000000Z,312.25,312.0,8.0
2015-08-11T09:40:30.000000Z,312.25,312.0,13.0
2015-08-11T09:40:40.000000Z,312.25,312.0,1.0
2015-08-11T09:40:50.000000Z,312.25,312.0,1.0
2015-08-11T09:41:10.000000Z,312.25,312.0,3.0
2015-08-11T09:41:20.000000Z,312.25,312.0,4.0
2015-08-11T09:41:25.000000Z,312.25,312.0,10.0
2015-08-11T09:41:30.000000Z,312.25,312.0,3.0
2015-08-11T09:41:45.000000Z,312.25,312.0,1.0
2015-08-11T09:41:50.000000Z,312.25,312.0,2.0
2015-08-11T09:41:55.000000Z,312.25,312.0,1.0
2015-08-11T09:42:00.000000Z,312.25,312.0,3.0
2015-08-11T09:42:05.000000Z,312.25,312.0,1.0
2015-08-11T09:42:10.000000Z,312.25,312.0,1.0
2015-08-11T09:42:15.000000Z,312.25,312.0,1.0
2015-08-11T09:42:20.000000Z,312.25,312.0,2.0
2015-08-11T09:42:25.000000Z,312.25,312.0,8.0
2015-08-11T09:42:35.000000Z,312.25,312.0,11.0
2015-08-11T09:42:40.000000Z,312.25,312.0,12.0
2015-08-11T09:42:45.000000Z,312.25,312.0,16.0
2015-08-11T09:42:50.000000Z,312.25,312.0,9.0
2015-08-11T09:43:00.000000Z,312.25,312.0,7.0
2015-08-11T09:43:10.000000Z,312.25,312.0,1.0
2015-08-11T09:43:20.000000Z,312.25,312.0,1.0
2015-08-11T09:43:25.000000Z,312.25,312.0,1.0
2015-08-11T09:43:30.000000Z,312.25,312.0,5.0
2015-08-11T09:43:50.000000Z,312.25,312.0,9.0
2015-08-11T09:44:05.000000Z,312.25,312.0,1.0
2015-08-11T09:44:20.000000Z,312.25,312.0,2.0
2015-08-11T09:44:25.000000Z,312.25,312.0,1.0
2015-08-11T09:44:30.000000Z,312.25,312.0,1.0
2015-08-11T09:44:55.000000Z,312.25,312.0,6.0
2015-08-11T09:45:05.000000Z,312.25,312.0,2.0
2015-08-11T09:45:20.000000Z,312.25,312.0,1.0
2015-08-11T09:46:00.000000Z,312.25,312.0,1.0
2015-08-11T09:46:05.000000Z,312.25,312.0,1.0
2015-08-11T09:46:15.000000Z,312.25,312.0,2.0
2015-08-11T09:46:50.000000Z,312.25,312.0,1.0
2015-08-11T09:46:55.000000Z,312.25,312.0,2.0
2015-08-11T09:47:25.000000Z,312.25,312.0,2.0
2015-08-11T09:47:40.000000Z,312.25,312.0,1.0
2015-08-11T09:47:50.000000Z,312.25,312.0,2.0
2015-08-11T09:48:10.000000Z,312.25,312.0,1.0
2015-08-11T09:48:40.000000Z,312.25,312.0,17.0
2015-08-11T09:48:45.000000Z,312.25,312.0,1.0
2015-08-11T09:48:50.000000Z,312.25,312.0,1.0
2015-08-11T09:49:05.000000Z,312.25,312.0,6.0
2015-08-11T09:49:15.000000Z,312.25,312.0,3.0
2015-08-11T09:49:20.000000Z,312.25,312.0,21.0
2015-08-11T09:49:25.000000Z,312.25,312.0,16.0
2015-08-11T09:49:30.000000Z,312.25,312.0,15.0
2015-08-11T09:49:35.000000Z,312.5,312.25,20.0
2015-08-11T09:49:40.000000Z,312.5,312.25,10.0
2015-08-11T09:49:45.000000Z,312.5,312.25,14.0
2015-08-11T09:50:00.000000Z,312.5,312.25,2.0
2015-08-11T09:50:05.000000Z,312.5,312.25,2.0
2015-08-11T09:50:10.000000Z,312.5,312.25,2.0
2015-08-11T09:50:15.000000Z,312.5,312.25,2.0
2015-08-11T09:50:20.000000Z,312.5,312.25,1.0
2015-08-11T09:50:25.000000Z,312.5,312.25,9.0
2015-08-11T09:50:30.000000Z,312.5,312.25,10.0
2015-08-11T09:50:55.000000Z,312.5,312.25,5.0
2015-08-11T09:51:00.000000Z,312.5,312.25,5.0
2015-08-11T09:51:05.000000Z,312.25,312.25,17.0
2015-08-11T09:51:10.000000Z,312.25,312.25,1.0
2015-08-11T09:51:20.000000Z,312.5,312.25,9.0
2015-08-11T09:51:30.000000Z,312.5,312.25,1.0
2015-08-11T09:51:35.000000Z,312.5,312.25,3.0
2015-08-11T09:51:40.000000Z,312.5,312.25,35.0
2015-08-11T09:51:45.000000Z,312.25,312.25,2.0
2015-08-11T09:51:55.000000Z,312.5,312.25,7.0
2015-08-11T09:52:00.000000Z,312.5,312.25,5.0
2015-08-11T09:52:05.000000Z,312.5,312.25,5.0
2015-08-11T09:52:15.000000Z,312.5,312.25,1.0
2015-08-11T09:52:45.000000Z,312.5,312.25,1.0
2015-08-11T09:53:25.000000Z,312.5,312.25,1.0
2015-08-11T09:53:35.000000Z,312.5,312.25,6.0
2015-08-11T09:53:40.000000Z,312.5,312.25,1.0
2015-08-11T09:53:50.000000Z,312.5,312.25,3.0
2015-08-11T09:53:55.000000Z,312.5,312.25,1.0
2015-08-11T09:54:00.000000Z,312.5,312.25,9.0
2015-08-11T09:54:05.000000Z,312.25,312.0,17.0
2015-08-11T09:54:10.000000Z,312.25,312.0,6.0
2015-08-11T09:54:15.000000Z,312.25,312.0,4.0
2015-08-11T09:54:20.000000Z,312.25,312.0,1.0
2015-08-11T09:54:25.000000Z,312.25,312.0,2.0
2015-08-11T09:54:35.000000Z,312.25,312.0,1.0
2015-08-11T09:54:45.000000Z,312.25,312.0,1.0
2015-08-11T09:54:50.000000Z,312.25,312.0,26.0
2015-08-11T09:54:55.000000Z,312.25,312.0,34.0
2015-08-11T09:55:00.000000Z,312.25,312.0,21.0
2015-08-11T09:55:05.000000Z,312.25,312.25,5.0
2015-08-11T09:55:10.000000Z,312.25,312.0,23.0
2015-08-11T09:55:25.000000Z,312.25,312.0,6.0
2015-08-11T09:55:30.000000Z,312.25,312.0,15.0
2015-08-11T09:55:40.000000Z,312.25,312.0,3.0
2015-08-11T09:55:45.000000Z,312.25,312.0,11.0
2015-08-11T09:55:50.000000Z,312.25,312.0,4.0
2015-08-11T09:55:55.000000Z,312.25,312.0,3.0
2015-08-11T09:56:00.000000Z,312.25,312.0,20.0
2015-08-11T09:56:05.000000Z,312.25,312.0,39.0
2015-08-11T09:56:10.000000Z,312.25,312.0,1.0
2015-08-11T09:56:20.000000Z,312.25,312.0,26.0
2015-08-11T09:56:25.000000Z,312.25,312.0,51.0
2015-08-11T09:56:30.000000Z,312.0,311.75,44.0
2015-08-11T09:56:35.000000Z,312.0,311.75,25.0
2015-08-11T09:56:40.000000Z,312.0,311.75,5.0
2015-08-11T09:56:50.000000Z,312.0,311.75,1.0
2015-08-11T09:56:55.000000Z,312.0,311.75,10.0
2015-08-11T09:57:00.000000Z,312.0,311.75,1.0
2015-08-11T09:57:05.000000Z,312.0,311.75,1.0
2015-08-11T09:57:10.000000Z,312.0,311.75,8.0
2015-08-11T09:57:15.000000Z,312.25,311.75,26.0
2015-08-11T09:57:35.000000Z,312.25,311.75,1.0
2015-08-11T09:58:05.000000Z,312.25,312.0,3.0
2015-08-11T09:58:10.000000Z,312.25,312.0,8.0
2015-08-11T09:58:30.000000Z,312.25,312.0,1.0
2015-08-11T09:58:35.000000Z,312.25,312.0,2.0
2015-08-11T09:58:40.000000Z,312.25,312.0,1.0
2015-08-11T09:58:50.000000Z,312.25,312.0,1.0
2015-08-11T09:58:55.000000Z,312.25,312.0,1.0
2015-08-11T09:59:00.000000Z,312.25,312.0,1.0
2015-08-11T09:59:10.000000Z,312.25,312.0,21.0
2015-08-11T09:59:15.000000Z,312.25,312.0,4.0
2015-08-11T09:59:20.000000Z,312.25,312.0,9.0
2015-08-11T09:59:25.000000Z,312.25,312.0,3.0
2015-08-11T09:59:40.000000Z,312.25,312.0,12.0
2015-08-11T09:59:45.000000Z,312.25,312.0,1.0
2015-08-11T09:59:55.000000Z,312.25,312.0,2.0
2015-08-11T10:00:00.000000Z,312.25,312.0,1.0
2015-08-11T10:00:15.000000Z,312.25,312.0,14.0
2015-08-11T10:00:20.000000Z,312.25,312.0,7.0
2015-08-11T10:00:35.000000Z,312.25,312.0,12.0
2015-08-11T10:00:45.000000Z,312.25,312.0,16.0
2015-08-11T10:00:50.000000Z,312.25,312.0,12.0
2015-08-11T10:00:55.000000Z,312.25,312.0,5.0
2015-08-11T10:01:00.000000Z,312.25,312.0,11.0
2015-08-11T10:01:10.000000Z,312.25,312.0,8.0
2015-08-11T10:01:30.000000Z,312.25,312.0,6.0
2015-08-11T10:01:35.000000Z,312.25,312.0,2.0
2015-08-11T10:01:45.000000Z,312.25,311.75,9.0
2015-08-11T10:01:55.000000Z,312.25,311.75,4.0
2015-08-11T10:02:00.000000Z,312.25,311.75,1.0
2015-08-11T10:02:05.000000Z,312.25,311.75,6.0
2015-08-11T10:02:10.000000Z,312.0,311.75,9.0
2015-08-11T10:02:25.000000Z,312.0,311.75,1.0
2015-08-11T10:02:35.000000Z,312.0,311.75,3.0
2015-08-11T10:03:10.000000Z,312.25,311.75,8.0
2015-08-11T10:03:25.000000Z,312.25,311.75,1.0
2015-08-11T10:03:45.000000Z,312.25,311.75,1.0
2015-08-11T10:04:05.000000Z,312.25,311.75,1.0
2015-08-11T10:04:50.000000Z,312.25,311.75,1.0
2015-08-11T10:05:30.000000Z,312.25,311.75,2.0
2015-08-11T10:05:40.000000Z,312.25,311.75,9.0
2015-08-11T10:05:45.000000Z,312.0,311.75,3.0
2015-08-11T10:05:50.000000Z,312.0,311.75,3.0
2015-08-11T10:05:55.000000Z,312.0,311.75,15.0
2015-08-11T10:06:00.000000Z,312.0,311.75,2.0
2015-08-11T10:06:15.000000Z,312.0,311.75,5.0
2015-08-11T10:06:25.000000Z,312.0,311.75,1.0
2015-08-11T10:06:30.000000Z,312.25,311.75,2.0
2015-08-11T10:06:35.000000Z,312.25,311.75,1.0
2015-08-11T10:06:45.000000Z,312.25,311.75,1.0
2015-08-11T10:06:55.000000Z,312.25,311.75,1.0
2015-08-11T10:07:00.000000Z,312.0,311.75,4.0
2015-08-11T10:07:10.000000Z,312.25,311.75,1.0
2015-08-11T10:07:35.000000Z,312.0,311.75,3.0
2015-08-11T10:07:55.000000Z,312.25,311.75,1.0
2015-08-11T10:08:00.000000Z,312.0,311.75,17.0
2015-08-11T10:08:05.000000Z,312.0,311.75,9.0
2015-08-11T10:08:25.000000Z,312.0,311.75,4.0
2015-08-11T10:08:40.000000Z,312.0,311.75,1.0
2015-08-11T10:09:00.000000Z,312.0,311.75,1.0
2015-08-11T10:09:35.000000Z,312.0,311.75,1.0
2015-08-11T10:09:40.000000Z,312.0,311.75,2.0
2015-08-11T10:09:45.000000Z,312.0,311.75,2.0
2015-08-11T10:10:00.000000Z,312.0,311.75,1.0
2015-08-11T10:10:20.000000Z,312.0,311.75,1.0
2015-08-11T10:10:35.000000Z,312.0,311.75,2.0
2015-08-11T10:11:15.000000Z,312.0,311.75,1.0
2015-08-11T10:11:20.000000Z,312.0,311.75,1.0
2015-08-11T10:11:40.000000Z,312.0,311.75,1.0
2015-08-11T10:11:45.000000Z,312.0,311.75,5.0
2015-08-11T10:11:55.000000Z,312.0,311.75,1.0
2015-08-11T10:12:00.000000Z,312.0,311.75,1.0
2015-08-11T10:12:20.000000Z,312.0,311.75,1.0
2015-08-11T10:12:35.000000Z,312.0,311.75,1.0
2015-08-11T10:12:40.000000Z,312.0,311.75,1.0
2015-08-11T10:12:45.000000Z,312.0,311.75,1.0
2015-08-11T10:12:50.000000Z,312.0,311.75,1.0
2015-08-11T10:13:05.000000Z,312.0,311.75,1.0
2015-08-11T10:13:15.000000Z,312.0,311.75,3.0
2015-08-11T10:13:25.000000Z,312.0,311.75,2.0
2015-08-11T10:13:30.000000Z,312.0,311.75,1.0
2015-08-11T10:13:50.000000Z,312.0,311.75,8.0
2015-08-11T10:14:00.000000Z,312.0,311.75,2.0
2015-08-11T10:14:20.000000Z,312.0,311.75,1.0
2015-08-11T10:14:25.000000Z,312.0,311.75,1.0
2015-08-11T10:14:45.000000Z,312.0,311.75,1.0
2015-08-11T10:14:55.000000Z,312.0,311.75,1.0
2015-08-11T10:15:30.000000Z,312.0,311.75,1.0
2015-08-11T10:16:00.000000Z,312.25,311.75,15.0
2015-08-11T10:16:05.000000Z,312.25,312.0,17.0
2015-08-11T10:16:10.000000Z,312.25,312.0,1.0
2015-08-11T10:16:15.000000Z,312.25,312.0,16.0
2015-08-11T10:16:20.000000Z,312.25,312.0,3.0
2015-08-11T10:16:25.000000Z,312.25,312.0,1.0
2015-08-11T10:16:30.000000Z,312.25,312.0,1.0
2015-08-11T10:16:35.000000Z,312.25,312.0,14.0
2015-08-11T10:16:40.000000Z,312.25,312.0,6.0
2015-08-11T10:16:50.000000Z,312.25,312.0,1.0
2015-08-11T10:16:55.000000Z,312.25,312.0,1.0
2015-08-11T10:17:30.000000Z,312.25,312.0,2.0
2015-08-11T10:17:45.000000Z,312.25,312.0,1.0
2015-08-11T10:18:00.000000Z,312.25,312.0,2.0
2015-08-11T10:18:15.000000Z,312.25,312.0,1.0
2015-08-11T10:19:00.000000Z,312.25,312.0,1.0
2015-08-11T10:19:25.000000Z,312.25,312.0,2.0
2015-08-11T10:19:40.000000Z,312.25,312.0,2.0
2015-08-11T10:19:55.000000Z,312.25,312.0,4.0
2015-08-11T10:20:00.000000Z,312.25,312.0,1.0
2015-08-11T10:20:10.000000Z,312.0,312.0,12.0
2015-08-11T10:20:50.000000Z,312.0,312.0,1.0
2015-08-11T10:21:10.000000Z,312.0,312.0,1.0
2015-08-11T10:22:30.000000Z,312.0,312.0,1.0
2015-08-11T10:22:55.000000Z,312.0,312.0,1.0
2015-08-11T10:23:30.000000Z,312.0,312.0,1.0
2015-08-11T10:23:40.000000Z,312.0,312.0,1.0
2015-08-11T10:23:55.000000Z,312.0,312.0,1.0
2015-08-11T10:24:00.000000Z,312.0,312.0,1.0
2015-08-11T10:24:05.000000Z,312.0,312.0,2.0
2015-08-11T10:24:15.000000Z,312.0,312.0,2.0
2015-08-11T10:24:35.000000Z,312.0,312.0,2.0
2015-08-11T10:24:40.000000Z,312.0,312.0,1.0
2015-08-11T10:24:55.000000Z,312.0,312.0,3.0
2015-08-11T10:25:15.000000Z,312.0,312.0,1.0
2015-08-11T10:25:30.000000Z,312.0,312.0,1.0
2015-08-11T10:25:40.000000Z,312.0,312.0,1.0
2015-08-11T10:25:45.000000Z,312.0,312.0,1.0
2015-08-11T10:25:55.000000Z,312.0,312.0,1.0
2015-08-11T10:26:20.000000Z,312.0,312.0,2.0
2015-08-11T10:26:40.000000Z,312.0,312.0,1.0
2015-08-11T10:27:25.000000Z,312.0,312.0,1.0
2015-08-11T10:27:35.000000Z,312.0,312.0,1.0
2015-08-11T10:27:45.000000Z,312.0,312.0,1.0
2015-08-11T10:28:45.000000Z,312.0,312.0,1.0
2015-08-11T10:29:05.000000Z,312.0,312.0,1.0
2015-08-11T10:29:40.000000Z,312.0,312.0,1.0
2015-08-11T10:30:25.000000Z,312.0,312.0,2.0
2015-08-11T10:30:40.000000Z,312.0,312.0,1.0
2015-08-11T10:30:55.000000Z,312.0,312.0,1.0
2015-08-11T10:31:10.000000Z,312.0,312.0,1.0
2015-08-11T10:31:25.000000Z,312.0,312.0,1.0
2015-08-11T10:31:55.000000Z,312.0,312.0,1.0
2015-08-11T10:32:15.000000Z,312.0,312.0,1.0
2015-08-11T10:32:45.000000Z,312.0,312.0,1.0
2015-08-11T10:33:05.000000Z,312.0,312.0,1.0
2015-08-11T10:33:40.000000Z,312.0,312.0,1.0
2015-08-11T10:33:50.000000Z,312.0,312.0,3.0
2015-08-11T10:34:10.000000Z,312.25,312.0,14.0
2015-08-11T10:34:15.000000Z,312.25,312.0,4.0
2015-08-11T10:34:20.000000Z,312.25,312.0,1.0
2015-08-11T10:34:25.000000Z,312.25,312.0,7.0
2015-08-11T10:34:45.000000Z,312.25,312.0,1.0
2015-08-11T10:34:50.000000Z,312.25,312.0,2.0
2015-08-11T10:34:55.000000Z,312.25,312.0,2.0
2015-08-11T10:35:10.000000Z,312.25,312.0,3.0
2015-08-11T10:35:15.000000Z,312.25,312.0,1.0
2015-08-11T10:35:25.000000Z,312.25,312.0,2.0
2015-08-11T10:35:30.000000Z,312.25,312.0,23.0
2015-08-11T10:35:35.000000Z,312.25,312.0,5.0
2015-08-11T10:35:50.000000Z,312.25,312.0,2.0
2015-08-11T10:35:55.000000Z,312.25,312.0,9.0
2015-08-11T10:36:00.000000Z,312.25,312.0,2.0
2015-08-11T10:36:05.000000Z,312.25,312.0,2.0
2015-08-11T10:36:10.000000Z,312.25,312.0,1.0
2015-08-11T10:36:20.000000Z,312.25,312.0,4.0
2015-08-11T10:36:35.000000Z,312.25,312.0,4.0
2015-08-11T10:36:40.000000Z,312.25,312.0,1.0
2015-08-11T10:36:50.000000Z,312.25,312.0,33.0
2015-08-11T10:36:55.000000Z,312.25,312.0,28.0
2015-08-11T10:37:00.000000Z,312.25,312.0,24.0
2015-08-11T10:37:05.000000Z,312.25,312.0,3.0
2015-08-11T10:37:20.000000Z,312.25,312.0,1.0
2015-08-11T10:37:40.000000Z,312.25,312.0,1.0
2015-08-11T10:37:50.000000Z,312.25,312.0,2.0
2015-08-11T10:38:00.000000Z,312.25,312.0,15.0
2015-08-11T10:38:05.000000Z,312.25,312.0,1.0
2015-08-11T10:38:10.000000Z,312.25,312.0,2.0
2015-08-11T10:38:20.000000Z,312.25,312.0,6.0
2015-08-11T10:38:30.000000Z,312.25,312.0,3.0
2015-08-11T10:38:35.000000Z,312.25,312.0,5.0
2015-08-11T10:38:40.000000Z,312.25,312.0,3.0
2015-08-11T10:38:55.000000Z,312.25,312.0,1.0
2015-08-11T10:39:20.000000Z,312.25,312.0,3.0
2015-08-11T10:39:45.000000Z,312.25,312.0,2.0
2015-08-11T10:39:55.000000Z,312.25,312.0,13.0
2015-08-11T10:40:00.000000Z,312.25,312.0,7.0
2015-08-11T10:40:05.000000Z,312.25,312.0,6.0
2015-08-11T10:40:15.000000Z,312.25,312.0,12.0
2015-08-11T10:40:20.000000Z,312.25,312.0,2.0
2015-08-11T10:40:25.000000Z,312.25,312.0,1.0
2015-08-11T10:40:40.000000Z,312.25,312.0,1.0
2015-08-11T10:40:45.000000Z,312.25,312.0,2.0
2015-08-11T10:40:50.000000Z,312.25,312.0,1.0
2015-08-11T10:41:05.000000Z,312.25,312.0,1.0
2015-08-11T10:41:10.000000Z,312.25,312.0,1.0
2015-08-11T10:41:30.000000Z,312.25,312.0,3.0
2015-08-11T10:41:40.000000Z,312.25,312.0,1.0
2015-08-11T10:41:50.000000Z,312.25,312.0,1.0
2015-08-11T10:41:55.000000Z,312.25,312.0,3.0
2015-08-11T10:42:05.000000Z,312.25,312.0,6.0
2015-08-11T10:42:30.000000Z,312.25,312.0,1.0
2015-08-11T10:42:35.000000Z,312.25,312.0,2.0
2015-08-11T10:42:55.000000Z,312.25,312.0,4.0
2015-08-11T10:43:00.000000Z,312.25,312.0,1.0
2015-08-11T10:43:10.000000Z,312.25,312.0,3.0
2015-08-11T10:43:20.000000Z,312.25,312.0,1.0
2015-08-11T10:43:30.000000Z,312.25,312.0,1.0
2015-08-11T10:43:35.000000Z,312.25,312.0,1.0
2015-08-11T10:43:40.000000Z,312.25,312.0,2.0
2015-08-11T10:43:55.000000Z,312.25,312.0,11.0
2015-08-11T10:44:20.000000Z,312.25,312.0,6.0
2015-08-11T10:44:25.000000Z,312.25,312.0,1.0
2015-08-11T10:44:35.000000Z,312.25,312.0,1.0
2015-08-11T10:44:40.000000Z,312.25,312.0,5.0
2015-08-11T10:44:45.000000Z,312.25,312.0,1.0
2015-08-11T10:44:55.000000Z,312.25,312.0,1.0
2015-08-11T10:45:00.000000Z,312.25,312.0,1.0
2015-08-11T10:45:15.000000Z,312.25,312.0,1.0
2015-08-11T10:45:20.000000Z,312.25,312.0,1.0
2015-08-11T10:45:40.000000Z,312.25,312.0,1.0
2015-08-11T10:45:50.000000Z,312.25,312.0,17.0
2015-08-11T10:45:55.000000Z,312.25,312.0,2.0
2015-08-11T10:46:00.000000Z,312.25,312.0,3.0
2015-08-11T10:46:05.000000Z,312.25,312.0,2.0
2015-08-11T10:46:25.000000Z,312.25,312.0,1.0
2015-08-11T10:46:50.000000Z,312.25,312.0,1.0
2015-08-11T10:46:55.000000Z,312.25,312.0,2.0
2015-08-11T10:47:05.000000Z,312.25,312.0,1.0
2015-08-11T10:47:10.000000Z,312.25,312.0,1.0
2015-08-11T10:47:15.000000Z,312.25,312.0,1.0
2015-08-11T10:47:20.000000Z,312.25,312.0,1.0
2015-08-11T10:47:25.000000Z,312.25,312.0,2.0
2015-08-11T10:47:40.000000Z,312.25,312.0,1.0
2015-08-11T10:48:00.000000Z,312.25,312.0,1.0
2015-08-11T10:48:10.000000Z,312.25,312.0,3.0
2015-08-11T10:48:20.000000Z,312.25,312.0,1.0
2015-08-11T10:48:30.000000Z,312.25,312.0,2.0
2015-08-11T10:48:35.000000Z,312.25,312.0,1.0
2015-08-11T10:48:40.000000Z,312.25,312.0,1.0
2015-08-11T10:48:50.000000Z,312.25,312.0,1.0
2015-08-11T10:49:00.000000Z,312.25,312.0,1.0
2015-08-11T10:49:15.000000Z,312.25,312.0,1.0
2015-08-11T10:49:20.000000Z,312.25,312.0,2.0
2015-08-11T10:49:40.000000Z,312.25,312.0,1.0
2015-08-11T10:50:00.000000Z,312.25,312.0,1.0
2015-08-11T10:50:10.000000Z,312.25,312.0,1.0
2015-08-11T10:50:15.000000Z,312.25,312.0,2.0
2015-08-11T10:50:20.000000Z,312.25,312.0,2.0
2015-08-11T10:50:35.000000Z,312.25,312.0,1.0
2015-08-11T10:51:00.000000Z,312.25,312.0,4.0
2015-08-11T10:51:05.000000Z,312.25,312.0,1.0
2015-08-11T10:51:20.000000Z,312.25,312.0,1.0
2015-08-11T10:51:30.000000Z,312.25,312.0,6.0
2015-08-11T10:51:35.000000Z,312.25,312.0,2.0
2015-08-11T10:51:45.000000Z,312.25,312.0,2.0
2015-08-11T10:51:50.000000Z,312.25,312.0,2.0
2015-08-11T10:51:55.000000Z,312.25,312.0,4.0
2015-08-11T10:52:00.000000Z,312.25,312.0,5.0
2015-08-11T10:52:20.000000Z,312.25,312.0,10.0
2015-08-11T10:52:25.000000Z,312.25,312.0,1.0
2015-08-11T10:52:35.000000Z,312.25,312.0,4.0
2015-08-11T10:52:40.000000Z,312.25,312.0,2.0
2015-08-11T10:52:45.000000Z,312.25,312.0,3.0
2015-08-11T10:53:40.000000Z,312.25,312.0,1.0
2015-08-11T10:53:45.000000Z,312.25,312.0,1.0
2015-08-11T10:53:50.000000Z,312.25,312.0,1.0
2015-08-11T10:53:55.000000Z,312.25,312.0,16.0
2015-08-11T10:54:05.000000Z,312.25,312.0,1.0
2015-08-11T10:54:10.000000Z,312.25,312.0,1.0
2015-08-11T10:54:15.000000Z,312.25,312.0,3.0
2015-08-11T10:54:25.000000Z,312.25,312.0,14.0
2015-08-11T10:54:30.000000Z,312.25,312.0,1.0
2015-08-11T10:54:45.000000Z,312.25,312.0,1.0
2015-08-11T10:54:50.000000Z,312.25,312.0,7.0
2015-08-11T10:55:05.000000Z,312.25,312.0,1.0
2015-08-11T10:55:15.000000Z,312.25,312.0,1.0
2015-08-11T10:55:50.000000Z,312.25,312.0,2.0
2015-08-11T10:56:05.000000Z,312.25,312.0,1.0
2015-08-11T10:56:25.000000Z,312.25,312.0,1.0
2015-08-11T10:56:30.000000Z,312.25,312.0,2.0
2015-08-11T10:56:45.000000Z,312.25,312.0,1.0
2015-08-11T10:57:00.000000Z,312.25,312.0,1.0
2015-08-11T10:57:05.000000Z,312.25,312.0,1.0
2015-08-11T10:57:10.000000Z,312.25,312.0,1.0
2015-08-11T10:57:15.000000Z,312.25,312.0,1.0
2015-08-11T10:57:30.000000Z,312.25,312.0,14.0
2015-08-11T10:57:40.000000Z,312.25,312.0,11.0
2015-08-11T10:57:45.000000Z,312.25,312.0,1.0
2015-08-11T10:57:50.000000Z,312.25,312.0,3.0
2015-08-11T10:57:55.000000Z,312.25,312.0,2.0
2015-08-11T10:58:05.000000Z,312.25,312.0,2.0
2015-08-11T10:58:15.000000Z,312.25,312.0,5.0
2015-08-11T10:58:20.000000Z,312.25,312.0,1.0
2015-08-11T10:58:35.000000Z,312.25,312.0,6.0
2015-08-11T10:58:40.000000Z,312.25,312.0,1.0
2015-08-11T10:58:45.000000Z,312.25,312.0,1.0
2015-08-11T10:58:55.000000Z,312.25,312.0,6.0
2015-08-11T10:59:00.000000Z,312.25,312.0,2.0
2015-08-11T10:59:05.000000Z,312.25,312.0,3.0
2015-08-11T10:59:10.000000Z,312.25,312.0,7.0
2015-08-11T10:59:25.000000Z,312.25,312.0,18.0
2015-08-11T10:59:30.000000Z,312.25,312.0,6.0
2015-08-11T10:59:35.000000Z,312.25,312.0,3.0
2015-08-11T10:59:45.000000Z,312.0,311.75,19.0
2015-08-11T10:59:50.000000Z,312.25,311.75,11.0
2015-08-11T10:59:55.000000Z,312.25,311.75,4.0
2015-08-11T11:00:00.000000Z,312.25,311.75,3.0
2015-08-11T11:00:05.000000Z,312.25,311.75,1.0
2015-08-11T11:00:10.000000Z,312.25,312.0,9.0
2015-08-11T11:00:25.000000Z,312.25,312.0,1.0
2015-08-11T11:00:30.000000Z,312.25,312.0,1.0
2015-08-11T11:00:35.000000Z,312.25,312.0,1.0
2015-08-11T11:00:40.000000Z,312.25,311.75,1.0
2015-08-11T11:01:00.000000Z,312.25,312.0,1.0
2015-08-11T11:01:05.000000Z,312.0,311.75,5.0
2015-08-11T11:01:10.000000Z,312.0,311.75,13.0
2015-08-11T11:01:15.000000Z,312.0,311.75,5.0
2015-08-11T11:01:20.000000Z,312.0,311.75,1.0
2015-08-11T11:01:25.000000Z,312.0,311.75,27.0
2015-08-11T11:01:30.000000Z,312.25,311.75,1.0
2015-08-11T11:01:35.000000Z,312.25,311.75,2.0
2015-08-11T11:02:05.000000Z,312.0,311.75,4.0
2015-08-11T11:02:10.000000Z,312.0,312.0,6.0
2015-08-11T11:02:20.000000Z,312.0,312.0,2.0
2015-08-11T11:02:30.000000Z,312.0,312.0,5.0
2015-08-11T11:02:50.000000Z,312.0,312.0,2.0
2015-08-11T11:03:05.000000Z,312.0,312.0,4.0
2015-08-11T11:03:40.000000Z,312.0,312.0,1.0
2015-08-11T11:03:45.000000Z,312.0,312.0,2.0
2015-08-11T11:04:00.000000Z,312.25,312.0,1.0
2015-08-11T11:04:10.000000Z,312.25,312.0,2.0
2015-08-11T11:05:10.000000Z,312.25,312.0,3.0
2015-08-11T11:05:15.000000Z,312.25,312.0,2.0
2015-08-11T11:05:20.000000Z,312.25,312.0,1.0
2015-08-11T11:05:30.000000Z,312.25,312.0,4.0
2015-08-11T11:05:35.000000Z,312.25,312.0,1.0
2015-08-11T11:05:40.000000Z,312.25,312.0,4.0
2015-08-11T11:05:45.000000Z,312.25,312.0,1.0
2015-08-11T11:05:50.000000Z,312.25,312.0,1.0
2015-08-11T11:06:00.000000Z,312.25,312.0,2.0
2015-08-11T11:06:10.000000Z,312.25,312.0,1.0
2015-08-11T11:06:50.000000Z,312.25,312.0,1.0
2015-08-11T11:07:10.000000Z,312.25,312.0,1.0
2015-08-11T11:07:15.000000Z,312.25,312.0,1.0
2015-08-11T11:07:20.000000Z,312.0,312.0,4.0
2015-08-11T11:07:25.000000Z,312.0,312.0,1.0
2015-08-11T11:07:55.000000Z,312.0,312.0,2.0
2015-08-11T11:08:00.000000Z,312.0,312.0,2.0
2015-08-11T11:08:10.000000Z,312.0,312.0,4.0
2015-08-11T11:08:15.000000Z,312.0,312.0,3.0
2015-08-11T11:08:45.000000Z,312.0,312.0,1.0
2015-08-11T11:08:50.000000Z,312.0,312.0,1.0
2015-08-11T11:09:00.000000Z,312.0,312.0,4.0
2015-08-11T11:09:10.000000Z,312.0,311.75,3.0
2015-08-11T11:09:20.000000Z,312.0,311.75,2.0
2015-08-11T11:09:30.000000Z,312.0,311.75,1.0
2015-08-11T11:09:35.000000Z,312.0,311.75,2.0
2015-08-11T11:09:50.000000Z,312.0,311.75,1.0
2015-08-11T11:10:05.000000Z,312.0,311.75,6.0
2015-08-11T11:10:10.000000Z,312.25,312.0,16.0
2015-08-11T11:10:15.000000Z,312.25,312.0,3.0
2015-08-11T11:10:20.000000Z,312.25,312.0,2.0
2015-08-11T11:10:50.000000Z,312.25,312.0,1.0
2015-08-11T11:10:55.000000Z,312.25,312.0,1.0
2015-08-11T11:11:00.000000Z,312.25,312.0,1.0
2015-08-11T11:11:10.000000Z,312.0,311.75,11.0
2015-08-11T11:11:15.000000Z,312.0,312.0,2.0
2015-08-11T11:11:35.000000Z,312.0,312.0,1.0
2015-08-11T11:11:50.000000Z,312.0,312.0,1.0
2015-08-11T11:12:50.000000Z,312.0,311.75,1.0
2015-08-11T11:13:05.000000Z,312.0,311.75,1.0
2015-08-11T11:13:10.000000Z,312.0,311.75,5.0
2015-08-11T11:13:25.000000Z,312.0,311.75,1.0
2015-08-11T11:14:05.000000Z,312.0,311.75,1.0
2015-08-11T11:14:10.000000Z,312.0,311.75,1.0
2015-08-11T11:14:15.000000Z,312.0,311.75,1.0
2015-08-11T11:14:25.000000Z,312.0,311.75,1.0
2015-08-11T11:14:35.000000Z,312.0,311.75,4.0
2015-08-11T11:14:40.000000Z,312.0,311.75,2.0
2015-08-11T11:14:45.000000Z,312.0,311.75,9.0
2015-08-11T11:14:50.000000Z,312.0,311.75,2.0
2015-08-11T11:15:00.000000Z,312.0,311.75,1.0
2015-08-11T11:15:05.000000Z,312.0,311.75,4.0
2015-08-11T11:15:10.000000Z,312.0,311.75,1.0
2015-08-11T11:15:20.000000Z,312.0,311.75,2.0
2015-08-11T11:15:30.000000Z,312.0,311.75,1.0
2015-08-11T11:16:15.000000Z,312.0,311.75,1.0
2015-08-11T11:16:20.000000Z,312.0,311.75,1.0
2015-08-11T11:16:40.000000Z,312.0,311.75,1.0
2015-08-11T11:16:45.000000Z,312.0,311.75,1.0
2015-08-11T11:17:05.000000Z,312.0,311.75,1.0
2015-08-11T11:17:45.000000Z,312.0,311.75,1.0
2015-08-11T11:17:55.000000Z,312.0,311.75,2.0
2015-08-11T11:18:00.000000Z,312.0,311.75,3.0
2015-08-11T11:18:20.000000Z,312.0,311.75,1.0
2015-08-11T11:19:20.000000Z,312.0,311.75,1.0
2015-08-11T11:19:30.000000Z,312.0,311.75,1.0
2015-08-11T11:19:35.000000Z,312.0,311.75,1.0
2015-08-11T11:19:45.000000Z,312.0,311.75,1.0
2015-08-11T11:20:05.000000Z,312.0,311.75,3.0
2015-08-11T11:20:10.000000Z,312.0,311.75,4.0
2015-08-11T11:20:15.000000Z,312.0,311.75,2.0
2015-08-11T11:20:25.000000Z,312.0,311.75,2.0
2015-08-11T11:20:30.000000Z,312.0,311.75,2.0
2015-08-11T11:20:35.000000Z,312.0,311.75,1.0
2015-08-11T11:20:45.000000Z,312.0,311.75,2.0
2015-08-11T11:20:55.000000Z,312.0,311.75,1.0
2015-08-11T11:21:00.000000Z,312.0,311.75,1.0
2015-08-11T11:21:05.000000Z,312.0,311.75,1.0
2015-08-11T11:21:15.000000Z,312.0,311.75,3.0
2015-08-11T11:22:15.000000Z,312.0,311.75,3.0
2015-08-11T11:22:45.000000Z,312.0,311.75,4.0
2015-08-11T11:22:50.000000Z,312.0,311.75,4.0
2015-08-11T11:22:55.000000Z,312.0,311.75,1.0
2015-08-11T11:23:20.000000Z,312.0,311.75,1.0
2015-08-11T11:23:35.000000Z,312.0,311.75,1.0
2015-08-11T11:24:10.000000Z,312.0,311.75,1.0
2015-08-11T11:24:15.000000Z,312.0,311.75,1.0
2015-08-11T11:24:35.000000Z,312.0,311.75,1.0
2015-08-11T11:24:40.000000Z,312.0,311.75,1.0
2015-08-11T11:24:45.000000Z,312.0,311.75,1.0
2015-08-11T11:25:00.000000Z,312.0,311.75,1.0
2015-08-11T11:25:10.000000Z,312.0,311.75,1.0
2015-08-11T11:25:20.000000Z,312.0,311.75,1.0
2015-08-11T11:25:25.000000Z,312.0,311.75,2.0
2015-08-11T11:26:00.000000Z,312.0,311.75,3.0
2015-08-11T11:26:05.000000Z,312.0,311.75,4.0
2015-08-11T11:26:15.000000Z,312.0,311.75,2.0
2015-08-11T11:26:25.000000Z,312.0,311.75,4.0
2015-08-11T11:26:35.000000Z,312.0,311.75,1.0
2015-08-11T11:26:40.000000Z,312.0,311.75,2.0
2015-08-11T11:26:45.000000Z,312.0,311.75,1.0
2015-08-11T11:26:55.000000Z,312.0,311.75,1.0
2015-08-11T11:27:05.000000Z,312.0,311.75,1.0
2015-08-11T11:27:25.000000Z,312.0,311.75,1.0
2015-08-11T11:27:30.000000Z,312.0,311.75,1.0
2015-08-11T11:28:00.000000Z,312.0,311.75,5.0
2015-08-11T11:28:10.000000Z,312.0,311.75,1.0
2015-08-11T11:28:15.000000Z,312.0,311.75,4.0
2015-08-11T11:28:20.000000Z,312.0,311.75,12.0
2015-08-11T11:28:25.000000Z,312.0,311.75,18.0
2015-08-11T11:28:30.000000Z,312.0,311.75,1.0
2015-08-11T11:28:35.000000Z,312.0,311.75,10.0
2015-08-11T11:28:40.000000Z,312.0,311.75,1.0
2015-08-11T11:28:50.000000Z,312.0,311.75,1.0
2015-08-11T11:29:10.000000Z,312.0,311.75,1.0
2015-08-11T11:29:55.000000Z,312.0,311.75,1.0
2015-08-11T11:30:10.000000Z,312.0,311.75,12.0
2015-08-11T11:30:15.000000Z,312.0,311.75,2.0
2015-08-11T11:30:35.000000Z,312.0,311.75,1.0
2015-08-11T11:30:45.000000Z,312.0,311.75,1.0
2015-08-11T11:31:05.000000Z,312.0,311.75,22.0
2015-08-11T11:31:10.000000Z,312.0,311.75,21.0
2015-08-11T11:31:15.000000Z,312.0,311.75,2.0
2015-08-11T11:31:20.000000Z,312.0,311.75,1.0
2015-08-11T11:31:25.000000Z,312.0,311.75,4.0
2015-08-11T11:31:30.000000Z,312.0,311.75,1.0
2015-08-11T11:31:35.000000Z,312.0,311.75,3.0
2015-08-11T11:31:40.000000Z,312.0,311.75,7.0
2015-08-11T11:31:45.000000Z,312.0,311.75,11.0
2015-08-11T11:31:50.000000Z,312.0,311.75,14.0
2015-08-11T11:31:55.000000Z,312.0,311.75,28.0
2015-08-11T11:32:00.000000Z,312.0,311.75,1.0
2015-08-11T11:32:05.000000Z,312.0,311.75,1.0
2015-08-11T11:32:10.000000Z,312.0,311.75,4.0
2015-08-11T11:32:15.000000Z,312.0,311.75,1.0
2015-08-11T11:32:50.000000Z,312.0,311.75,15.0
2015-08-11T11:33:00.000000Z,312.0,311.75,5.0
2015-08-11T11:33:10.000000Z,312.0,311.75,4.0
2015-08-11T11:33:15.000000Z,312.0,311.75,2.0
2015-08-11T11:33:30.000000Z,312.0,311.75,2.0
2015-08-11T11:33:40.000000Z,312.0,311.75,52.0
2015-08-11T11:33:45.000000Z,312.0,311.75,42.0
2015-08-11T11:33:50.000000Z,312.0,311.75,48.0
2015-08-11T11:33:55.000000Z,312.0,311.75,15.0
2015-08-11T11:34:00.000000Z,312.0,311.75,41.0
2015-08-11T11:34:05.000000Z,312.0,311.75,39.0
2015-08-11T11:34:10.000000Z,312.0,311.75,33.0
2015-08-11T11:34:15.000000Z,312.0,311.75,17.0
2015-08-11T11:34:20.000000Z,312.0,311.75,39.0
2015-08-11T11:34:25.000000Z,311.75,311.5,23.0
2015-08-11T11:34:30.000000Z,312.0,311.5,12.0
2015-08-11T11:34:35.000000Z,311.75,311.5,19.0
2015-08-11T11:34:40.000000Z,312.0,311.5,24.0
2015-08-11T11:34:45.000000Z,312.0,311.75,17.0
2015-08-11T11:34:50.000000Z,312.0,311.75,1.0
2015-08-11T11:35:00.000000Z,312.0,311.5,25.0
2015-08-11T11:35:05.000000Z,311.75,311.5,55.0
2015-08-11T11:35:10.000000Z,312.0,311.75,18.0
2015-08-11T11:35:15.000000Z,312.0,311.75,3.0
2015-08-11T11:35:20.000000Z,312.0,311.75,7.0
2015-08-11T11:35:25.000000Z,312.0,311.75,1.0
2015-08-11T11:35:35.000000Z,311.75,311.5,13.0
2015-08-11T11:35:40.000000Z,311.75,311.5,14.0
2015-08-11T11:35:45.000000Z,312.0,311.5,14.0
2015-08-11T11:35:50.000000Z,312.0,311.5,13.0
2015-08-11T11:35:55.000000Z,312.0,311.5,4.0
2015-08-11T11:36:00.000000Z,312.0,311.5,2.0
2015-08-11T11:36:10.000000Z,312.0,311.5,2.0
2015-08-11T11:36:15.000000Z,312.0,311.5,3.0
2015-08-11T11:36:35.000000Z,312.0,311.5,1.0
2015-08-11T11:36:55.000000Z,312.0,311.5,3.0
2015-08-11T11:37:10.000000Z,312.0,311.5,8.0
2015-08-11T11:37:15.000000Z,312.0,311.5,4.0
2015-08-11T11:37:30.000000Z,312.0,311.75,30.0
2015-08-11T11:37:35.000000Z,312.0,311.5,16.0
2015-08-11T11:37:55.000000Z,312.0,311.5,3.0
2015-08-11T11:38:15.000000Z,312.0,311.5,1.0
2015-08-11T11:38:25.000000Z,312.0,311.5,1.0
2015-08-11T11:38:30.000000Z,312.0,311.5,42.0
2015-08-11T11:38:35.000000Z,312.0,311.5,1.0
2015-08-11T11:38:40.000000Z,312.0,311.5,5.0
2015-08-11T11:38:45.000000Z,311.75,311.5,16.0
2015-08-11T11:38:50.000000Z,312.0,311.5,9.0
2015-08-11T11:38:55.000000Z,312.0,311.5,1.0
2015-08-11T11:39:00.000000Z,312.0,311.5,3.0
2015-08-11T11:39:05.000000Z,312.0,311.5,23.0
2015-08-11T11:39:10.000000Z,312.0,311.5,2.0
2015-08-11T11:39:25.000000Z,312.0,311.5,1.0
2015-08-11T11:39:30.000000Z,312.0,311.5,3.0
2015-08-11T11:39:45.000000Z,312.0,311.75,25.0
2015-08-11T11:39:50.000000Z,312.0,311.75,3.0
2015-08-11T11:39:55.000000Z,312.0,311.75,4.0
2015-08-11T11:40:00.000000Z,312.0,311.75,2.0
2015-08-11T11:40:05.000000Z,312.0,311.75,2.0
2015-08-11T11:40:10.000000Z,312.0,311.75,8.0
2015-08-11T11:40:15.000000Z,312.0,311.75,8.0
2015-08-11T11:40:30.000000Z,312.0,311.75,22.0
2015-08-11T11:40:35.000000Z,312.0,311.75,2.0
2015-08-11T11:40:40.000000Z,312.0,311.75,2.0
2015-08-11T11:40:50.000000Z,312.25,311.75,10.0
2015-08-11T11:40:55.000000Z,312.25,311.75,12.0
2015-08-11T11:41:00.000000Z,312.0,311.75,14.0
2015-08-11T11:41:05.000000Z,312.0,311.75,1.0
2015-08-11T11:41:10.000000Z,312.0,311.75,3.0
2015-08-11T11:41:15.000000Z,312.0,311.75,2.0
2015-08-11T11:41:20.000000Z,312.0,311.75,10.0
2015-08-11T11:41:25.000000Z,312.0,311.75,1.0
2015-08-11T11:41:35.000000Z,312.0,311.75,4.0
2015-08-11T11:41:40.000000Z,312.0,311.75,3.0
2015-08-11T11:41:50.000000Z,312.0,311.75,2.0
2015-08-11T11:41:55.000000Z,312.25,311.75,45.0
2015-08-11T11:42:00.000000Z,312.0,311.75,8.0
2015-08-11T11:42:05.000000Z,312.0,311.75,24.0
2015-08-11T11:42:10.000000Z,312.0,311.75,4.0
2015-08-11T11:42:15.000000Z,312.0,311.75,2.0
2015-08-11T11:42:30.000000Z,312.0,311.75,3.0
2015-08-11T11:42:35.000000Z,312.0,311.75,3.0
2015-08-11T11:42:40.000000Z,312.0,311.75,17.0
2015-08-11T11:42:45.000000Z,312.0,311.75,5.0
2015-08-11T11:42:50.000000Z,312.0,311.75,4.0
2015-08-11T11:42:55.000000Z,312.0,311.75,11.0
2015-08-11T11:43:00.000000Z,312.0,311.75,19.0
2015-08-11T11:43:10.000000Z,312.0,311.75,7.0
2015-08-11T11:43:20.000000Z,312.0,311.75,1.0
2015-08-11T11:43:25.000000Z,312.0,311.75,6.0
2015-08-11T11:43:30.000000Z,312.0,311.75,8.0
2015-08-11T11:43:45.000000Z,312.0,311.75,2.0
2015-08-11T11:43:55.000000Z,312.0,311.75,4.0
2015-08-11T11:44:05.000000Z,312.0,311.75,9.0
2015-08-11T11:44:15.000000Z,312.0,311.75,2.0
2015-08-11T11:44:20.000000Z,312.0,311.75,11.0
2015-08-11T11:44:25.000000Z,312.25,311.75,10.0
2015-08-11T11:44:30.000000Z,312.25,311.75,1.0
2015-08-11T11:44:45.000000Z,312.25,311.75,2.0
2015-08-11T11:44:50.000000Z,312.25,311.75,4.0
2015-08-11T11:45:00.000000Z,312.25,311.75,4.0
2015-08-11T11:45:05.000000Z,312.25,311.75,7.0
2015-08-11T11:45:10.000000Z,312.25,311.75,3.0
2015-08-11T11:45:15.000000Z,312.25,311.75,6.0
2015-08-11T11:45:20.000000Z,312.25,311.75,37.0
2015-08-11T11:45:25.000000Z,312.25,311.75,14.0
2015-08-11T11:45:30.000000Z,312.0,311.75,4.0
2015-08-11T11:45:35.000000Z,312.25,311.75,4.0
2015-08-11T11:45:40.000000Z,312.0,311.75,7.0
2015-08-11T11:45:45.000000Z,312.0,311.75,3.0
2015-08-11T11:45:50.000000Z,312.0,311.75,12.0
2015-08-11T11:45:55.000000Z,312.0,311.75,31.0
2015-08-11T11:46:00.000000Z,312.0,311.75,4.0
2015-08-11T11:46:05.000000Z,312.0,311.75,25.0
2015-08-11T11:46:10.000000Z,312.0,311.75,22.0
2015-08-11T11:46:15.000000Z,312.0,311.5,10.0
2015-08-11T11:46:20.000000Z,312.0,311.75,15.0
2015-08-11T11:46:25.000000Z,312.0,311.75,5.0
2015-08-11T11:46:30.000000Z,312.0,311.75,18.0
2015-08-11T11:46:35.000000Z,312.0,311.75,7.0
2015-08-11T11:46:40.000000Z,312.0,311.75,9.0
2015-08-11T11:46:45.000000Z,312.0,311.75,1.0
2015-08-11T11:46:50.000000Z,311.75,311.5,22.0
2015-08-11T11:46:55.000000Z,312.0,311.75,42.0
2015-08-11T11:47:00.000000Z,312.0,311.75,3.0
2015-08-11T11:47:05.000000Z,312.0,311.75,3.0
2015-08-11T11:47:10.000000Z,312.0,311.75,4.0
2015-08-11T11:47:15.000000Z,312.0,311.75,1.0
2015-08-11T11:47:20.000000Z,312.0,311.75,5.0
2015-08-11T11:47:35.000000Z,312.0,311.75,5.0
2015-08-11T11:47:40.000000Z,312.0,311.5,24.0
2015-08-11T11:47:45.000000Z,312.0,311.75,80.0
2015-08-11T11:47:50.000000Z,312.0,311.75,2.0
2015-08-11T11:47:55.000000Z,312.0,311.75,2.0
2015-08-11T11:48:00.000000Z,312.0,311.75,25.0
2015-08-11T11:48:05.000000Z,312.0,311.75,49.0
2015-08-11T11:48:10.000000Z,312.0,311.75,13.0
2015-08-11T11:48:15.000000Z,312.0,311.75,2.0
2015-08-11T11:48:25.000000Z,312.0,311.75,2.0
2015-08-11T11:48:30.000000Z,312.0,311.75,2.0
2015-08-11T11:48:35.000000Z,312.0,311.75,1.0
2015-08-11T11:48:40.000000Z,312.0,311.75,22.0
2015-08-11T11:48:45.000000Z,312.0,311.75,1.0
2015-08-11T11:48:50.000000Z,312.0,311.75,1.0
2015-08-11T11:48:55.000000Z,312.0,311.75,3.0
2015-08-11T11:49:10.000000Z,312.0,311.75,24.0
2015-08-11T11:49:15.000000Z,312.0,311.75,2.0
2015-08-11T11:49:35.000000Z,312.0,311.75,1.0
2015-08-11T11:49:40.000000Z,312.0,311.75,1.0
2015-08-11T11:49:45.000000Z,312.0,311.75,1.0
2015-08-11T11:49:50.000000Z,312.0,311.75,5.0
2015-08-11T11:50:25.000000Z,312.0,311.75,2.0
2015-08-11T11:50:40.000000Z,312.0,311.75,2.0
2015-08-11T11:50:45.000000Z,312.0,311.75,2.0
2015-08-11T11:50:50.000000Z,312.0,311.75,21.0
2015-08-11T11:50:55.000000Z,312.0,311.75,9.0
2015-08-11T11:51:00.000000Z,312.0,311.75,2.0
2015-08-11T11:51:05.000000Z,312.0,311.75,8.0
2015-08-11T11:51:10.000000Z,312.0,311.75,2.0
2015-08-11T11:51:15.000000Z,312.0,311.75,9.0
2015-08-11T11:51:35.000000Z,312.0,311.75,6.0
2015-08-11T11:51:40.000000Z,312.0,311.75,4.0
2015-08-11T11:51:45.000000Z,312.0,311.75,1.0
2015-08-11T11:51:50.000000Z,312.0,311.75,10.0
2015-08-11T11:51:55.000000Z,312.0,311.75,2.0
2015-08-11T11:52:00.000000Z,312.0,311.75,3.0
2015-08-11T11:52:05.000000Z,312.0,311.75,1.0
2015-08-11T11:52:15.000000Z,312.0,311.75,1.0
2015-08-11T11:52:20.000000Z,312.0,311.75,2.0
2015-08-11T11:52:25.000000Z,312.0,311.75,3.0
2015-08-11T11:52:30.000000Z,312.0,311.75,1.0
2015-08-11T11:52:35.000000Z,312.0,311.75,3.0
2015-08-11T11:52:40.000000Z,312.0,311.75,3.0
2015-08-11T11:52:50.000000Z,312.0,311.75,4.0
2015-08-11T11:52:55.000000Z,312.0,311.75,8.0
2015-08-11T11:53:00.000000Z,312.0,311.75,16.0
2015-08-11T11:53:05.000000Z,312.0,311.75,5.0
2015-08-11T11:53:10.000000Z,312.0,311.75,4.0
2015-08-11T11:53:15.000000Z,312.0,311.75,4.0
2015-08-11T11:53:30.000000Z,312.0,311.75,3.0
2015-08-11T11:53:35.000000Z,312.0,311.75,24.0
2015-08-11T11:53:40.000000Z,312.0,311.75,4.0
2015-08-11T11:54:05.000000Z,312.0,311.75,2.0
2015-08-11T11:54:15.000000Z,312.0,311.75,14.0
2015-08-11T11:54:25.000000Z,312.0,311.75,1.0
2015-08-11T11:54:30.000000Z,312.0,311.75,3.0
2015-08-11T11:54:40.000000Z,312.0,311.75,2.0
2015-08-11T11:54:55.000000Z,312.0,311.75,3.0
2015-08-11T11:55:00.000000Z,312.0,311.75,4.0
2015-08-11T11:55:25.000000Z,312.25,312.0,22.0
2015-08-11T11:55:30.000000Z,312.25,312.0,4.0
2015-08-11T11:55:35.000000Z,312.25,312.0,8.0
2015-08-11T11:55:40.000000Z,312.25,312.0,8.0
2015-08-11T11:55:45.000000Z,312.25,312.0,2.0
2015-08-11T11:55:55.000000Z,312.25,312.0,4.0
2015-08-11T11:56:00.000000Z,312.0,312.0,4.0
2015-08-11T11:56:05.000000Z,312.0,312.0,15.0
2015-08-11T11:56:15.000000Z,312.25,312.0,12.0
2015-08-11T11:56:20.000000Z,312.25,312.0,19.0
2015-08-11T11:56:25.000000Z,312.25,312.0,5.0
2015-08-11T11:56:30.000000Z,312.25,312.0,8.0
2015-08-11T11:56:35.000000Z,312.25,312.0,21.0
2015-08-11T11:56:40.000000Z,312.25,312.0,6.0
2015-08-11T11:57:15.000000Z,312.25,312.0,6.0
2015-08-11T11:57:20.000000Z,312.25,312.0,6.0
2015-08-11T11:57:25.000000Z,312.25,312.0,13.0
2015-08-11T11:57:30.000000Z,312.25,312.0,12.0
2015-08-11T11:57:35.000000Z,312.25,312.0,8.0
2015-08-11T11:57:50.000000Z,312.25,312.0,4.0
2015-08-11T11:58:00.000000Z,312.25,312.0,4.0
2015-08-11T11:58:05.000000Z,312.25,312.0,1.0
2015-08-11T11:58:10.000000Z,312.25,312.0,1.0
2015-08-11T11:58:15.000000Z,312.25,312.0,4.0
2015-08-11T11:58:20.000000Z,312.25,312.0,4.0
2015-08-11T11:58:30.000000Z,312.25,312.0,3.0
2015-08-11T11:58:35.000000Z,312.25,312.0,1.0
2015-08-11T11:58:40.000000Z,312.25,312.0,2.0
2015-08-11T11:58:45.000000Z,312.25,312.0,12.0
2015-08-11T11:58:50.000000Z,312.25,312.0,1.0
2015-08-11T11:58:55.000000Z,312.25,312.0,11.0
2015-08-11T11:59:00.000000Z,312.25,312.0,2.0
2015-08-11T11:59:05.000000Z,312.25,312.0,7.0
2015-08-11T11:59:25.000000Z,312.25,312.0,5.0
2015-08-11T11:59:30.000000Z,312.25,312.0,19.0
2015-08-11T11:59:35.000000Z,312.25,312.0,6.0
2015-08-11T11:59:40.000000Z,312.25,312.0,7.0
2015-08-11T11:59:45.000000Z,312.25,312.0,6.0
2015-08-11T11:59:55.000000Z,312.25,312.0,1.0
2015-08-11T12:00:00.000000Z,312.25,312.0,1.0
2015-08-11T12:00:05.000000Z,312.25,312.0,3.0
2015-08-11T12:00:20.000000Z,312.25,312.0,4.0
2015-08-11T12:00:25.000000Z,312.25,312.0,1.0
2015-08-11T12:00:30.000000Z,312.25,312.0,1.0
2015-08-11T12:00:35.000000Z,312.25,312.0,2.0
2015-08-11T12:00:40.000000Z,312.25,312.0,3.0
2015-08-11T12:00:45.000000Z,312.25,312.0,1.0
2015-08-11T12:00:55.000000Z,312.25,312.0,4.0
2015-08-11T12:01:00.000000Z,312.25,312.0,17.0
2015-08-11T12:01:05.000000Z,312.25,312.0,3.0
2015-08-11T12:01:10.000000Z,312.25,312.0,5.0
2015-08-11T12:01:15.000000Z,312.25,312.0,10.0
2015-08-11T12:01:20.000000Z,312.25,312.0,2.0
2015-08-11T12:01:25.000000Z,312.25,312.0,9.0
2015-08-11T12:01:30.000000Z,312.25,312.0,2.0
2015-08-11T12:01:35.000000Z,312.25,312.0,2.0
2015-08-11T12:01:50.000000Z,312.25,312.0,28.0
2015-08-11T12:01:55.000000Z,312.25,312.0,27.0
2015-08-11T12:02:00.000000Z,312.25,312.0,3.0
2015-08-11T12:02:20.000000Z,312.25,312.0,7.0
2015-08-11T12:02:25.000000Z,312.25,312.0,1.0
2015-08-11T12:02:30.000000Z,312.25,312.0,2.0
2015-08-11T12:02:35.000000Z,312.25,312.0,3.0
2015-08-11T12:02:40.000000Z,312.25,312.0,9.0
2015-08-11T12:02:45.000000Z,312.25,312.0,4.0
2015-08-11T12:02:50.000000Z,312.25,312.0,3.0
2015-08-11T12:03:00.000000Z,312.25,312.0,1.0
2015-08-11T12:03:05.000000Z,312.25,312.0,3.0
2015-08-11T12:03:10.000000Z,312.25,312.0,10.0
2015-08-11T12:03:15.000000Z,312.25,312.0,2.0
2015-08-11T12:03:35.000000Z,312.25,312.0,3.0
2015-08-11T12:03:55.000000Z,312.25,312.0,3.0
2015-08-11T12:04:00.000000Z,312.25,312.0,2.0
2015-08-11T12:04:05.000000Z,312.25,312.0,5.0
2015-08-11T12:04:15.000000Z,312.25,312.0,8.0
2015-08-11T12:04:25.000000Z,312.25,312.0,3.0
2015-08-11T12:04:30.000000Z,312.25,312.0,14.0
2015-08-11T12:04:35.000000Z,312.25,312.0,6.0
2015-08-11T12:04:45.000000Z,312.25,312.0,3.0
2015-08-11T12:04:50.000000Z,312.25,312.0,2.0
2015-08-11T12:05:00.000000Z,312.25,312.0,1.0
2015-08-11T12:05:05.000000Z,312.25,312.0,3.0
2015-08-11T12:05:10.000000Z,312.25,312.0,1.0
2015-08-11T12:05:15.000000Z,312.25,312.0,1.0
2015-08-11T12:05:20.000000Z,312.25,312.0,2.0
2015-08-11T12:05:35.000000Z,312.25,312.0,1.0
2015-08-11T12:05:55.000000Z,312.25,312.0,1.0
2015-08-11T12:06:00.000000Z,312.25,312.0,1.0
2015-08-11T12:06:20.000000Z,312.25,312.0,2.0
2015-08-11T12:06:35.000000Z,312.25,312.0,1.0
2015-08-11T12:06:40.000000Z,312.25,312.0,3.0
2015-08-11T12:06:45.000000Z,312.25,312.0,1.0
2015-08-11T12:07:00.000000Z,312.25,312.0,1.0
2015-08-11T12:07:05.000000Z,312.25,312.0,1.0
2015-08-11T12:07:10.000000Z,312.25,312.0,1.0
2015-08-11T12:07:15.000000Z,312.25,312.0,2.0
2015-08-11T12:07:20.000000Z,312.25,312.0,2.0
2015-08-11T12:07:25.000000Z,312.25,312.0,4.0
2015-08-11T12:07:30.000000Z,312.25,312.0,4.0
2015-08-11T12:07:35.000000Z,312.25,312.0,1.0
2015-08-11T12:07:50.000000Z,312.25,312.0,1.0
2015-08-11T12:08:00.000000Z,312.25,312.0,1.0
2015-08-11T12:08:05.000000Z,312.25,312.0,2.0
2015-08-11T12:08:10.000000Z,312.25,312.0,1.0
2015-08-11T12:08:25.000000Z,312.25,312.0,6.0
2015-08-11T12:08:30.000000Z,312.25,312.0,9.0
2015-08-11T12:08:35.000000Z,312.25,312.0,1.0
2015-08-11T12:08:40.000000Z,312.25,312.0,1.0
2015-08-11T12:08:45.000000Z,312.25,312.0,1.0
2015-08-11T12:08:50.000000Z,312.25,312.0,1.0
2015-08-11T12:09:00.000000Z,312.25,312.0,1.0
2015-08-11T12:09:20.000000Z,312.25,312.0,1.0
2015-08-11T12:09:50.000000Z,312.25,312.0,1.0
2015-08-11T12:10:00.000000Z,312.25,312.0,11.0
2015-08-11T12:10:05.000000Z,312.25,312.0,1.0
2015-08-11T12:10:15.000000Z,312.25,312.0,2.0
2015-08-11T12:10:20.000000Z,312.25,312.0,2.0
2015-08-11T12:10:30.000000Z,312.25,312.0,1.0
2015-08-11T12:10:35.000000Z,312.25,312.0,10.0
2015-08-11T12:10:45.000000Z,312.25,312.0,4.0
2015-08-11T12:10:55.000000Z,312.25,312.0,1.0
2015-08-11T12:11:00.000000Z,312.5,312.25,18.0
2015-08-11T12:11:05.000000Z,312.5,312.25,2.0
2015-08-11T12:11:15.000000Z,312.5,312.25,4.0
2015-08-11T12:11:25.000000Z,312.5,312.25,7.0
2015-08-11T12:11:35.000000Z,312.5,312.25,2.0
2015-08-11T12:11:40.000000Z,312.5,312.25,4.0
2015-08-11T12:12:00.000000Z,312.5,312.25,1.0
2015-08-11T12:12:20.000000Z,312.5,312.25,1.0
2015-08-11T12:12:25.000000Z,312.5,312.25,2.0
2015-08-11T12:12:30.000000Z,312.5,312.25,11.0
2015-08-11T12:12:45.000000Z,312.5,312.25,1.0
2015-08-11T12:12:50.000000Z,312.5,312.25,2.0
2015-08-11T12:12:55.000000Z,312.5,312.25,6.0
2015-08-11T12:13:05.000000Z,312.5,312.25,3.0
2015-08-11T12:13:20.000000Z,312.5,312.25,5.0
2015-08-11T12:13:25.000000Z,312.5,312.25,2.0
2015-08-11T12:13:30.000000Z,312.5,312.25,2.0
2015-08-11T12:13:35.000000Z,312.5,312.25,4.0
2015-08-11T12:13:40.000000Z,312.5,312.25,7.0
2015-08-11T12:13:45.000000Z,312.5,312.25,13.0
2015-08-11T12:13:50.000000Z,312.5,312.0,20.0
2015-08-11T12:13:55.000000Z,312.5,312.25,8.0
2015-08-11T12:14:10.000000Z,312.5,312.25,3.0
2015-08-11T12:14:15.000000Z,312.5,312.0,2.0
2015-08-11T12:14:20.000000Z,312.5,312.25,3.0
2015-08-11T12:14:25.000000Z,312.5,312.25,3.0
2015-08-11T12:14:30.000000Z,312.25,312.0,4.0
2015-08-11T12:14:35.000000Z,312.25,312.0,2.0
2015-08-11T12:14:40.000000Z,312.5,312.0,1.0
2015-08-11T12:14:45.000000Z,312.25,312.0,1.0
2015-08-11T12:14:50.000000Z,312.25,312.0,1.0
2015-08-11T12:14:55.000000Z,312.5,312.25,17.0
2015-08-11T12:15:00.000000Z,312.5,312.25,8.0
2015-08-11T12:15:05.000000Z,312.5,312.25,1.0
2015-08-11T12:15:10.000000Z,312.5,312.25,2.0
2015-08-11T12:15:15.000000Z,312.5,312.25,4.0
2015-08-11T12:15:20.000000Z,312.5,312.25,2.0
2015-08-11T12:15:25.000000Z,312.5,312.25,1.0
2015-08-11T12:15:30.000000Z,312.5,312.25,4.0
2015-08-11T12:15:35.000000Z,312.5,312.25,4.0
2015-08-11T12:15:40.000000Z,312.5,312.25,4.0
2015-08-11T12:15:50.000000Z,312.5,312.25,1.0
2015-08-11T12:16:00.000000Z,312.5,312.25,18.0
2015-08-11T12:16:10.000000Z,312.5,312.25,1.0
2015-08-11T12:16:15.000000Z,312.5,312.25,1.0
2015-08-11T12:16:25.000000Z,312.25,312.25,1.0
2015-08-11T12:16:30.000000Z,312.25,312.25,2.0
2015-08-11T12:16:35.000000Z,312.25,312.25,1.0
2015-08-11T12:16:45.000000Z,312.5,312.25,4.0
2015-08-11T12:16:50.000000Z,312.5,312.25,2.0
2015-08-11T12:16:55.000000Z,312.5,312.25,5.0
2015-08-11T12:17:00.000000Z,312.5,312.25,3.0
2015-08-11T12:17:05.000000Z,312.5,312.25,2.0
2015-08-11T12:17:10.000000Z,312.5,312.25,2.0
2015-08-11T12:17:20.000000Z,312.5,312.25,1.0
2015-08-11T12:17:30.000000Z,312.5,312.25,2.0
2015-08-11T12:17:50.000000Z,312.5,312.25,4.0
2015-08-11T12:18:00.000000Z,312.5,312.25,1.0
2015-08-11T12:18:05.000000Z,312.5,312.25,2.0
2015-08-11T12:18:15.000000Z,312.5,312.25,1.0
2015-08-11T12:18:20.000000Z,312.5,312.25,4.0
2015-08-11T12:18:25.000000Z,312.25,312.25,5.0
2015-08-11T12:18:30.000000Z,312.25,312.25,1.0
2015-08-11T12:18:40.000000Z,312.25,312.25,1.0
2015-08-11T12:18:55.000000Z,312.25,312.25,3.0
2015-08-11T12:19:10.000000Z,312.25,312.25,1.0
2015-08-11T12:19:15.000000Z,312.25,312.25,1.0
2015-08-11T12:19:20.000000Z,312.25,312.25,1.0
2015-08-11T12:19:25.000000Z,312.25,312.25,1.0
2015-08-11T12:19:35.000000Z,312.5,312.25,4.0
2015-08-11T12:19:45.000000Z,312.5,312.25,2.0
