time,closeAsk,closeBid,volume
2015-08-11T05:48:10.000000Z,0.73193359375,0.73193359375,2.0
2015-08-11T05:48:30.000000Z,0.73193359375,0.73193359375,4.0
2015-08-11T05:48:40.000000Z,0.73193359375,0.73193359375,1.0
2015-08-11T05:48:50.000000Z,0.73193359375,0.73193359375,2.0
2015-08-11T05:49:00.000000Z,0.73193359375,0.73193359375,1.0
2015-08-11T05:49:10.000000Z,0.73193359375,0.7314453125,3.0
2015-08-11T05:49:20.000000Z,0.73193359375,0.7314453125,1.0
2015-08-11T05:49:30.000000Z,0.73193359375,0.7314453125,1.0
2015-08-11T05:49:50.000000Z,0.73193359375,0.73193359375,2.0
2015-08-11T05:50:00.000000Z,0.73193359375,0.73193359375,2.0
2015-08-11T05:50:10.000000Z,0.73193359375,0.73193359375,1.0
2015-08-11T05:50:20.000000Z,0.73193359375,0.73193359375,2.0
2015-08-11T05:50:30.000000Z,0.73193359375,0.73193359375,1.0
2015-08-11T05:50:40.000000Z,0.73193359375,0.7314453125,4.0
2015-08-11T05:50:50.000000Z,0.73193359375,0.7314453125,1.0
2015-08-11T05:51:00.000000Z,0.73193359375,0.7314453125,1.0
2015-08-11T05:51:10.000000Z,0.73193359375,0.7314453125,3.0
2015-08-11T05:51:20.000000Z,0.73193359375,0.7314453125,2.0
2015-08-11T05:51:50.000000Z,0.7314453125,0.7314453125,9.0
2015-08-11T05:52:00.000000Z,0.7314453125,0.7314453125,2.0
2015-08-11T05:52:10.000000Z,0.7314453125,0.7314453125,3.0
2015-08-11T05:52:20.000000Z,0.7314453125,0.7314453125,5.0
2015-08-11T05:52:30.000000Z,0.7314453125,0.73095703125,4.0
2015-08-11T05:52:40.000000Z,0.7314453125,0.7314453125,7.0
2015-08-11T05:52:50.000000Z,0.7314453125,0.7314453125,2.0
2015-08-11T05:53:00.000000Z,0.7314453125,0.7314453125,1.0
2015-08-11T05:53:10.000000Z,0.7314453125,0.73095703125,4.0
2015-08-11T05:53:20.000000Z,0.7314453125,0.73095703125,3.0
2015-08-11T05:53:30.000000Z,0.73095703125,0.73095703125,5.0
2015-08-11T05:53:40.000000Z,0.7314453125,0.73095703125,10.0
2015-08-11T05:53:50.000000Z,0.7314453125,0.73095703125,5.0
2015-08-11T05:54:00.000000Z,0.7314453125,0.73095703125,5.0
2015-08-11T05:54:10.000000Z,0.7314453125,0.73095703125,6.0
2015-08-11T05:54:20.000000Z,0.73095703125,0.73095703125,15.0
2015-08-11T05:54:30.000000Z,0.73095703125,0.73095703125,3.0
2015-08-11T05:54:40.000000Z,0.73095703125,0.73046875,5.0
2015-08-11T05:54:50.000000Z,0.73095703125,0.73046875,3.0
2015-08-11T05:55:00.000000Z,0.73046875,0.73046875,7.0
2015-08-11T05:55:10.000000Z,0.73095703125,0.73046875,2.0
2015-08-11T05:55:20.000000Z,0.73095703125,0.73046875,3.0
2015-08-11T05:55:30.000000Z,0.73095703125,0.73095703125,5.0
2015-08-11T05:55:40.000000Z,0.73095703125,0.73095703125,4.0
2015-08-11T05:56:10.000000Z,0.73095703125,0.73095703125,6.0
2015-08-11T05:56:20.000000Z,0.7314453125,0.7314453125,4.0
2015-08-11T05:56:30.000000Z,0.7314453125,0.7314453125,7.0
2015-08-11T05:56:40.000000Z,0.7314453125,0.7314453125,4.0
2015-08-11T05:56:50.000000Z,0.7314453125,0.7314453125,2.0
2015-08-11T05:57:00.000000Z,0.7314453125,0.7314453125,1.0
2015-08-11T05:57:10.000000Z,0.7314453125,0.7314453125,2.0
2015-08-11T05:57:20.000000Z,0.73193359375,0.73193359375,10.0
2015-08-11T05:57:30.000000Z,0.73193359375,0.7314453125,7.0
2015-08-11T05:57:40.000000Z,0.73193359375,0.73193359375,3.0
2015-08-11T05:57:50.000000Z,0.73193359375,0.73193359375,1.0
2015-08-11T05:58:10.000000Z,0.73193359375,0.7314453125,4.0
2015-08-11T05:58:20.000000Z,0.73193359375,0.7314453125,1.0
2015-08-11T05:58:30.000000Z,0.7314453125,0.7314453125,2.0
2015-08-11T05:58:40.000000Z,0.73193359375,0.7314453125,4.0
2015-08-11T05:58:50.000000Z,0.73193359375,0.7314453125,2.0
2015-08-11T05:59:20.000000Z,0.73193359375,0.7314453125,1.0
2015-08-11T05:59:40.000000Z,0.73193359375,0.7314453125,3.0
2015-08-11T06:00:30.000000Z,0.73193359375,0.7314453125,3.0
2015-08-11T06:00:40.000000Z,0.73193359375,0.7314453125,2.0
2015-08-11T06:01:00.000000Z,0.7314453125,0.7314453125,5.0
2015-08-11T06:01:10.000000Z,0.7314453125,0.7314453125,6.0
2015-08-11T06:01:20.000000Z,0.7314453125,0.7314453125,8.0
2015-08-11T06:01:30.000000Z,0.7314453125,0.7314453125,2.0
2015-08-11T06:01:40.000000Z,0.7314453125,0.73095703125,2.0
2015-08-11T06:01:50.000000Z,0.7314453125,0.73095703125,5.0
2015-08-11T06:02:00.000000Z,0.7314453125,0.73095703125,3.0
2015-08-11T06:02:20.000000Z,0.7314453125,0.7314453125,3.0
2015-08-11T06:02:40.000000Z,0.7314453125,0.73095703125,3.0
2015-08-11T06:03:00.000000Z,0.7314453125,0.7314453125,5.0
2015-08-11T06:03:10.000000Z,0.7314453125,0.7314453125,1.0
2015-08-11T06:03:40.000000Z,0.73193359375,0.7314453125,6.0
2015-08-11T06:04:00.000000Z,0.73193359375,0.7314453125,2.0
2015-08-11T06:04:10.000000Z,0.73193359375,0.7314453125,4.0
2015-08-11T06:04:20.000000Z,0.73193359375,0.7314453125,1.0
2015-08-11T06:04:40.000000Z,0.73193359375,0.7314453125,2.0
2015-08-11T06:04:50.000000Z,0.73193359375,0.7314453125,1.0
2015-08-11T06:05:00.000000Z,0.73193359375,0.7314453125,1.0
2015-08-11T06:05:10.000000Z,0.73193359375,0.7314453125,8.0
2015-08-11T06:05:20.000000Z,0.73193359375,0.73193359375,3.0
2015-08-11T06:05:50.000000Z,0.73193359375,0.73193359375,1.0
2015-08-11T06:06:00.000000Z,0.73193359375,0.73193359375,5.0
2015-08-11T06:06:10.000000Z,0.73193359375,0.73193359375,1.0
2015-08-11T06:06:30.000000Z,0.73193359375,0.73193359375,4.0
2015-08-11T06:06:40.000000Z,0.73193359375,0.73193359375,1.0
2015-08-11T06:07:00.000000Z,0.73193359375,0.73193359375,3.0
2015-08-11T06:07:20.000000Z,0.73193359375,0.73193359375,2.0
2015-08-11T06:07:30.000000Z,0.73193359375,0.73193359375,2.0
2015-08-11T06:07:40.000000Z,0.73193359375,0.73193359375,2.0
2015-08-11T06:07:50.000000Z,0.73193359375,0.73193359375,3.0
2015-08-11T06:08:00.000000Z,0.73193359375,0.7314453125,3.0
2015-08-11T06:08:10.000000Z,0.73193359375,0.7314453125,2.0
2015-08-11T06:08:50.000000Z,0.73193359375,0.73193359375,2.0
2015-08-11T06:09:00.000000Z,0.73193359375,0.73193359375,4.0
2015-08-11T06:09:10.000000Z,0.732421875,0.73193359375,2.0
2015-08-11T06:09:30.000000Z,0.732421875,0.73193359375,3.0
2015-08-11T06:09:40.000000Z,0.732421875,0.73193359375,7.0
2015-08-11T06:10:00.000000Z,0.732421875,0.73193359375,3.0
2015-08-11T06:10:10.000000Z,0.732421875,0.73193359375,2.0
2015-08-11T06:10:20.000000Z,0.732421875,0.732421875,3.0
2015-08-11T06:10:30.000000Z,0.732421875,0.732421875,2.0
2015-08-11T06:10:40.000000Z,0.732421875,0.732421875,1.0
2015-08-11T06:10:50.000000Z,0.732421875,0.732421875,2.0
2015-08-11T06:11:10.000000Z,0.732421875,0.73193359375,5.0
2015-08-11T06:11:20.000000Z,0.732421875,0.732421875,3.0
2015-08-11T06:11:30.000000Z,0.732421875,0.732421875,1.0
2015-08-11T06:11:40.000000Z,0.732421875,0.732421875,1.0
2015-08-11T06:11:50.000000Z,0.732421875,0.732421875,2.0
2015-08-11T06:12:20.000000Z,0.732421875,0.732421875,4.0
2015-08-11T06:12:40.000000Z,0.732421875,0.73193359375,2.0
2015-08-11T06:12:50.000000Z,0.732421875,0.732421875,6.0
2015-08-11T06:13:00.000000Z,0.732421875,0.732421875,1.0
2015-08-11T06:13:10.000000Z,0.732421875,0.732421875,3.0
2015-08-11T06:13:20.000000Z,0.732421875,0.73193359375,6.0
2015-08-11T06:13:30.000000Z,0.732421875,0.73193359375,3.0
2015-08-11T06:13:40.000000Z,0.73193359375,0.73193359375,3.0
2015-08-11T06:13:50.000000Z,0.73193359375,0.73193359375,1.0
2015-08-11T06:14:00.000000Z,0.73193359375,0.73193359375,2.0
2015-08-11T06:14:10.000000Z,0.73193359375,0.73193359375,2.0
2015-08-11T06:14:20.000000Z,0.73193359375,0.73193359375,1.0
2015-08-11T06:14:50.000000Z,0.73193359375,0.73193359375,1.0
2015-08-11T06:15:30.000000Z,0.73193359375,0.73193359375,7.0
2015-08-11T06:15:40.000000Z,0.73193359375,0.73193359375,2.0
2015-08-11T06:16:30.000000Z,0.73193359375,0.73193359375,1.0
2015-08-11T06:16:50.000000Z,0.73193359375,0.73193359375,2.0
2015-08-11T06:17:00.000000Z,0.732421875,0.73193359375,4.0
2015-08-11T06:17:10.000000Z,0.732421875,0.73193359375,3.0
2015-08-11T06:17:30.000000Z,0.732421875,0.732421875,1.0
2015-08-11T06:17:40.000000Z,0.732421875,0.732421875,2.0
2015-08-11T06:17:50.000000Z,0.732421875,0.732421875,2.0
2015-08-11T06:18:00.000000Z,0.732421875,0.732421875,3.0
2015-08-11T06:18:10.000000Z,0.732421875,0.732421875,2.0
2015-08-11T06:18:20.000000Z,0.732421875,0.732421875,4.0
2015-08-11T06:18:30.000000Z,0.732421875,0.73193359375,2.0
2015-08-11T06:18:50.000000Z,0.73193359375,0.73193359375,5.0
2015-08-11T06:19:00.000000Z,0.732421875,0.73193359375,1.0
2015-08-11T06:19:20.000000Z,0.732421875,0.73193359375,1.0
2015-08-11T06:19:40.000000Z,0.732421875,0.73193359375,1.0
2015-08-11T06:19:50.000000Z,0.732421875,0.732421875,1.0
2015-08-11T06:20:00.000000Z,0.732421875,0.732421875,3.0
2015-08-11T06:20:30.000000Z,0.732421875,0.73193359375,2.0
2015-08-11T06:20:40.000000Z,0.732421875,0.73193359375,3.0
2015-08-11T06:21:00.000000Z,0.732421875,0.73193359375,4.0
2015-08-11T06:21:10.000000Z,0.732421875,0.732421875,5.0
2015-08-11T06:21:20.000000Z,0.732421875,0.732421875,5.0
2015-08-11T06:21:30.000000Z,0.732421875,0.73193359375,2.0
2015-08-11T06:21:40.000000Z,0.732421875,0.732421875,2.0
2015-08-11T06:21:50.000000Z,0.732421875,0.732421875,4.0
2015-08-11T06:22:00.000000Z,0.732421875,0.732421875,2.0
2015-08-11T06:22:30.000000Z,0.732421875,0.73193359375,2.0
2015-08-11T06:22:40.000000Z,0.732421875,0.73193359375,2.0
2015-08-11T06:23:00.000000Z,0.73193359375,0.73193359375,9.0
2015-08-11T06:23:10.000000Z,0.73193359375,0.73193359375,2.0
2015-08-11T06:23:20.000000Z,0.73193359375,0.73193359375,1.0
2015-08-11T06:23:40.000000Z,0.73193359375,0.73193359375,3.0
2015-08-11T06:24:00.000000Z,0.73193359375,0.73193359375,4.0
2015-08-11T06:24:10.000000Z,0.73193359375,0.73193359375,3.0
2015-08-11T06:24:40.000000Z,0.73193359375,0.73193359375,1.0
2015-08-11T06:24:50.000000Z,0.73193359375,0.73193359375,3.0
2015-08-11T06:25:00.000000Z,0.73193359375,0.73193359375,2.0
2015-08-11T06:25:10.000000Z,0.732421875,0.73193359375,2.0
2015-08-11T06:25:40.000000Z,0.73193359375,0.73193359375,3.0
2015-08-11T06:25:50.000000Z,0.73193359375,0.73193359375,1.0
2015-08-11T06:26:10.000000Z,0.73193359375,0.73193359375,1.0
2015-08-11T06:26:20.000000Z,0.73193359375,0.73193359375,6.0
2015-08-11T06:26:30.000000Z,0.73193359375,0.73193359375,2.0
2015-08-11T06:26:40.000000Z,0.732421875,0.73193359375,6.0
2015-08-11T06:26:50.000000Z,0.732421875,0.73193359375,2.0
2015-08-11T06:27:00.000000Z,0.732421875,0.73193359375,3.0
2015-08-11T06:27:20.000000Z,0.732421875,0.73193359375,1.0
2015-08-11T06:27:30.000000Z,0.732421875,0.73193359375,1.0
2015-08-11T06:28:10.000000Z,0.732421875,0.73193359375,1.0
2015-08-11T06:28:20.000000Z,0.732421875,0.732421875,5.0
2015-08-11T06:28:30.000000Z,0.732421875,0.732421875,3.0
2015-08-11T06:29:20.000000Z,0.732421875,0.732421875,1.0
2015-08-11T06:29:30.000000Z,0.732421875,0.732421875,1.0
2015-08-11T06:29:40.000000Z,0.732421875,0.732421875,5.0
2015-08-11T06:29:50.000000Z,0.732421875,0.732421875,3.0
2015-08-11T06:30:00.000000Z,0.732421875,0.732421875,2.0
2015-08-11T06:30:20.000000Z,0.732421875,0.732421875,4.0
2015-08-11T06:30:30.000000Z,0.732421875,0.732421875,2.0
2015-08-11T06:30:40.000000Z,0.73291015625,0.732421875,3.0
2015-08-11T06:30:50.000000Z,0.73291015625,0.732421875,4.0
2015-08-11T06:31:00.000000Z,0.73291015625,0.732421875,2.0
2015-08-11T06:31:10.000000Z,0.73291015625,0.73291015625,4.0
2015-08-11T06:31:20.000000Z,0.73291015625,0.73291015625,5.0
2015-08-11T06:31:30.000000Z,0.73291015625,0.73291015625,4.0
2015-08-11T06:31:40.000000Z,0.73291015625,0.73291015625,2.0
2015-08-11T06:31:50.000000Z,0.7333984375,0.73291015625,5.0
2015-08-11T06:32:00.000000Z,0.73291015625,0.73291015625,5.0
2015-08-11T06:32:10.000000Z,0.73291015625,0.73291015625,5.0
2015-08-11T06:32:30.000000Z,0.73291015625,0.73291015625,2.0
2015-08-11T06:32:40.000000Z,0.73291015625,0.73291015625,1.0
2015-08-11T06:33:00.000000Z,0.73291015625,0.73291015625,2.0
2015-08-11T06:33:10.000000Z,0.73291015625,0.73291015625,1.0
2015-08-11T06:33:20.000000Z,0.73291015625,0.73291015625,3.0
2015-08-11T06:33:30.000000Z,0.73291015625,0.73291015625,3.0
2015-08-11T06:33:50.000000Z,0.73291015625,0.732421875,1.0
2015-08-11T06:34:00.000000Z,0.73291015625,0.73291015625,2.0
2015-08-11T06:34:10.000000Z,0.73291015625,0.732421875,2.0
2015-08-11T06:34:30.000000Z,0.73291015625,0.732421875,1.0
2015-08-11T06:34:50.000000Z,0.73291015625,0.732421875,1.0
2015-08-11T06:35:00.000000Z,0.73291015625,0.732421875,4.0
2015-08-11T06:35:10.000000Z,0.73291015625,0.732421875,3.0
2015-08-11T06:35:20.000000Z,0.732421875,0.732421875,2.0
2015-08-11T06:35:30.000000Z,0.73291015625,0.732421875,7.0
2015-08-11T06:35:40.000000Z,0.732421875,0.732421875,2.0
2015-08-11T06:35:50.000000Z,0.732421875,0.732421875,3.0
2015-08-11T06:36:00.000000Z,0.732421875,0.732421875,1.0
2015-08-11T06:36:10.000000Z,0.732421875,0.732421875,2.0
2015-08-11T06:36:20.000000Z,0.732421875,0.732421875,4.0
2015-08-11T06:36:30.000000Z,0.732421875,0.732421875,1.0
2015-08-11T06:36:40.000000Z,0.732421875,0.732421875,1.0
2015-08-11T06:36:50.000000Z,0.732421875,0.732421875,5.0
2015-08-11T06:37:00.000000Z,0.732421875,0.732421875,4.0
2015-08-11T06:37:10.000000Z,0.732421875,0.732421875,1.0
2015-08-11T06:37:20.000000Z,0.732421875,0.732421875,2.0
2015-08-11T06:37:40.000000Z,0.732421875,0.732421875,3.0
2015-08-11T06:37:50.000000Z,0.732421875,0.732421875,4.0
2015-08-11T06:38:10.000000Z,0.732421875,0.732421875,1.0
2015-08-11T06:38:20.000000Z,0.732421875,0.732421875,1.0
2015-08-11T06:38:30.000000Z,0.732421875,0.732421875,2.0
2015-08-11T06:38:40.000000Z,0.732421875,0.732421875,2.0
2015-08-11T06:38:50.000000Z,0.732421875,0.732421875,3.0
2015-08-11T06:39:00.000000Z,0.73291015625,0.732421875,4.0
2015-08-11T06:39:20.000000Z,0.73291015625,0.732421875,1.0
2015-08-11T06:39:50.000000Z,0.73291015625,0.732421875,1.0
2015-08-11T06:40:10.000000Z,0.73291015625,0.732421875,1.0
2015-08-11T06:40:40.000000Z,0.73291015625,0.732421875,2.0
2015-08-11T06:41:10.000000Z,0.732421875,0.732421875,1.0
2015-08-11T06:41:20.000000Z,0.732421875,0.732421875,1.0
2015-08-11T06:41:30.000000Z,0.732421875,0.732421875,3.0
2015-08-11T06:41:40.000000Z,0.732421875,0.732421875,1.0
2015-08-11T06:41:50.000000Z,0.732421875,0.732421875,2.0
2015-08-11T06:42:00.000000Z,0.732421875,0.732421875,1.0
2015-08-11T06:42:10.000000Z,0.73291015625,0.732421875,2.0
2015-08-11T06:42:20.000000Z,0.73291015625,0.732421875,7.0
2015-08-11T06:42:30.000000Z,0.73291015625,0.732421875,5.0
2015-08-11T06:42:40.000000Z,0.73291015625,0.73291015625,2.0
2015-08-11T06:42:50.000000Z,0.73291015625,0.73291015625,7.0
2015-08-11T06:43:20.000000Z,0.73291015625,0.73291015625,6.0
2015-08-11T06:43:30.000000Z,0.73291015625,0.73291015625,3.0
2015-08-11T06:43:50.000000Z,0.73291015625,0.73291015625,2.0
2015-08-11T06:44:00.000000Z,0.73291015625,0.73291015625,2.0
2015-08-11T06:44:10.000000Z,0.73291015625,0.73291015625,2.0
2015-08-11T06:44:20.000000Z,0.73291015625,0.73291015625,4.0
2015-08-11T06:44:50.000000Z,0.73291015625,0.732421875,2.0
2015-08-11T06:45:00.000000Z,0.73291015625,0.732421875,2.0
2015-08-11T06:45:10.000000Z,0.73291015625,0.732421875,1.0
2015-08-11T06:45:20.000000Z,0.73291015625,0.732421875,1.0
2015-08-11T06:45:40.000000Z,0.73291015625,0.732421875,2.0
2015-08-11T06:47:10.000000Z,0.732421875,0.732421875,5.0
2015-08-11T06:47:20.000000Z,0.732421875,0.732421875,1.0
2015-08-11T06:47:30.000000Z,0.732421875,0.732421875,2.0
2015-08-11T06:47:40.000000Z,0.732421875,0.732421875,1.0
2015-08-11T06:47:50.000000Z,0.732421875,0.73193359375,5.0
2015-08-11T06:48:00.000000Z,0.732421875,0.732421875,4.0
2015-08-11T06:48:10.000000Z,0.732421875,0.732421875,3.0
2015-08-11T06:48:20.000000Z,0.732421875,0.732421875,2.0
2015-08-11T06:48:40.000000Z,0.732421875,0.73193359375,7.0
2015-08-11T06:48:50.000000Z,0.732421875,0.732421875,2.0
2015-08-11T06:49:00.000000Z,0.732421875,0.732421875,4.0
2015-08-11T06:49:20.000000Z,0.732421875,0.732421875,2.0
2015-08-11T06:49:30.000000Z,0.732421875,0.732421875,6.0
2015-08-11T06:50:10.000000Z,0.732421875,0.73193359375,3.0
2015-08-11T06:50:20.000000Z,0.732421875,0.73193359375,6.0
2015-08-11T06:50:40.000000Z,0.732421875,0.73193359375,4.0
2015-08-11T06:51:00.000000Z,0.73193359375,0.73193359375,1.0
2015-08-11T06:51:10.000000Z,0.73193359375,0.73193359375,1.0
2015-08-11T06:51:20.000000Z,0.732421875,0.73193359375,1.0
2015-08-11T06:51:30.000000Z,0.73193359375,0.73193359375,4.0
2015-08-11T06:51:40.000000Z,0.73193359375,0.73193359375,1.0
2015-08-11T06:51:50.000000Z,0.73193359375,0.73193359375,3.0
2015-08-11T06:52:00.000000Z,0.73193359375,0.73193359375,1.0
2015-08-11T06:52:10.000000Z,0.73193359375,0.7314453125,5.0
2015-08-11T06:52:20.000000Z,0.73193359375,0.7314453125,2.0
2015-08-11T06:52:30.000000Z,0.73193359375,0.7314453125,1.0
2015-08-11T06:52:40.000000Z,0.73193359375,0.7314453125,2.0
2015-08-11T06:52:50.000000Z,0.7314453125,0.7314453125,5.0
2015-08-11T06:53:00.000000Z,0.7314453125,0.7314453125,3.0
2015-08-11T06:53:10.000000Z,0.73193359375,0.7314453125,4.0
2015-08-11T06:53:20.000000Z,0.7314453125,0.7314453125,8.0
2015-08-11T06:53:30.000000Z,0.7314453125,0.7314453125,1.0
2015-08-11T06:53:40.000000Z,0.7314453125,0.7314453125,2.0
2015-08-11T06:54:00.000000Z,0.73193359375,0.7314453125,1.0
2015-08-11T06:54:10.000000Z,0.73193359375,0.7314453125,4.0
2015-08-11T06:54:20.000000Z,0.73193359375,0.7314453125,5.0
2015-08-11T06:54:30.000000Z,0.73193359375,0.7314453125,2.0
2015-08-11T06:54:50.000000Z,0.73193359375,0.7314453125,3.0
2015-08-11T06:55:10.000000Z,0.7314453125,0.7314453125,6.0
2015-08-11T06:55:20.000000Z,0.7314453125,0.7314453125,4.0
2015-08-11T06:55:30.000000Z,0.7314453125,0.7314453125,3.0
2015-08-11T06:55:40.000000Z,0.7314453125,0.7314453125,4.0
2015-08-11T06:55:50.000000Z,0.7314453125,0.7314453125,1.0
2015-08-11T06:56:00.000000Z,0.7314453125,0.7314453125,2.0
2015-08-11T06:57:00.000000Z,0.7314453125,0.7314453125,1.0
2015-08-11T06:57:10.000000Z,0.7314453125,0.7314453125,1.0
2015-08-11T06:57:20.000000Z,0.7314453125,0.7314453125,1.0
2015-08-11T06:57:40.000000Z,0.7314453125,0.7314453125,2.0
2015-08-11T06:57:50.000000Z,0.7314453125,0.7314453125,1.0
2015-08-11T06:58:00.000000Z,0.7314453125,0.7314453125,2.0
2015-08-11T06:58:10.000000Z,0.73193359375,0.7314453125,1.0
2015-08-11T06:58:20.000000Z,0.73193359375,0.7314453125,3.0
2015-08-11T06:58:30.000000Z,0.73193359375,0.73193359375,4.0
2015-08-11T06:59:10.000000Z,0.73193359375,0.7314453125,6.0
2015-08-11T06:59:20.000000Z,0.73193359375,0.7314453125,2.0
2015-08-11T06:59:30.000000Z,0.73193359375,0.7314453125,3.0
2015-08-11T06:59:40.000000Z,0.7314453125,0.7314453125,1.0
2015-08-11T06:59:50.000000Z,0.73193359375,0.7314453125,6.0
2015-08-11T07:00:00.000000Z,0.73193359375,0.7314453125,1.0
2015-08-11T07:00:10.000000Z,0.7314453125,0.7314453125,3.0
2015-08-11T07:00:20.000000Z,0.7314453125,0.7314453125,6.0
2015-08-11T07:00:40.000000Z,0.7314453125,0.7314453125,3.0
2015-08-11T07:01:00.000000Z,0.73193359375,0.7314453125,5.0
2015-08-11T07:01:10.000000Z,0.7314453125,0.7314453125,8.0
2015-08-11T07:01:30.000000Z,0.7314453125,0.7314453125,4.0
2015-08-11T07:01:40.000000Z,0.7314453125,0.7314453125,1.0
2015-08-11T07:01:50.000000Z,0.7314453125,0.7314453125,2.0
2015-08-11T07:02:00.000000Z,0.7314453125,0.7314453125,2.0
2015-08-11T07:02:10.000000Z,0.7314453125,0.7314453125,5.0
2015-08-11T07:02:20.000000Z,0.7314453125,0.7314453125,1.0
2015-08-11T07:02:30.000000Z,0.73193359375,0.7314453125,4.0
2015-08-11T07:02:40.000000Z,0.73193359375,0.7314453125,1.0
2015-08-11T07:02:50.000000Z,0.73193359375,0.7314453125,2.0
2015-08-11T07:03:00.000000Z,0.73193359375,0.7314453125,1.0
2015-08-11T07:03:10.000000Z,0.73193359375,0.7314453125,5.0
2015-08-11T07:03:20.000000Z,0.73193359375,0.7314453125,2.0
2015-08-11T07:03:30.000000Z,0.7314453125,0.7314453125,5.0
2015-08-11T07:03:40.000000Z,0.7314453125,0.7314453125,1.0
2015-08-11T07:03:50.000000Z,0.7314453125,0.7314453125,6.0
2015-08-11T07:04:00.000000Z,0.7314453125,0.7314453125,5.0
2015-08-11T07:04:10.000000Z,0.7314453125,0.7314453125,7.0
2015-08-11T07:04:20.000000Z,0.7314453125,0.7314453125,1.0
2015-08-11T07:04:30.000000Z,0.7314453125,0.7314453125,3.0
2015-08-11T07:04:40.000000Z,0.73193359375,0.7314453125,6.0
2015-08-11T07:04:50.000000Z,0.73193359375,0.7314453125,1.0
2015-08-11T07:05:00.000000Z,0.73193359375,0.73193359375,3.0
2015-08-11T07:05:10.000000Z,0.73193359375,0.73193359375,3.0
2015-08-11T07:05:30.000000Z,0.73193359375,0.73193359375,6.0
2015-08-11T07:05:40.000000Z,0.73193359375,0.73193359375,7.0
2015-08-11T07:05:50.000000Z,0.73193359375,0.73193359375,5.0
2015-08-11T07:06:00.000000Z,0.73193359375,0.73193359375,5.0
2015-08-11T07:06:10.000000Z,0.73193359375,0.73193359375,8.0
2015-08-11T07:06:20.000000Z,0.73193359375,0.73193359375,2.0
2015-08-11T07:06:30.000000Z,0.73193359375,0.73193359375,1.0
2015-08-11T07:06:40.000000Z,0.73193359375,0.73193359375,2.0
2015-08-11T07:06:50.000000Z,0.73193359375,0.73193359375,1.0
2015-08-11T07:07:00.000000Z,0.73193359375,0.73193359375,5.0
2015-08-11T07:07:10.000000Z,0.73193359375,0.73193359375,1.0
2015-08-11T07:07:20.000000Z,0.73193359375,0.73193359375,1.0
2015-08-11T07:07:30.000000Z,0.73193359375,0.73193359375,2.0
2015-08-11T07:07:40.000000Z,0.73193359375,0.73193359375,4.0
2015-08-11T07:07:50.000000Z,0.73193359375,0.73193359375,5.0
2015-08-11T07:08:00.000000Z,0.732421875,0.73193359375,6.0
2015-08-11T07:08:10.000000Z,0.73193359375,0.73193359375,3.0
2015-08-11T07:08:30.000000Z,0.73193359375,0.73193359375,2.0
2015-08-11T07:08:40.000000Z,0.73193359375,0.73193359375,4.0
2015-08-11T07:08:50.000000Z,0.73193359375,0.73193359375,5.0
2015-08-11T07:09:00.000000Z,0.73193359375,0.7314453125,5.0
2015-08-11T07:09:10.000000Z,0.73193359375,0.7314453125,3.0
2015-08-11T07:09:20.000000Z,0.73193359375,0.7314453125,1.0
2015-08-11T07:09:30.000000Z,0.73193359375,0.73193359375,5.0
2015-08-11T07:09:40.000000Z,0.732421875,0.73193359375,5.0
2015-08-11T07:09:50.000000Z,0.732421875,0.73193359375,2.0
2015-08-11T07:10:10.000000Z,0.732421875,0.732421875,2.0
2015-08-11T07:10:20.000000Z,0.732421875,0.732421875,6.0
2015-08-11T07:10:30.000000Z,0.732421875,0.732421875,3.0
2015-08-11T07:10:40.000000Z,0.73291015625,0.732421875,8.0
2015-08-11T07:10:50.000000Z,0.73291015625,0.732421875,7.0
2015-08-11T07:11:00.000000Z,0.732421875,0.732421875,12.0
2015-08-11T07:11:10.000000Z,0.732421875,0.732421875,1.0
2015-08-11T07:11:20.000000Z,0.73291015625,0.732421875,6.0
2015-08-11T07:11:30.000000Z,0.73291015625,0.73291015625,6.0
2015-08-11T07:11:40.000000Z,0.73291015625,0.73291015625,5.0
2015-08-11T07:11:50.000000Z,0.73291015625,0.73291015625,5.0
2015-08-11T07:12:00.000000Z,0.73291015625,0.732421875,4.0
2015-08-11T07:12:10.000000Z,0.73291015625,0.732421875,3.0
2015-08-11T07:12:20.000000Z,0.73291015625,0.732421875,3.0
2015-08-11T07:12:30.000000Z,0.73291015625,0.732421875,4.0
2015-08-11T07:12:40.000000Z,0.73291015625,0.732421875,4.0
2015-08-11T07:12:50.000000Z,0.73291015625,0.732421875,4.0
2015-08-11T07:13:00.000000Z,0.73291015625,0.732421875,3.0
2015-08-11T07:13:10.000000Z,0.73291015625,0.732421875,6.0
2015-08-11T07:13:20.000000Z,0.73291015625,0.73291015625,2.0
2015-08-11T07:13:30.000000Z,0.73291015625,0.73291015625,8.0
2015-08-11T07:13:40.000000Z,0.73291015625,0.73291015625,10.0
2015-08-11T07:14:00.000000Z,0.73291015625,0.73291015625,3.0
2015-08-11T07:14:10.000000Z,0.73291015625,0.73291015625,2.0
2015-08-11T07:14:20.000000Z,0.73291015625,0.73291015625,5.0
2015-08-11T07:14:30.000000Z,0.7333984375,0.73291015625,4.0
2015-08-11T07:14:40.000000Z,0.73291015625,0.73291015625,2.0
2015-08-11T07:14:50.000000Z,0.7333984375,0.73291015625,5.0
2015-08-11T07:15:00.000000Z,0.7333984375,0.73291015625,2.0
2015-08-11T07:15:10.000000Z,0.7333984375,0.73291015625,3.0
2015-08-11T07:15:20.000000Z,0.7333984375,0.73291015625,1.0
2015-08-11T07:15:40.000000Z,0.7333984375,0.73291015625,1.0
2015-08-11T07:15:50.000000Z,0.7333984375,0.7333984375,8.0
2015-08-11T07:16:00.000000Z,0.73388671875,0.7333984375,9.0
2015-08-11T07:16:10.000000Z,0.73388671875,0.73388671875,7.0
2015-08-11T07:16:20.000000Z,0.73388671875,0.73388671875,9.0
2015-08-11T07:16:30.000000Z,0.73388671875,0.73388671875,6.0
2015-08-11T07:16:40.000000Z,0.73388671875,0.73388671875,10.0
2015-08-11T07:16:50.000000Z,0.73388671875,0.73388671875,2.0
2015-08-11T07:17:00.000000Z,0.73388671875,0.73388671875,4.0
2015-08-11T07:17:10.000000Z,0.73388671875,0.73388671875,2.0
2015-08-11T07:17:20.000000Z,0.73388671875,0.73388671875,1.0
2015-08-11T07:17:30.000000Z,0.73388671875,0.73388671875,3.0
2015-08-11T07:17:50.000000Z,0.73388671875,0.73388671875,5.0
2015-08-11T07:18:00.000000Z,0.73388671875,0.7333984375,4.0
2015-08-11T07:18:10.000000Z,0.7333984375,0.7333984375,5.0
2015-08-11T07:18:20.000000Z,0.7333984375,0.7333984375,3.0
2015-08-11T07:18:30.000000Z,0.7333984375,0.7333984375,2.0
2015-08-11T07:18:40.000000Z,0.7333984375,0.7333984375,3.0
2015-08-11T07:18:50.000000Z,0.7333984375,0.7333984375,1.0
2015-08-11T07:19:00.000000Z,0.7333984375,0.7333984375,4.0
2015-08-11T07:19:10.000000Z,0.73388671875,0.7333984375,4.0
2015-08-11T07:19:20.000000Z,0.73388671875,0.73388671875,4.0
2015-08-11T07:19:30.000000Z,0.734375,0.73388671875,6.0
2015-08-11T07:19:40.000000Z,0.73388671875,0.73388671875,7.0
2015-08-11T07:19:50.000000Z,0.73388671875,0.73388671875,4.0
2015-08-11T07:20:00.000000Z,0.73388671875,0.73388671875,5.0
2015-08-11T07:20:10.000000Z,0.73388671875,0.73388671875,2.0
2015-08-11T07:20:20.000000Z,0.73388671875,0.73388671875,5.0
2015-08-11T07:20:30.000000Z,0.73388671875,0.73388671875,3.0
2015-08-11T07:20:40.000000Z,0.73388671875,0.7333984375,7.0
2015-08-11T07:20:50.000000Z,0.73388671875,0.7333984375,2.0
2015-08-11T07:21:00.000000Z,0.7333984375,0.7333984375,2.0
2015-08-11T07:21:10.000000Z,0.73388671875,0.7333984375,6.0
2015-08-11T07:21:20.000000Z,0.73388671875,0.7333984375,1.0
2015-08-11T07:21:30.000000Z,0.73388671875,0.7333984375,1.0
2015-08-11T07:21:40.000000Z,0.7333984375,0.7333984375,3.0
2015-08-11T07:21:50.000000Z,0.7333984375,0.7333984375,4.0
2015-08-11T07:22:00.000000Z,0.7333984375,0.7333984375,5.0
2015-08-11T07:22:10.000000Z,0.73388671875,0.7333984375,8.0
2015-08-11T07:22:20.000000Z,0.73388671875,0.7333984375,2.0
2015-08-11T07:22:30.000000Z,0.7333984375,0.7333984375,7.0
2015-08-11T07:22:50.000000Z,0.7333984375,0.7333984375,3.0
2015-08-11T07:23:00.000000Z,0.7333984375,0.7333984375,4.0
2015-08-11T07:23:10.000000Z,0.7333984375,0.7333984375,3.0
2015-08-11T07:23:20.000000Z,0.7333984375,0.73291015625,6.0
2015-08-11T07:23:30.000000Z,0.7333984375,0.73291015625,3.0
2015-08-11T07:23:50.000000Z,0.7333984375,0.73291015625,2.0
2015-08-11T07:24:00.000000Z,0.7333984375,0.73291015625,3.0
2015-08-11T07:24:10.000000Z,0.7333984375,0.73291015625,1.0
2015-08-11T07:24:30.000000Z,0.7333984375,0.7333984375,1.0
2015-08-11T07:24:40.000000Z,0.7333984375,0.7333984375,4.0
2015-08-11T07:24:50.000000Z,0.7333984375,0.7333984375,4.0
2015-08-11T07:25:00.000000Z,0.73388671875,0.7333984375,4.0
2015-08-11T07:25:10.000000Z,0.73388671875,0.7333984375,2.0
2015-08-11T07:25:20.000000Z,0.73388671875,0.7333984375,3.0
2015-08-11T07:25:30.000000Z,0.73388671875,0.73388671875,8.0
2015-08-11T07:25:40.000000Z,0.73388671875,0.73388671875,4.0
2015-08-11T07:25:50.000000Z,0.73388671875,0.73388671875,4.0
2015-08-11T07:26:00.000000Z,0.734375,0.73388671875,7.0
2015-08-11T07:26:10.000000Z,0.73388671875,0.73388671875,2.0
2015-08-11T07:26:20.000000Z,0.73388671875,0.73388671875,6.0
2015-08-11T07:26:30.000000Z,0.73388671875,0.73388671875,2.0
2015-08-11T07:26:40.000000Z,0.73388671875,0.73388671875,2.0
2015-08-11T07:26:50.000000Z,0.73388671875,0.73388671875,1.0
2015-08-11T07:27:00.000000Z,0.73388671875,0.73388671875,2.0
2015-08-11T07:27:10.000000Z,0.73388671875,0.73388671875,1.0
2015-08-11T07:27:20.000000Z,0.73388671875,0.73388671875,1.0
2015-08-11T07:27:30.000000Z,0.73388671875,0.73388671875,1.0
2015-08-11T07:27:40.000000Z,0.73388671875,0.73388671875,3.0
2015-08-11T07:27:50.000000Z,0.73388671875,0.73388671875,4.0
2015-08-11T07:28:00.000000Z,0.73388671875,0.73388671875,5.0
2015-08-11T07:28:10.000000Z,0.73388671875,0.73388671875,3.0
2015-08-11T07:28:20.000000Z,0.73388671875,0.73388671875,2.0
2015-08-11T07:28:30.000000Z,0.73388671875,0.73388671875,3.0
2015-08-11T07:28:40.000000Z,0.73388671875,0.73388671875,2.0
2015-08-11T07:28:50.000000Z,0.734375,0.73388671875,1.0
2015-08-11T07:29:00.000000Z,0.734375,0.73388671875,6.0
2015-08-11T07:29:10.000000Z,0.734375,0.73388671875,2.0
2015-08-11T07:29:20.000000Z,0.734375,0.734375,3.0
2015-08-11T07:29:30.000000Z,0.734375,0.734375,6.0
2015-08-11T07:29:40.000000Z,0.734375,0.734375,4.0
2015-08-11T07:29:50.000000Z,0.734375,0.734375,4.0
2015-08-11T07:30:00.000000Z,0.734375,0.734375,1.0
2015-08-11T07:30:10.000000Z,0.734375,0.734375,5.0
2015-08-11T07:30:20.000000Z,0.734375,0.734375,2.0
2015-08-11T07:30:30.000000Z,0.734375,0.734375,3.0
2015-08-11T07:30:40.000000Z,0.73486328125,0.734375,3.0
2015-08-11T07:30:50.000000Z,0.73486328125,0.734375,5.0
2015-08-11T07:31:00.000000Z,0.73486328125,0.734375,4.0
2015-08-11T07:31:10.000000Z,0.73486328125,0.73486328125,8.0
2015-08-11T07:31:30.000000Z,0.73486328125,0.73486328125,8.0
2015-08-11T07:31:40.000000Z,0.73486328125,0.73486328125,3.0
2015-08-11T07:31:50.000000Z,0.73486328125,0.73486328125,2.0
2015-08-11T07:32:00.000000Z,0.7353515625,0.73486328125,11.0
2015-08-11T07:32:10.000000Z,0.7353515625,0.73486328125,9.0
2015-08-11T07:32:20.000000Z,0.73486328125,0.73486328125,5.0
2015-08-11T07:32:30.000000Z,0.73486328125,0.73486328125,6.0
2015-08-11T07:32:40.000000Z,0.73486328125,0.73486328125,3.0
2015-08-11T07:32:50.000000Z,0.73486328125,0.73486328125,4.0
2015-08-11T07:33:00.000000Z,0.73486328125,0.73486328125,3.0
2015-08-11T07:33:10.000000Z,0.73486328125,0.73486328125,3.0
2015-08-11T07:33:20.000000Z,0.73486328125,0.734375,4.0
2015-08-11T07:33:30.000000Z,0.73486328125,0.734375,7.0
2015-08-11T07:33:40.000000Z,0.73486328125,0.734375,4.0
2015-08-11T07:33:50.000000Z,0.73486328125,0.73486328125,3.0
2015-08-11T07:34:00.000000Z,0.73486328125,0.73486328125,5.0
2015-08-11T07:34:30.000000Z,0.7353515625,0.73486328125,7.0
2015-08-11T07:35:00.000000Z,0.73486328125,0.73486328125,3.0
2015-08-11T07:35:10.000000Z,0.73486328125,0.73486328125,6.0
2015-08-11T07:35:20.000000Z,0.7353515625,0.73486328125,13.0
2015-08-11T07:35:30.000000Z,0.7353515625,0.7353515625,6.0
2015-08-11T07:35:40.000000Z,0.7353515625,0.73486328125,4.0
2015-08-11T07:35:50.000000Z,0.7353515625,0.7353515625,5.0
2015-08-11T07:36:00.000000Z,0.7353515625,0.7353515625,2.0
2015-08-11T07:36:10.000000Z,0.7353515625,0.7353515625,6.0
2015-08-11T07:36:20.000000Z,0.7353515625,0.7353515625,6.0
2015-08-11T07:36:30.000000Z,0.7353515625,0.7353515625,4.0
2015-08-11T07:36:40.000000Z,0.7353515625,0.7353515625,8.0
2015-08-11T07:36:50.000000Z,0.7353515625,0.7353515625,4.0
2015-08-11T07:37:00.000000Z,0.7353515625,0.7353515625,9.0
2015-08-11T07:37:10.000000Z,0.7353515625,0.7353515625,5.0
2015-08-11T07:37:20.000000Z,0.7353515625,0.73486328125,2.0
2015-08-11T07:37:30.000000Z,0.7353515625,0.73486328125,5.0
2015-08-11T07:37:40.000000Z,0.7353515625,0.73486328125,6.0
2015-08-11T07:37:50.000000Z,0.7353515625,0.7353515625,2.0
2015-08-11T07:38:00.000000Z,0.7353515625,0.7353515625,1.0
2015-08-11T07:38:10.000000Z,0.7353515625,0.73486328125,5.0
2015-08-11T07:38:20.000000Z,0.73486328125,0.73486328125,7.0
2015-08-11T07:38:40.000000Z,0.73486328125,0.73486328125,5.0
2015-08-11T07:38:50.000000Z,0.73486328125,0.73486328125,5.0
2015-08-11T07:39:00.000000Z,0.73486328125,0.73486328125,3.0
2015-08-11T07:39:10.000000Z,0.73486328125,0.73486328125,5.0
2015-08-11T07:39:20.000000Z,0.73486328125,0.73486328125,1.0
2015-08-11T07:39:30.000000Z,0.73486328125,0.73486328125,1.0
2015-08-11T07:39:40.000000Z,0.73486328125,0.73486328125,4.0
2015-08-11T07:39:50.000000Z,0.73486328125,0.73486328125,3.0
2015-08-11T07:40:00.000000Z,0.73486328125,0.73486328125,2.0
2015-08-11T07:40:10.000000Z,0.73486328125,0.73486328125,2.0
2015-08-11T07:40:30.000000Z,0.7353515625,0.73486328125,5.0
2015-08-11T07:40:40.000000Z,0.7353515625,0.73486328125,2.0
2015-08-11T07:41:00.000000Z,0.7353515625,0.73486328125,5.0
2015-08-11T07:41:10.000000Z,0.7353515625,0.73486328125,2.0
2015-08-11T07:41:30.000000Z,0.7353515625,0.73486328125,2.0
2015-08-11T07:41:50.000000Z,0.7353515625,0.73486328125,2.0
2015-08-11T07:42:00.000000Z,0.7353515625,0.73486328125,4.0
2015-08-11T07:42:20.000000Z,0.73486328125,0.73486328125,6.0
2015-08-11T07:42:30.000000Z,0.73486328125,0.73486328125,3.0
2015-08-11T07:42:50.000000Z,0.73486328125,0.73486328125,6.0
2015-08-11T07:43:00.000000Z,0.73486328125,0.73486328125,5.0
2015-08-11T07:43:10.000000Z,0.73486328125,0.73486328125,4.0
2015-08-11T07:43:30.000000Z,0.73486328125,0.73486328125,1.0
2015-08-11T07:43:40.000000Z,0.73486328125,0.73486328125,3.0
2015-08-11T07:43:50.000000Z,0.73486328125,0.73486328125,4.0
2015-08-11T07:44:00.000000Z,0.73486328125,0.73486328125,7.0
2015-08-11T07:44:10.000000Z,0.73486328125,0.73486328125,3.0
2015-08-11T07:44:30.000000Z,0.7353515625,0.7353515625,6.0
2015-08-11T07:44:40.000000Z,0.7353515625,0.7353515625,4.0
2015-08-11T07:44:50.000000Z,0.7353515625,0.7353515625,5.0
2015-08-11T07:45:00.000000Z,0.7353515625,0.7353515625,2.0
2015-08-11T07:45:10.000000Z,0.7353515625,0.7353515625,4.0
2015-08-11T07:45:20.000000Z,0.7353515625,0.7353515625,3.0
2015-08-11T07:45:30.000000Z,0.73583984375,0.7353515625,7.0
2015-08-11T07:45:40.000000Z,0.73583984375,0.7353515625,4.0
2015-08-11T07:46:10.000000Z,0.7353515625,0.7353515625,1.0
2015-08-11T07:46:20.000000Z,0.7353515625,0.7353515625,4.0
2015-08-11T07:46:30.000000Z,0.7353515625,0.7353515625,4.0
2015-08-11T07:46:40.000000Z,0.7353515625,0.7353515625,2.0
2015-08-11T07:47:00.000000Z,0.7353515625,0.7353515625,6.0
2015-08-11T07:47:10.000000Z,0.7353515625,0.7353515625,3.0
2015-08-11T07:47:20.000000Z,0.7353515625,0.7353515625,2.0
2015-08-11T07:47:30.000000Z,0.7353515625,0.7353515625,1.0
2015-08-11T07:47:40.000000Z,0.7353515625,0.7353515625,6.0
2015-08-11T07:47:50.000000Z,0.7353515625,0.7353515625,3.0
2015-08-11T07:48:00.000000Z,0.7353515625,0.73486328125,3.0
2015-08-11T07:48:10.000000Z,0.73486328125,0.73486328125,5.0
2015-08-11T07:48:20.000000Z,0.73486328125,0.73486328125,2.0
2015-08-11T07:48:30.000000Z,0.73486328125,0.73486328125,1.0
2015-08-11T07:48:40.000000Z,0.73486328125,0.73486328125,3.0
2015-08-11T07:48:50.000000Z,0.73486328125,0.73486328125,7.0
2015-08-11T07:49:00.000000Z,0.73486328125,0.73486328125,3.0
2015-08-11T07:49:10.000000Z,0.73486328125,0.73486328125,2.0
2015-08-11T07:49:20.000000Z,0.73486328125,0.73486328125,1.0
2015-08-11T07:49:30.000000Z,0.73486328125,0.734375,2.0
2015-08-11T07:49:40.000000Z,0.73486328125,0.734375,3.0
2015-08-11T07:50:00.000000Z,0.73486328125,0.73486328125,2.0
2015-08-11T07:50:10.000000Z,0.73486328125,0.73486328125,3.0
2015-08-11T07:50:30.000000Z,0.73486328125,0.73486328125,1.0
2015-08-11T07:50:50.000000Z,0.73486328125,0.734375,3.0
2015-08-11T07:51:10.000000Z,0.73486328125,0.734375,3.0
2015-08-11T07:51:30.000000Z,0.73486328125,0.734375,1.0
2015-08-11T07:51:40.000000Z,0.73486328125,0.734375,2.0
2015-08-11T07:51:50.000000Z,0.73486328125,0.73486328125,4.0
2015-08-11T07:52:00.000000Z,0.73486328125,0.734375,5.0
2015-08-11T07:52:10.000000Z,0.73486328125,0.734375,11.0
2015-08-11T07:52:20.000000Z,0.73486328125,0.73486328125,10.0
2015-08-11T07:52:30.000000Z,0.73486328125,0.73486328125,2.0
2015-08-11T07:52:40.000000Z,0.73486328125,0.73486328125,3.0
2015-08-11T07:52:50.000000Z,0.73486328125,0.73486328125,2.0
2015-08-11T07:53:00.000000Z,0.73486328125,0.73486328125,3.0
2015-08-11T07:53:10.000000Z,0.73486328125,0.73486328125,1.0
2015-08-11T07:53:20.000000Z,0.73486328125,0.73486328125,3.0
2015-08-11T07:53:40.000000Z,0.73486328125,0.73486328125,3.0
2015-08-11T07:54:00.000000Z,0.73486328125,0.73486328125,4.0
2015-08-11T07:54:20.000000Z,0.73486328125,0.73486328125,5.0
2015-08-11T07:54:30.000000Z,0.73486328125,0.73486328125,7.0
2015-08-11T07:54:50.000000Z,0.73486328125,0.73486328125,4.0
2015-08-11T07:55:00.000000Z,0.7353515625,0.73486328125,6.0
2015-08-11T07:55:10.000000Z,0.7353515625,0.7353515625,3.0
2015-08-11T07:55:20.000000Z,0.7353515625,0.73486328125,6.0
2015-08-11T07:55:30.000000Z,0.7353515625,0.7353515625,4.0
2015-08-11T07:55:40.000000Z,0.7353515625,0.73486328125,6.0
2015-08-11T07:55:50.000000Z,0.7353515625,0.73486328125,2.0
2015-08-11T07:56:00.000000Z,0.7353515625,0.7353515625,2.0
2015-08-11T07:56:10.000000Z,0.7353515625,0.73486328125,1.0
2015-08-11T07:56:20.000000Z,0.73486328125,0.73486328125,8.0
2015-08-11T07:56:30.000000Z,0.73486328125,0.73486328125,5.0
2015-08-11T07:56:40.000000Z,0.7353515625,0.7353515625,10.0
2015-08-11T07:56:50.000000Z,0.7353515625,0.73486328125,7.0
2015-08-11T07:57:00.000000Z,0.7353515625,0.7353515625,3.0
2015-08-11T07:57:10.000000Z,0.7353515625,0.7353515625,8.0
2015-08-11T07:57:20.000000Z,0.7353515625,0.7353515625,2.0
2015-08-11T07:57:30.000000Z,0.7353515625,0.7353515625,3.0
2015-08-11T07:57:40.000000Z,0.7353515625,0.7353515625,4.0
2015-08-11T07:57:50.000000Z,0.7353515625,0.73486328125,3.0
2015-08-11T07:58:00.000000Z,0.7353515625,0.73486328125,3.0
2015-08-11T07:58:10.000000Z,0.7353515625,0.73486328125,3.0
2015-08-11T07:58:20.000000Z,0.7353515625,0.73486328125,1.0
2015-08-11T07:58:30.000000Z,0.7353515625,0.73486328125,4.0
2015-08-11T07:58:40.000000Z,0.7353515625,0.73486328125,5.0
2015-08-11T07:58:50.000000Z,0.7353515625,0.73486328125,3.0
2015-08-11T07:59:00.000000Z,0.7353515625,0.73486328125,7.0
2015-08-11T07:59:10.000000Z,0.7353515625,0.7353515625,8.0
2015-08-11T07:59:30.000000Z,0.7353515625,0.73486328125,4.0
2015-08-11T07:59:40.000000Z,0.7353515625,0.73486328125,2.0
2015-08-11T08:00:00.000000Z,0.7353515625,0.7353515625,2.0
2015-08-11T08:00:10.000000Z,0.7353515625,0.7353515625,2.0
2015-08-11T08:00:20.000000Z,0.7353515625,0.73486328125,4.0
2015-08-11T08:00:30.000000Z,0.7353515625,0.73486328125,3.0
2015-08-11T08:00:40.000000Z,0.7353515625,0.7353515625,5.0
2015-08-11T08:00:50.000000Z,0.7353515625,0.7353515625,2.0
2015-08-11T08:01:00.000000Z,0.7353515625,0.7353515625,2.0
2015-08-11T08:01:10.000000Z,0.7353515625,0.73486328125,1.0
2015-08-11T08:01:20.000000Z,0.7353515625,0.73486328125,1.0
2015-08-11T08:01:50.000000Z,0.7353515625,0.73486328125,2.0
2015-08-11T08:02:00.000000Z,0.7353515625,0.73486328125,2.0
2015-08-11T08:02:10.000000Z,0.7353515625,0.73486328125,3.0
2015-08-11T08:02:20.000000Z,0.7353515625,0.73486328125,2.0
2015-08-11T08:02:40.000000Z,0.7353515625,0.73486328125,1.0
2015-08-11T08:02:50.000000Z,0.73486328125,0.73486328125,3.0
2015-08-11T08:03:00.000000Z,0.73486328125,0.73486328125,2.0
2015-08-11T08:03:10.000000Z,0.73486328125,0.73486328125,3.0
2015-08-11T08:03:20.000000Z,0.73486328125,0.73486328125,2.0
2015-08-11T08:03:30.000000Z,0.73486328125,0.73486328125,3.0
2015-08-11T08:03:40.000000Z,0.73486328125,0.73486328125,2.0
2015-08-11T08:03:50.000000Z,0.73486328125,0.73486328125,1.0
2015-08-11T08:04:00.000000Z,0.73486328125,0.73486328125,1.0
2015-08-11T08:04:10.000000Z,0.73486328125,0.73486328125,2.0
2015-08-11T08:04:20.000000Z,0.73486328125,0.73486328125,1.0
2015-08-11T08:04:30.000000Z,0.73486328125,0.73486328125,6.0
2015-08-11T08:04:40.000000Z,0.73486328125,0.73486328125,3.0
2015-08-11T08:04:50.000000Z,0.73486328125,0.734375,1.0
2015-08-11T08:05:30.000000Z,0.73486328125,0.73486328125,1.0
2015-08-11T08:05:40.000000Z,0.73486328125,0.734375,3.0
2015-08-11T08:05:50.000000Z,0.734375,0.734375,1.0
2015-08-11T08:06:10.000000Z,0.734375,0.734375,2.0
2015-08-11T08:06:20.000000Z,0.734375,0.734375,1.0
2015-08-11T08:06:40.000000Z,0.734375,0.734375,3.0
2015-08-11T08:06:50.000000Z,0.734375,0.734375,2.0
2015-08-11T08:07:00.000000Z,0.734375,0.734375,5.0
2015-08-11T08:07:10.000000Z,0.734375,0.73388671875,2.0
2015-08-11T08:07:20.000000Z,0.734375,0.734375,7.0
2015-08-11T08:07:30.000000Z,0.734375,0.73388671875,1.0
2015-08-11T08:07:40.000000Z,0.734375,0.73388671875,1.0
2015-08-11T08:07:50.000000Z,0.734375,0.73388671875,2.0
2015-08-11T08:08:20.000000Z,0.734375,0.73388671875,3.0
2015-08-11T08:08:50.000000Z,0.73388671875,0.73388671875,3.0
2015-08-11T08:09:00.000000Z,0.73388671875,0.73388671875,1.0
2015-08-11T08:09:10.000000Z,0.73388671875,0.73388671875,2.0
2015-08-11T08:09:20.000000Z,0.73388671875,0.73388671875,1.0
2015-08-11T08:09:30.000000Z,0.73388671875,0.73388671875,1.0
2015-08-11T08:09:40.000000Z,0.73388671875,0.73388671875,1.0
2015-08-11T08:10:10.000000Z,0.73388671875,0.73388671875,3.0
2015-08-11T08:10:20.000000Z,0.73388671875,0.73388671875,2.0
2015-08-11T08:10:50.000000Z,0.73388671875,0.73388671875,4.0
2015-08-11T08:11:00.000000Z,0.73388671875,0.73388671875,2.0
2015-08-11T08:11:20.000000Z,0.73388671875,0.73388671875,2.0
2015-08-11T08:11:30.000000Z,0.734375,0.73388671875,5.0
2015-08-11T08:11:40.000000Z,0.73388671875,0.73388671875,3.0
2015-08-11T08:11:50.000000Z,0.734375,0.73388671875,3.0
2015-08-11T08:12:00.000000Z,0.734375,0.73388671875,5.0
2015-08-11T08:12:10.000000Z,0.734375,0.734375,3.0
2015-08-11T08:12:20.000000Z,0.734375,0.734375,3.0
2015-08-11T08:12:30.000000Z,0.734375,0.734375,5.0
2015-08-11T08:12:40.000000Z,0.73486328125,0.734375,4.0
2015-08-11T08:12:50.000000Z,0.73486328125,0.734375,8.0
2015-08-11T08:13:00.000000Z,0.73486328125,0.734375,6.0
2015-08-11T08:13:10.000000Z,0.73486328125,0.734375,5.0
2015-08-11T08:13:20.000000Z,0.73486328125,0.73486328125,7.0
2015-08-11T08:13:30.000000Z,0.73486328125,0.73486328125,1.0
2015-08-11T08:13:40.000000Z,0.73486328125,0.73486328125,4.0
2015-08-11T08:13:50.000000Z,0.73486328125,0.73486328125,2.0
2015-08-11T08:14:00.000000Z,0.73486328125,0.73486328125,3.0
2015-08-11T08:14:10.000000Z,0.73486328125,0.73486328125,1.0
2015-08-11T08:14:20.000000Z,0.73486328125,0.73486328125,9.0
2015-08-11T08:14:30.000000Z,0.73486328125,0.73486328125,3.0
2015-08-11T08:14:40.000000Z,0.73486328125,0.73486328125,1.0
2015-08-11T08:14:50.000000Z,0.73486328125,0.73486328125,3.0
2015-08-11T08:15:00.000000Z,0.73486328125,0.73486328125,2.0
2015-08-11T08:15:10.000000Z,0.73486328125,0.734375,4.0
2015-08-11T08:15:20.000000Z,0.73486328125,0.734375,5.0
2015-08-11T08:15:30.000000Z,0.734375,0.734375,1.0
2015-08-11T08:15:40.000000Z,0.734375,0.734375,5.0
2015-08-11T08:15:50.000000Z,0.734375,0.734375,5.0
2015-08-11T08:16:00.000000Z,0.734375,0.734375,9.0
2015-08-11T08:16:10.000000Z,0.734375,0.734375,1.0
2015-08-11T08:16:20.000000Z,0.734375,0.734375,2.0
2015-08-11T08:16:30.000000Z,0.734375,0.734375,4.0
2015-08-11T08:16:40.000000Z,0.734375,0.734375,11.0
2015-08-11T08:17:00.000000Z,0.734375,0.734375,3.0
2015-08-11T08:17:10.000000Z,0.734375,0.734375,8.0
2015-08-11T08:17:20.000000Z,0.73486328125,0.734375,6.0
2015-08-11T08:17:30.000000Z,0.73486328125,0.734375,4.0
2015-08-11T08:17:40.000000Z,0.73486328125,0.734375,1.0
2015-08-11T08:17:50.000000Z,0.734375,0.734375,4.0
2015-08-11T08:18:00.000000Z,0.734375,0.734375,3.0
2015-08-11T08:18:10.000000Z,0.734375,0.734375,6.0
2015-08-11T08:18:20.000000Z,0.734375,0.734375,2.0
2015-08-11T08:18:30.000000Z,0.734375,0.734375,3.0
2015-08-11T08:18:40.000000Z,0.734375,0.734375,3.0
2015-08-11T08:18:50.000000Z,0.734375,0.734375,2.0
2015-08-11T08:19:00.000000Z,0.734375,0.734375,2.0
2015-08-11T08:19:10.000000Z,0.734375,0.734375,3.0
2015-08-11T08:19:20.000000Z,0.734375,0.734375,2.0
2015-08-11T08:19:30.000000Z,0.734375,0.734375,6.0
2015-08-11T08:19:40.000000Z,0.734375,0.734375,2.0
2015-08-11T08:20:00.000000Z,0.734375,0.734375,2.0
2015-08-11T08:20:10.000000Z,0.73486328125,0.734375,4.0
2015-08-11T08:20:20.000000Z,0.73486328125,0.734375,5.0
2015-08-11T08:20:30.000000Z,0.73486328125,0.734375,4.0
2015-08-11T08:20:50.000000Z,0.73486328125,0.734375,1.0
2015-08-11T08:21:00.000000Z,0.734375,0.734375,2.0
2015-08-11T08:21:20.000000Z,0.73486328125,0.734375,5.0
2015-08-11T08:21:30.000000Z,0.73486328125,0.734375,1.0
2015-08-11T08:21:40.000000Z,0.73486328125,0.734375,1.0
2015-08-11T08:21:50.000000Z,0.73486328125,0.734375,5.0
2015-08-11T08:22:00.000000Z,0.73486328125,0.734375,1.0
2015-08-11T08:22:10.000000Z,0.734375,0.734375,3.0
2015-08-11T08:22:20.000000Z,0.734375,0.734375,1.0
2015-08-11T08:22:30.000000Z,0.73486328125,0.734375,3.0
2015-08-11T08:22:40.000000Z,0.73486328125,0.734375,2.0
2015-08-11T08:22:50.000000Z,0.73486328125,0.734375,3.0
2015-08-11T08:23:20.000000Z,0.73486328125,0.73486328125,2.0
2015-08-11T08:23:30.000000Z,0.73486328125,0.73486328125,2.0
2015-08-11T08:23:40.000000Z,0.73486328125,0.73486328125,2.0
2015-08-11T08:23:50.000000Z,0.73486328125,0.73486328125,1.0
2015-08-11T08:24:00.000000Z,0.73486328125,0.73486328125,2.0
2015-08-11T08:24:20.000000Z,0.73486328125,0.734375,5.0
2015-08-11T08:24:40.000000Z,0.73486328125,0.73486328125,3.0
2015-08-11T08:24:50.000000Z,0.73486328125,0.73486328125,3.0
2015-08-11T08:25:00.000000Z,0.73486328125,0.734375,2.0
2015-08-11T08:25:10.000000Z,0.73486328125,0.734375,2.0
2015-08-11T08:25:20.000000Z,0.73486328125,0.734375,2.0
2015-08-11T08:26:00.000000Z,0.73486328125,0.734375,4.0
2015-08-11T08:26:10.000000Z,0.73486328125,0.734375,1.0
2015-08-11T08:26:20.000000Z,0.73486328125,0.734375,1.0
2015-08-11T08:26:40.000000Z,0.73486328125,0.734375,1.0
2015-08-11T08:26:50.000000Z,0.734375,0.734375,6.0
2015-08-11T08:27:00.000000Z,0.734375,0.734375,1.0
2015-08-11T08:27:10.000000Z,0.734375,0.734375,1.0
2015-08-11T08:27:20.000000Z,0.734375,0.734375,2.0
2015-08-11T08:27:30.000000Z,0.734375,0.734375,3.0
2015-08-11T08:27:40.000000Z,0.734375,0.734375,4.0
2015-08-11T08:27:50.000000Z,0.734375,0.734375,1.0
2015-08-11T08:28:00.000000Z,0.73388671875,0.73388671875,7.0
2015-08-11T08:28:10.000000Z,0.734375,0.73388671875,2.0
2015-08-11T08:28:20.000000Z,0.73388671875,0.73388671875,2.0
2015-08-11T08:28:30.000000Z,0.734375,0.73388671875,4.0
2015-08-11T08:28:40.000000Z,0.734375,0.73388671875,5.0
2015-08-11T08:29:00.000000Z,0.73388671875,0.73388671875,1.0
2015-08-11T08:29:20.000000Z,0.734375,0.73388671875,1.0
2015-08-11T08:29:30.000000Z,0.734375,0.73388671875,4.0
2015-08-11T08:29:40.000000Z,0.734375,0.73388671875,2.0
2015-08-11T08:29:50.000000Z,0.73388671875,0.73388671875,6.0
2015-08-11T08:30:00.000000Z,0.73388671875,0.73388671875,1.0
2015-08-11T08:30:30.000000Z,0.73388671875,0.73388671875,2.0
2015-08-11T08:30:40.000000Z,0.73388671875,0.73388671875,3.0
2015-08-11T08:31:00.000000Z,0.73388671875,0.73388671875,3.0
2015-08-11T08:31:10.000000Z,0.73388671875,0.73388671875,1.0
2015-08-11T08:31:20.000000Z,0.73388671875,0.73388671875,1.0
2015-08-11T08:31:30.000000Z,0.73388671875,0.73388671875,1.0
2015-08-11T08:31:40.000000Z,0.73388671875,0.73388671875,1.0
2015-08-11T08:31:50.000000Z,0.73388671875,0.73388671875,1.0
2015-08-11T08:32:00.000000Z,0.734375,0.73388671875,3.0
2015-08-11T08:32:10.000000Z,0.734375,0.73388671875,1.0
2015-08-11T08:32:20.000000Z,0.734375,0.73388671875,1.0
2015-08-11T08:32:40.000000Z,0.734375,0.73388671875,2.0
2015-08-11T08:33:00.000000Z,0.734375,0.73388671875,6.0
2015-08-11T08:33:20.000000Z,0.734375,0.73388671875,1.0
2015-08-11T08:33:30.000000Z,0.73388671875,0.73388671875,1.0
2015-08-11T08:33:50.000000Z,0.734375,0.73388671875,2.0
2015-08-11T08:34:10.000000Z,0.734375,0.73388671875,2.0
2015-08-11T08:34:20.000000Z,0.734375,0.734375,2.0
2015-08-11T08:34:40.000000Z,0.734375,0.73388671875,1.0
2015-08-11T08:35:00.000000Z,0.734375,0.73388671875,2.0
2015-08-11T08:35:30.000000Z,0.734375,0.73388671875,1.0
2015-08-11T08:35:40.000000Z,0.734375,0.73388671875,1.0
2015-08-11T08:35:50.000000Z,0.734375,0.73388671875,2.0
2015-08-11T08:36:10.000000Z,0.734375,0.73388671875,2.0
2015-08-11T08:36:20.000000Z,0.734375,0.734375,2.0
2015-08-11T08:36:30.000000Z,0.734375,0.73388671875,4.0
2015-08-11T08:37:00.000000Z,0.734375,0.73388671875,3.0
2015-08-11T08:37:30.000000Z,0.73388671875,0.73388671875,2.0
2015-08-11T08:37:40.000000Z,0.734375,0.73388671875,3.0
2015-08-11T08:37:50.000000Z,0.734375,0.73388671875,2.0
2015-08-11T08:38:00.000000Z,0.73388671875,0.73388671875,4.0
2015-08-11T08:38:10.000000Z,0.73388671875,0.73388671875,2.0
2015-08-11T08:38:20.000000Z,0.73388671875,0.73388671875,3.0
2015-08-11T08:38:30.000000Z,0.73388671875,0.73388671875,3.0
2015-08-11T08:38:40.000000Z,0.73388671875,0.73388671875,4.0
2015-08-11T08:39:00.000000Z,0.734375,0.73388671875,1.0
2015-08-11T08:40:00.000000Z,0.734375,0.73388671875,1.0
2015-08-11T08:41:00.000000Z,0.734375,0.73388671875,1.0
2015-08-11T08:41:20.000000Z,0.734375,0.73388671875,1.0
2015-08-11T08:41:30.000000Z,0.734375,0.73388671875,3.0
2015-08-11T08:41:50.000000Z,0.734375,0.73388671875,1.0
2015-08-11T08:42:00.000000Z,0.734375,0.734375,2.0
2015-08-11T08:42:10.000000Z,0.734375,0.73388671875,2.0
2015-08-11T08:42:20.000000Z,0.734375,0.73388671875,1.0
2015-08-11T08:42:30.000000Z,0.73388671875,0.73388671875,5.0
2015-08-11T08:42:50.000000Z,0.734375,0.73388671875,2.0
2015-08-11T08:43:10.000000Z,0.73388671875,0.73388671875,4.0
2015-08-11T08:43:20.000000Z,0.73388671875,0.73388671875,1.0
2015-08-11T08:43:30.000000Z,0.73388671875,0.73388671875,7.0
2015-08-11T08:43:40.000000Z,0.73388671875,0.73388671875,1.0
2015-08-11T08:43:50.000000Z,0.73388671875,0.73388671875,3.0
2015-08-11T08:44:20.000000Z,0.73388671875,0.7333984375,4.0
2015-08-11T08:44:30.000000Z,0.73388671875,0.7333984375,1.0
2015-08-11T08:44:40.000000Z,0.7333984375,0.7333984375,10.0
2015-08-11T08:44:50.000000Z,0.7333984375,0.7333984375,9.0
2015-08-11T08:45:00.000000Z,0.7333984375,0.7333984375,6.0
2015-08-11T08:45:10.000000Z,0.7333984375,0.7333984375,4.0
2015-08-11T08:45:20.000000Z,0.7333984375,0.7333984375,3.0
2015-08-11T08:45:30.000000Z,0.7333984375,0.7333984375,2.0
2015-08-11T08:45:40.000000Z,0.7333984375,0.7333984375,5.0
2015-08-11T08:45:50.000000Z,0.7333984375,0.7333984375,1.0
2015-08-11T08:46:00.000000Z,0.7333984375,0.7333984375,5.0
2015-08-11T08:46:10.000000Z,0.73388671875,0.7333984375,6.0
2015-08-11T08:46:20.000000Z,0.73388671875,0.7333984375,1.0
2015-08-11T08:46:30.000000Z,0.73388671875,0.73388671875,5.0
2015-08-11T08:46:40.000000Z,0.73388671875,0.7333984375,4.0
2015-08-11T08:46:50.000000Z,0.73388671875,0.7333984375,2.0
2015-08-11T08:47:00.000000Z,0.73388671875,0.73388671875,3.0
2015-08-11T08:47:10.000000Z,0.73388671875,0.73388671875,4.0
2015-08-11T08:47:20.000000Z,0.73388671875,0.73388671875,1.0
2015-08-11T08:47:30.000000Z,0.73388671875,0.73388671875,1.0
2015-08-11T08:47:40.000000Z,0.73388671875,0.7333984375,4.0
2015-08-11T08:47:50.000000Z,0.73388671875,0.73388671875,2.0
2015-08-11T08:48:00.000000Z,0.73388671875,0.7333984375,3.0
2015-08-11T08:48:10.000000Z,0.7333984375,0.7333984375,3.0
2015-08-11T08:48:20.000000Z,0.73388671875,0.7333984375,2.0
2015-08-11T08:48:30.000000Z,0.7333984375,0.7333984375,3.0
2015-08-11T08:48:50.000000Z,0.7333984375,0.7333984375,3.0
2015-08-11T08:49:00.000000Z,0.7333984375,0.7333984375,1.0
2015-08-11T08:49:10.000000Z,0.7333984375,0.7333984375,1.0
2015-08-11T08:49:30.000000Z,0.7333984375,0.7333984375,1.0
2015-08-11T08:50:10.000000Z,0.7333984375,0.7333984375,1.0
2015-08-11T08:50:20.000000Z,0.7333984375,0.7333984375,1.0
2015-08-11T08:50:30.000000Z,0.7333984375,0.7333984375,4.0
2015-08-11T08:50:40.000000Z,0.7333984375,0.7333984375,4.0
2015-08-11T08:50:50.000000Z,0.7333984375,0.7333984375,2.0
2015-08-11T08:51:00.000000Z,0.7333984375,0.7333984375,1.0
2015-08-11T08:51:10.000000Z,0.7333984375,0.7333984375,3.0
2015-08-11T08:51:20.000000Z,0.7333984375,0.73291015625,5.0
2015-08-11T08:51:30.000000Z,0.7333984375,0.73291015625,2.0
2015-08-11T08:51:40.000000Z,0.7333984375,0.73291015625,3.0
2015-08-11T08:51:50.000000Z,0.7333984375,0.73291015625,2.0
2015-08-11T08:52:00.000000Z,0.7333984375,0.73291015625,2.0
2015-08-11T08:52:10.000000Z,0.7333984375,0.7333984375,1.0
2015-08-11T08:52:20.000000Z,0.7333984375,0.7333984375,2.0
2015-08-11T08:52:30.000000Z,0.7333984375,0.73291015625,3.0
2015-08-11T08:52:40.000000Z,0.7333984375,0.73291015625,2.0
2015-08-11T08:53:00.000000Z,0.7333984375,0.73291015625,2.0
2015-08-11T08:53:20.000000Z,0.7333984375,0.73291015625,1.0
2015-08-11T08:53:30.000000Z,0.7333984375,0.73291015625,1.0
2015-08-11T08:53:40.000000Z,0.7333984375,0.7333984375,2.0
2015-08-11T08:53:50.000000Z,0.7333984375,0.7333984375,2.0
2015-08-11T08:54:00.000000Z,0.7333984375,0.7333984375,2.0
2015-08-11T08:54:10.000000Z,0.7333984375,0.7333984375,5.0
2015-08-11T08:54:30.000000Z,0.7333984375,0.7333984375,2.0
2015-08-11T08:54:50.000000Z,0.7333984375,0.7333984375,5.0
2015-08-11T08:55:00.000000Z,0.7333984375,0.7333984375,3.0
2015-08-11T08:55:20.000000Z,0.7333984375,0.7333984375,1.0
2015-08-11T08:55:30.000000Z,0.7333984375,0.7333984375,1.0
2015-08-11T08:55:40.000000Z,0.7333984375,0.7333984375,1.0
2015-08-11T08:55:50.000000Z,0.7333984375,0.7333984375,2.0
2015-08-11T08:56:00.000000Z,0.7333984375,0.7333984375,1.0
2015-08-11T08:56:10.000000Z,0.7333984375,0.73291015625,2.0
2015-08-11T08:56:20.000000Z,0.7333984375,0.73291015625,1.0
2015-08-11T08:56:40.000000Z,0.7333984375,0.7333984375,2.0
2015-08-11T08:57:00.000000Z,0.7333984375,0.7333984375,1.0
2015-08-11T08:57:10.000000Z,0.7333984375,0.7333984375,2.0
2015-08-11T08:57:20.000000Z,0.7333984375,0.7333984375,1.0
2015-08-11T08:57:30.000000Z,0.7333984375,0.7333984375,3.0
2015-08-11T08:57:40.000000Z,0.73388671875,0.7333984375,1.0
2015-08-11T08:57:50.000000Z,0.7333984375,0.7333984375,4.0
2015-08-11T08:58:00.000000Z,0.7333984375,0.7333984375,3.0
2015-08-11T08:58:10.000000Z,0.73388671875,0.7333984375,1.0
2015-08-11T08:58:20.000000Z,0.73388671875,0.73388671875,3.0
2015-08-11T08:58:40.000000Z,0.73388671875,0.7333984375,1.0
2015-08-11T08:59:00.000000Z,0.73388671875,0.73388671875,3.0
2015-08-11T08:59:10.000000Z,0.73388671875,0.73388671875,3.0
2015-08-11T08:59:20.000000Z,0.73388671875,0.73388671875,2.0
2015-08-11T08:59:30.000000Z,0.73388671875,0.73388671875,1.0
2015-08-11T08:59:50.000000Z,0.73388671875,0.73388671875,1.0
2015-08-11T09:00:00.000000Z,0.73388671875,0.73388671875,2.0
2015-08-11T09:00:10.000000Z,0.73388671875,0.73388671875,1.0
2015-08-11T09:00:20.000000Z,0.73388671875,0.73388671875,1.0
2015-08-11T09:00:30.000000Z,0.73388671875,0.73388671875,4.0
2015-08-11T09:00:40.000000Z,0.734375,0.73388671875,12.0
2015-08-11T09:00:50.000000Z,0.734375,0.73388671875,1.0
2015-08-11T09:01:00.000000Z,0.734375,0.73388671875,8.0
2015-08-11T09:01:10.000000Z,0.734375,0.73388671875,5.0
2015-08-11T09:01:40.000000Z,0.73388671875,0.73388671875,2.0
2015-08-11T09:01:50.000000Z,0.734375,0.73388671875,3.0
2015-08-11T09:02:00.000000Z,0.734375,0.73388671875,4.0
2015-08-11T09:02:10.000000Z,0.73388671875,0.73388671875,3.0
2015-08-11T09:02:20.000000Z,0.73388671875,0.73388671875,3.0
2015-08-11T09:02:40.000000Z,0.73388671875,0.73388671875,2.0
2015-08-11T09:03:10.000000Z,0.73388671875,0.73388671875,2.0
2015-08-11T09:03:20.000000Z,0.73388671875,0.73388671875,1.0
2015-08-11T09:03:30.000000Z,0.73388671875,0.73388671875,1.0
2015-08-11T09:03:40.000000Z,0.73388671875,0.73388671875,2.0
2015-08-11T09:03:50.000000Z,0.73388671875,0.7333984375,3.0
2015-08-11T09:04:00.000000Z,0.73388671875,0.7333984375,2.0
2015-08-11T09:04:10.000000Z,0.73388671875,0.73388671875,3.0
2015-08-11T09:04:20.000000Z,0.73388671875,0.73388671875,3.0
2015-08-11T09:04:30.000000Z,0.73388671875,0.7333984375,1.0
2015-08-11T09:04:40.000000Z,0.73388671875,0.73388671875,1.0
2015-08-11T09:04:50.000000Z,0.73388671875,0.73388671875,1.0
2015-08-11T09:05:00.000000Z,0.73388671875,0.73388671875,1.0
2015-08-11T09:05:20.000000Z,0.73388671875,0.73388671875,3.0
2015-08-11T09:05:30.000000Z,0.73388671875,0.73388671875,4.0
2015-08-11T09:05:50.000000Z,0.73388671875,0.73388671875,2.0
2015-08-11T09:06:00.000000Z,0.73388671875,0.73388671875,2.0
2015-08-11T09:06:20.000000Z,0.73388671875,0.7333984375,5.0
2015-08-11T09:06:30.000000Z,0.73388671875,0.7333984375,3.0
2015-08-11T09:06:40.000000Z,0.73388671875,0.7333984375,1.0
2015-08-11T09:06:50.000000Z,0.73388671875,0.7333984375,3.0
2015-08-11T09:07:00.000000Z,0.7333984375,0.7333984375,2.0
2015-08-11T09:07:10.000000Z,0.7333984375,0.7333984375,5.0
2015-08-11T09:07:20.000000Z,0.73388671875,0.7333984375,2.0
2015-08-11T09:07:30.000000Z,0.73388671875,0.7333984375,1.0
2015-08-11T09:07:40.000000Z,0.7333984375,0.7333984375,5.0
2015-08-11T09:07:50.000000Z,0.73388671875,0.7333984375,4.0
2015-08-11T09:08:00.000000Z,0.7333984375,0.7333984375,2.0
2015-08-11T09:08:10.000000Z,0.7333984375,0.7333984375,5.0
2015-08-11T09:08:20.000000Z,0.7333984375,0.7333984375,2.0
2015-08-11T09:08:30.000000Z,0.7333984375,0.7333984375,5.0
2015-08-11T09:08:40.000000Z,0.7333984375,0.73291015625,2.0
2015-08-11T09:08:50.000000Z,0.7333984375,0.7333984375,1.0
2015-08-11T09:09:00.000000Z,0.7333984375,0.7333984375,1.0
2015-08-11T09:09:10.000000Z,0.7333984375,0.7333984375,4.0
2015-08-11T09:09:20.000000Z,0.7333984375,0.7333984375,1.0
2015-08-11T09:09:40.000000Z,0.7333984375,0.7333984375,3.0
2015-08-11T09:09:50.000000Z,0.7333984375,0.73291015625,3.0
2015-08-11T09:10:00.000000Z,0.73291015625,0.73291015625,7.0
2015-08-11T09:10:10.000000Z,0.73291015625,0.73291015625,5.0
2015-08-11T09:10:30.000000Z,0.73291015625,0.73291015625,3.0
2015-08-11T09:10:40.000000Z,0.73291015625,0.73291015625,3.0
2015-08-11T09:10:50.000000Z,0.73291015625,0.73291015625,5.0
2015-08-11T09:11:00.000000Z,0.73291015625,0.732421875,6.0
2015-08-11T09:11:10.000000Z,0.73291015625,0.73291015625,2.0
2015-08-11T09:11:20.000000Z,0.73291015625,0.732421875,3.0
2015-08-11T09:11:40.000000Z,0.73291015625,0.732421875,4.0
2015-08-11T09:11:50.000000Z,0.73291015625,0.732421875,6.0
2015-08-11T09:12:00.000000Z,0.73291015625,0.73291015625,3.0
2015-08-11T09:12:20.000000Z,0.73291015625,0.73291015625,2.0
2015-08-11T09:12:30.000000Z,0.73291015625,0.73291015625,7.0
2015-08-11T09:12:40.000000Z,0.73291015625,0.73291015625,1.0
2015-08-11T09:12:50.000000Z,0.73291015625,0.73291015625,3.0
2015-08-11T09:13:00.000000Z,0.73291015625,0.73291015625,2.0
2015-08-11T09:13:20.000000Z,0.73291015625,0.73291015625,2.0
2015-08-11T09:13:30.000000Z,0.73291015625,0.73291015625,1.0
2015-08-11T09:13:40.000000Z,0.73291015625,0.73291015625,2.0
2015-08-11T09:13:50.000000Z,0.73291015625,0.73291015625,3.0
2015-08-11T09:14:00.000000Z,0.73291015625,0.73291015625,5.0
2015-08-11T09:14:10.000000Z,0.73291015625,0.73291015625,1.0
2015-08-11T09:14:30.000000Z,0.73291015625,0.73291015625,1.0
2015-08-11T09:14:50.000000Z,0.73291015625,0.73291015625,4.0
2015-08-11T09:15:10.000000Z,0.73291015625,0.73291015625,6.0
2015-08-11T09:15:20.000000Z,0.73291015625,0.73291015625,2.0
2015-08-11T09:15:30.000000Z,0.73291015625,0.73291015625,1.0
2015-08-11T09:15:40.000000Z,0.73291015625,0.73291015625,10.0
2015-08-11T09:15:50.000000Z,0.73291015625,0.73291015625,1.0
2015-08-11T09:16:00.000000Z,0.73291015625,0.73291015625,4.0
2015-08-11T09:16:10.000000Z,0.73291015625,0.73291015625,3.0
2015-08-11T09:16:20.000000Z,0.73291015625,0.73291015625,1.0
2015-08-11T09:16:30.000000Z,0.73291015625,0.73291015625,3.0
2015-08-11T09:16:40.000000Z,0.7333984375,0.73291015625,1.0
2015-08-11T09:16:50.000000Z,0.7333984375,0.73291015625,1.0
2015-08-11T09:17:00.000000Z,0.7333984375,0.73291015625,1.0
2015-08-11T09:17:40.000000Z,0.73291015625,0.73291015625,3.0
2015-08-11T09:17:50.000000Z,0.73291015625,0.73291015625,2.0
2015-08-11T09:18:00.000000Z,0.73291015625,0.73291015625,7.0
2015-08-11T09:18:10.000000Z,0.73291015625,0.73291015625,3.0
2015-08-11T09:18:20.000000Z,0.73291015625,0.732421875,6.0
2015-08-11T09:18:30.000000Z,0.73291015625,0.732421875,1.0
2015-08-11T09:18:40.000000Z,0.73291015625,0.732421875,1.0
2015-08-11T09:19:00.000000Z,0.73291015625,0.732421875,1.0
2015-08-11T09:19:10.000000Z,0.73291015625,0.732421875,1.0
2015-08-11T09:19:20.000000Z,0.73291015625,0.73291015625,1.0
2015-08-11T09:19:30.000000Z,0.73291015625,0.732421875,4.0
2015-08-11T09:19:40.000000Z,0.73291015625,0.73291015625,2.0
2015-08-11T09:19:50.000000Z,0.73291015625,0.73291015625,1.0
2015-08-11T09:20:00.000000Z,0.73291015625,0.73291015625,1.0
2015-08-11T09:20:10.000000Z,0.73291015625,0.73291015625,1.0
2015-08-11T09:20:20.000000Z,0.73291015625,0.73291015625,4.0
2015-08-11T09:20:30.000000Z,0.73291015625,0.73291015625,3.0
2015-08-11T09:20:40.000000Z,0.73291015625,0.73291015625,1.0
2015-08-11T09:20:50.000000Z,0.73291015625,0.73291015625,2.0
2015-08-11T09:21:10.000000Z,0.73291015625,0.73291015625,3.0
2015-08-11T09:21:20.000000Z,0.73291015625,0.73291015625,3.0
2015-08-11T09:21:30.000000Z,0.73291015625,0.73291015625,1.0
2015-08-11T09:21:50.000000Z,0.73291015625,0.73291015625,1.0
2015-08-11T09:22:00.000000Z,0.73291015625,0.73291015625,1.0
2015-08-11T09:22:30.000000Z,0.73291015625,0.73291015625,1.0
2015-08-11T09:22:40.000000Z,0.73291015625,0.73291015625,1.0
2015-08-11T09:23:00.000000Z,0.73291015625,0.73291015625,1.0
2015-08-11T09:23:10.000000Z,0.73291015625,0.73291015625,4.0
2015-08-11T09:23:20.000000Z,0.73291015625,0.73291015625,1.0
2015-08-11T09:23:30.000000Z,0.73291015625,0.73291015625,2.0
2015-08-11T09:23:50.000000Z,0.73291015625,0.73291015625,1.0
2015-08-11T09:24:00.000000Z,0.73291015625,0.73291015625,1.0
2015-08-11T09:24:10.000000Z,0.73291015625,0.73291015625,2.0
2015-08-11T09:24:20.000000Z,0.73291015625,0.73291015625,2.0
2015-08-11T09:24:50.000000Z,0.73291015625,0.73291015625,1.0
2015-08-11T09:25:00.000000Z,0.73291015625,0.732421875,2.0
2015-08-11T09:25:10.000000Z,0.73291015625,0.732421875,4.0
2015-08-11T09:25:20.000000Z,0.73291015625,0.73291015625,2.0
2015-08-11T09:25:30.000000Z,0.73291015625,0.73291015625,2.0
2015-08-11T09:25:40.000000Z,0.73291015625,0.732421875,1.0
2015-08-11T09:25:50.000000Z,0.73291015625,0.73291015625,1.0
2015-08-11T09:26:00.000000Z,0.73291015625,0.73291015625,1.0
2015-08-11T09:26:10.000000Z,0.73291015625,0.73291015625,1.0
2015-08-11T09:26:30.000000Z,0.73291015625,0.73291015625,3.0
2015-08-11T09:26:40.000000Z,0.73291015625,0.73291015625,1.0
2015-08-11T09:27:00.000000Z,0.73291015625,0.73291015625,1.0
2015-08-11T09:27:10.000000Z,0.73291015625,0.73291015625,1.0
2015-08-11T09:27:20.000000Z,0.73291015625,0.73291015625,4.0
2015-08-11T09:27:40.000000Z,0.73291015625,0.73291015625,1.0
2015-08-11T09:27:50.000000Z,0.73291015625,0.73291015625,1.0
2015-08-11T09:28:00.000000Z,0.73291015625,0.73291015625,1.0
2015-08-11T09:28:10.000000Z,0.73291015625,0.73291015625,2.0
2015-08-11T09:28:20.000000Z,0.73291015625,0.73291015625,4.0
2015-08-11T09:28:30.000000Z,0.73291015625,0.73291015625,2.0
2015-08-11T09:28:40.000000Z,0.73291015625,0.73291015625,2.0
2015-08-11T09:29:00.000000Z,0.73291015625,0.73291015625,2.0
2015-08-11T09:29:20.000000Z,0.73291015625,0.732421875,3.0
2015-08-11T09:29:30.000000Z,0.73291015625,0.73291015625,4.0
2015-08-11T09:29:40.000000Z,0.73291015625,0.73291015625,5.0
2015-08-11T09:29:50.000000Z,0.73291015625,0.73291015625,2.0
2015-08-11T09:30:20.000000Z,0.73291015625,0.73291015625,2.0
2015-08-11T09:30:30.000000Z,0.73291015625,0.73291015625,3.0
2015-08-11T09:30:40.000000Z,0.73291015625,0.73291015625,3.0
2015-08-11T09:31:00.000000Z,0.73291015625,0.73291015625,1.0
2015-08-11T09:31:10.000000Z,0.73291015625,0.73291015625,1.0
2015-08-11T09:31:20.000000Z,0.73291015625,0.732421875,3.0
2015-08-11T09:31:30.000000Z,0.73291015625,0.732421875,4.0
2015-08-11T09:31:40.000000Z,0.73291015625,0.73291015625,1.0
2015-08-11T09:32:00.000000Z,0.73291015625,0.73291015625,5.0
2015-08-11T09:32:20.000000Z,0.73291015625,0.73291015625,1.0
2015-08-11T09:32:30.000000Z,0.73291015625,0.73291015625,4.0
2015-08-11T09:32:40.000000Z,0.73291015625,0.73291015625,4.0
2015-08-11T09:33:10.000000Z,0.73291015625,0.73291015625,1.0
2015-08-11T09:33:20.000000Z,0.73291015625,0.73291015625,3.0
2015-08-11T09:33:30.000000Z,0.73291015625,0.73291015625,3.0
2015-08-11T09:33:40.000000Z,0.73291015625,0.73291015625,3.0
2015-08-11T09:33:50.000000Z,0.73291015625,0.73291015625,3.0
2015-08-11T09:34:00.000000Z,0.73291015625,0.73291015625,1.0
2015-08-11T09:34:50.000000Z,0.73291015625,0.73291015625,1.0
2015-08-11T09:35:30.000000Z,0.73291015625,0.73291015625,1.0
2015-08-11T09:35:50.000000Z,0.73291015625,0.73291015625,1.0
2015-08-11T09:36:30.000000Z,0.73291015625,0.73291015625,1.0
2015-08-11T09:36:40.000000Z,0.73291015625,0.73291015625,2.0
2015-08-11T09:36:50.000000Z,0.73291015625,0.73291015625,1.0
2015-08-11T09:37:00.000000Z,0.73291015625,0.73291015625,3.0
2015-08-11T09:37:10.000000Z,0.73291015625,0.73291015625,1.0
2015-08-11T09:37:30.000000Z,0.73291015625,0.732421875,1.0
2015-08-11T09:37:40.000000Z,0.73291015625,0.732421875,1.0
2015-08-11T09:38:00.000000Z,0.73291015625,0.732421875,1.0
2015-08-11T09:38:10.000000Z,0.73291015625,0.732421875,1.0
2015-08-11T09:38:20.000000Z,0.73291015625,0.732421875,1.0
2015-08-11T09:38:30.000000Z,0.732421875,0.732421875,3.0
2015-08-11T09:38:40.000000Z,0.732421875,0.732421875,2.0
2015-08-11T09:39:00.000000Z,0.73291015625,0.732421875,1.0
2015-08-11T09:39:20.000000Z,0.73291015625,0.732421875,1.0
2015-08-11T09:39:30.000000Z,0.73291015625,0.732421875,1.0
2015-08-11T09:39:40.000000Z,0.732421875,0.732421875,1.0
2015-08-11T09:39:50.000000Z,0.73291015625,0.732421875,1.0
2015-08-11T09:40:00.000000Z,0.732421875,0.732421875,2.0
2015-08-11T09:40:10.000000Z,0.73291015625,0.732421875,1.0
2015-08-11T09:40:20.000000Z,0.73291015625,0.732421875,4.0
2015-08-11T09:40:40.000000Z,0.73291015625,0.732421875,1.0
2015-08-11T09:40:50.000000Z,0.732421875,0.732421875,3.0
2015-08-11T09:41:00.000000Z,0.73291015625,0.732421875,1.0
2015-08-11T09:41:10.000000Z,0.73291015625,0.732421875,1.0
2015-08-11T09:41:20.000000Z,0.73291015625,0.732421875,2.0
2015-08-11T09:41:30.000000Z,0.73291015625,0.732421875,1.0
2015-08-11T09:41:50.000000Z,0.732421875,0.732421875,3.0
2015-08-11T09:42:00.000000Z,0.732421875,0.732421875,3.0
2015-08-11T09:42:20.000000Z,0.73291015625,0.732421875,1.0
2015-08-11T09:42:40.000000Z,0.732421875,0.732421875,2.0
2015-08-11T09:42:50.000000Z,0.732421875,0.732421875,1.0
2015-08-11T09:43:00.000000Z,0.732421875,0.732421875,2.0
2015-08-11T09:43:10.000000Z,0.732421875,0.732421875,6.0
2015-08-11T09:43:30.000000Z,0.732421875,0.732421875,1.0
2015-08-11T09:43:50.000000Z,0.732421875,0.732421875,1.0
2015-08-11T09:44:20.000000Z,0.732421875,0.732421875,2.0
2015-08-11T09:44:30.000000Z,0.732421875,0.732421875,4.0
2015-08-11T09:45:00.000000Z,0.732421875,0.732421875,1.0
2015-08-11T09:45:20.000000Z,0.732421875,0.732421875,1.0
2015-08-11T09:46:10.000000Z,0.732421875,0.732421875,3.0
2015-08-11T09:46:50.000000Z,0.732421875,0.732421875,3.0
2015-08-11T09:47:00.000000Z,0.73291015625,0.732421875,3.0
2015-08-11T09:47:10.000000Z,0.73291015625,0.732421875,1.0
2015-08-11T09:47:20.000000Z,0.73291015625,0.732421875,2.0
2015-08-11T09:47:30.000000Z,0.73291015625,0.732421875,1.0
2015-08-11T09:47:40.000000Z,0.73291015625,0.732421875,2.0
2015-08-11T09:47:50.000000Z,0.73291015625,0.732421875,2.0
2015-08-11T09:48:40.000000Z,0.73291015625,0.732421875,3.0
2015-08-11T09:48:50.000000Z,0.732421875,0.732421875,3.0
2015-08-11T09:49:00.000000Z,0.732421875,0.732421875,1.0
2015-08-11T09:49:20.000000Z,0.732421875,0.732421875,1.0
2015-08-11T09:49:30.000000Z,0.732421875,0.732421875,1.0
2015-08-11T09:49:50.000000Z,0.732421875,0.732421875,2.0
2015-08-11T09:50:00.000000Z,0.732421875,0.732421875,1.0
2015-08-11T09:50:30.000000Z,0.732421875,0.732421875,1.0
2015-08-11T09:51:00.000000Z,0.732421875,0.732421875,3.0
2015-08-11T09:51:30.000000Z,0.732421875,0.732421875,4.0
2015-08-11T09:51:40.000000Z,0.732421875,0.732421875,3.0
2015-08-11T09:51:50.000000Z,0.732421875,0.732421875,2.0
2015-08-11T09:52:00.000000Z,0.732421875,0.732421875,2.0
2015-08-11T09:52:10.000000Z,0.732421875,0.732421875,1.0
2015-08-11T09:52:30.000000Z,0.732421875,0.732421875,2.0
2015-08-11T09:52:40.000000Z,0.732421875,0.732421875,3.0
2015-08-11T09:52:50.000000Z,0.732421875,0.732421875,1.0
2015-08-11T09:53:00.000000Z,0.732421875,0.732421875,4.0
2015-08-11T09:53:10.000000Z,0.732421875,0.732421875,1.0
2015-08-11T09:53:20.000000Z,0.732421875,0.732421875,2.0
2015-08-11T09:53:30.000000Z,0.732421875,0.732421875,3.0
2015-08-11T09:53:50.000000Z,0.732421875,0.732421875,3.0
2015-08-11T09:54:10.000000Z,0.732421875,0.732421875,1.0
2015-08-11T09:54:40.000000Z,0.732421875,0.732421875,3.0
2015-08-11T09:54:50.000000Z,0.732421875,0.732421875,1.0
2015-08-11T09:55:00.000000Z,0.732421875,0.732421875,1.0
2015-08-11T09:55:10.000000Z,0.732421875,0.732421875,1.0
2015-08-11T09:55:20.000000Z,0.732421875,0.732421875,1.0
2015-08-11T09:55:30.000000Z,0.732421875,0.732421875,2.0
2015-08-11T09:55:40.000000Z,0.732421875,0.732421875,2.0
2015-08-11T09:56:10.000000Z,0.73291015625,0.732421875,1.0
2015-08-11T09:56:20.000000Z,0.73291015625,0.732421875,1.0
2015-08-11T09:56:40.000000Z,0.732421875,0.732421875,3.0
2015-08-11T09:56:50.000000Z,0.73291015625,0.732421875,3.0
2015-08-11T09:57:00.000000Z,0.73291015625,0.732421875,1.0
2015-08-11T09:57:10.000000Z,0.73291015625,0.73291015625,2.0
2015-08-11T09:57:20.000000Z,0.73291015625,0.732421875,3.0
2015-08-11T09:57:30.000000Z,0.73291015625,0.732421875,1.0
2015-08-11T09:57:40.000000Z,0.73291015625,0.73291015625,2.0
2015-08-11T09:57:50.000000Z,0.73291015625,0.73291015625,1.0
2015-08-11T09:58:10.000000Z,0.73291015625,0.73291015625,1.0
2015-08-11T09:58:20.000000Z,0.73291015625,0.73291015625,1.0
2015-08-11T09:58:30.000000Z,0.73291015625,0.73291015625,3.0
2015-08-11T09:58:40.000000Z,0.73291015625,0.73291015625,4.0
2015-08-11T09:58:50.000000Z,0.73291015625,0.73291015625,1.0
2015-08-11T09:59:00.000000Z,0.73291015625,0.73291015625,1.0
2015-08-11T09:59:10.000000Z,0.73291015625,0.73291015625,1.0
2015-08-11T09:59:20.000000Z,0.73291015625,0.73291015625,4.0
2015-08-11T10:00:10.000000Z,0.73291015625,0.73291015625,1.0
2015-08-11T10:00:20.000000Z,0.73291015625,0.73291015625,1.0
2015-08-11T10:00:30.000000Z,0.73291015625,0.732421875,2.0
2015-08-11T10:01:00.000000Z,0.73291015625,0.732421875,4.0
2015-08-11T10:01:10.000000Z,0.73291015625,0.732421875,2.0
2015-08-11T10:01:20.000000Z,0.73291015625,0.732421875,3.0
2015-08-11T10:01:30.000000Z,0.73291015625,0.732421875,3.0
2015-08-11T10:01:40.000000Z,0.73291015625,0.732421875,2.0
2015-08-11T10:02:20.000000Z,0.73291015625,0.732421875,1.0
2015-08-11T10:02:30.000000Z,0.73291015625,0.732421875,1.0
2015-08-11T10:02:50.000000Z,0.73291015625,0.73291015625,3.0
2015-08-11T10:03:00.000000Z,0.73291015625,0.73291015625,2.0
2015-08-11T10:03:10.000000Z,0.73291015625,0.732421875,2.0
2015-08-11T10:03:20.000000Z,0.73291015625,0.732421875,4.0
2015-08-11T10:03:40.000000Z,0.73291015625,0.732421875,1.0
2015-08-11T10:04:00.000000Z,0.73291015625,0.732421875,4.0
2015-08-11T10:04:20.000000Z,0.73291015625,0.732421875,2.0
2015-08-11T10:04:30.000000Z,0.73291015625,0.73291015625,1.0
2015-08-11T10:04:40.000000Z,0.73291015625,0.73291015625,1.0
2015-08-11T10:05:20.000000Z,0.73291015625,0.73291015625,1.0
2015-08-11T10:05:30.000000Z,0.73291015625,0.732421875,1.0
2015-08-11T10:05:40.000000Z,0.73291015625,0.732421875,1.0
2015-08-11T10:05:50.000000Z,0.73291015625,0.732421875,2.0
2015-08-11T10:06:00.000000Z,0.73291015625,0.732421875,2.0
2015-08-11T10:06:10.000000Z,0.73291015625,0.73291015625,3.0
2015-08-11T10:06:20.000000Z,0.73291015625,0.73291015625,4.0
2015-08-11T10:06:40.000000Z,0.73291015625,0.73291015625,6.0
2015-08-11T10:06:50.000000Z,0.73291015625,0.73291015625,6.0
2015-08-11T10:07:00.000000Z,0.73291015625,0.73291015625,1.0
2015-08-11T10:07:20.000000Z,0.73291015625,0.73291015625,5.0
2015-08-11T10:07:30.000000Z,0.73291015625,0.732421875,4.0
2015-08-11T10:07:40.000000Z,0.73291015625,0.73291015625,2.0
2015-08-11T10:07:50.000000Z,0.732421875,0.732421875,5.0
2015-08-11T10:08:10.000000Z,0.73291015625,0.732421875,2.0
2015-08-11T10:08:40.000000Z,0.73291015625,0.73291015625,4.0
2015-08-11T10:09:00.000000Z,0.73291015625,0.73291015625,1.0
2015-08-11T10:09:10.000000Z,0.73291015625,0.73291015625,1.0
2015-08-11T10:09:20.000000Z,0.73291015625,0.73291015625,1.0
2015-08-11T10:09:30.000000Z,0.73291015625,0.73291015625,5.0
2015-08-11T10:10:00.000000Z,0.73291015625,0.73291015625,2.0
2015-08-11T10:10:10.000000Z,0.73291015625,0.73291015625,1.0
2015-08-11T10:10:20.000000Z,0.73291015625,0.73291015625,1.0
2015-08-11T10:10:50.000000Z,0.73291015625,0.73291015625,2.0
2015-08-11T10:11:00.000000Z,0.73291015625,0.73291015625,1.0
2015-08-11T10:11:10.000000Z,0.73291015625,0.73291015625,2.0
2015-08-11T10:11:20.000000Z,0.73291015625,0.73291015625,2.0
2015-08-11T10:11:40.000000Z,0.73291015625,0.73291015625,4.0
2015-08-11T10:12:00.000000Z,0.73291015625,0.73291015625,6.0
2015-08-11T10:12:10.000000Z,0.73291015625,0.73291015625,2.0
2015-08-11T10:12:20.000000Z,0.73291015625,0.73291015625,1.0
2015-08-11T10:12:30.000000Z,0.73291015625,0.73291015625,4.0
2015-08-11T10:13:10.000000Z,0.73291015625,0.73291015625,1.0
2015-08-11T10:13:20.000000Z,0.73291015625,0.73291015625,1.0
2015-08-11T10:13:30.000000Z,0.73291015625,0.73291015625,1.0
2015-08-11T10:13:50.000000Z,0.73291015625,0.73291015625,2.0
2015-08-11T10:14:00.000000Z,0.73291015625,0.73291015625,4.0
2015-08-11T10:14:10.000000Z,0.7333984375,0.73291015625,1.0
2015-08-11T10:14:20.000000Z,0.7333984375,0.73291015625,4.0
2015-08-11T10:14:50.000000Z,0.7333984375,0.73291015625,10.0
2015-08-11T10:15:00.000000Z,0.73291015625,0.73291015625,5.0
2015-08-11T10:15:10.000000Z,0.7333984375,0.73291015625,3.0
2015-08-11T10:15:20.000000Z,0.73291015625,0.73291015625,1.0
2015-08-11T10:15:30.000000Z,0.73291015625,0.73291015625,2.0
2015-08-11T10:15:40.000000Z,0.73291015625,0.73291015625,2.0
2015-08-11T10:15:50.000000Z,0.73291015625,0.73291015625,1.0
2015-08-11T10:16:00.000000Z,0.73291015625,0.73291015625,3.0
2015-08-11T10:16:10.000000Z,0.73291015625,0.73291015625,7.0
2015-08-11T10:16:20.000000Z,0.73291015625,0.73291015625,1.0
2015-08-11T10:16:40.000000Z,0.73291015625,0.73291015625,3.0
2015-08-11T10:16:50.000000Z,0.73291015625,0.73291015625,2.0
2015-08-11T10:17:10.000000Z,0.73291015625,0.73291015625,3.0
2015-08-11T10:17:30.000000Z,0.73291015625,0.73291015625,2.0
2015-08-11T10:17:40.000000Z,0.73291015625,0.732421875,7.0
2015-08-11T10:17:50.000000Z,0.73291015625,0.732421875,3.0
2015-08-11T10:18:00.000000Z,0.732421875,0.732421875,4.0
2015-08-11T10:18:10.000000Z,0.732421875,0.732421875,1.0
2015-08-11T10:18:20.000000Z,0.732421875,0.732421875,1.0
2015-08-11T10:18:40.000000Z,0.732421875,0.732421875,2.0
2015-08-11T10:18:50.000000Z,0.732421875,0.732421875,2.0
2015-08-11T10:19:00.000000Z,0.732421875,0.732421875,5.0
2015-08-11T10:19:10.000000Z,0.73291015625,0.732421875,3.0
2015-08-11T10:19:20.000000Z,0.73291015625,0.732421875,6.0
2015-08-11T10:19:30.000000Z,0.732421875,0.732421875,2.0
2015-08-11T10:19:40.000000Z,0.732421875,0.732421875,1.0
2015-08-11T10:19:50.000000Z,0.732421875,0.732421875,2.0
2015-08-11T10:20:00.000000Z,0.732421875,0.732421875,1.0
2015-08-11T10:20:50.000000Z,0.732421875,0.732421875,3.0
2015-08-11T10:21:00.000000Z,0.732421875,0.732421875,1.0
2015-08-11T10:21:30.000000Z,0.732421875,0.732421875,2.0
2015-08-11T10:21:40.000000Z,0.732421875,0.732421875,5.0
2015-08-11T10:22:00.000000Z,0.732421875,0.732421875,5.0
2015-08-11T10:22:10.000000Z,0.732421875,0.732421875,1.0
2015-08-11T10:22:30.000000Z,0.732421875,0.732421875,1.0
2015-08-11T10:22:40.000000Z,0.732421875,0.732421875,4.0
2015-08-11T10:23:00.000000Z,0.732421875,0.732421875,2.0
2015-08-11T10:23:10.000000Z,0.732421875,0.732421875,2.0
2015-08-11T10:23:30.000000Z,0.732421875,0.732421875,3.0
2015-08-11T10:23:50.000000Z,0.73291015625,0.732421875,3.0
2015-08-11T10:24:00.000000Z,0.732421875,0.732421875,5.0
2015-08-11T10:24:10.000000Z,0.73291015625,0.732421875,3.0
2015-08-11T10:24:20.000000Z,0.73291015625,0.732421875,2.0
2015-08-11T10:24:30.000000Z,0.73291015625,0.732421875,1.0
2015-08-11T10:24:50.000000Z,0.732421875,0.732421875,7.0
2015-08-11T10:25:00.000000Z,0.732421875,0.732421875,3.0
2015-08-11T10:25:10.000000Z,0.732421875,0.732421875,1.0
2015-08-11T10:25:30.000000Z,0.732421875,0.732421875,2.0
2015-08-11T10:25:40.000000Z,0.732421875,0.732421875,2.0
2015-08-11T10:25:50.000000Z,0.732421875,0.732421875,1.0
2015-08-11T10:26:10.000000Z,0.732421875,0.732421875,1.0
2015-08-11T10:26:20.000000Z,0.732421875,0.732421875,1.0
2015-08-11T10:26:50.000000Z,0.732421875,0.732421875,1.0
2015-08-11T10:27:20.000000Z,0.732421875,0.732421875,2.0
2015-08-11T10:27:40.000000Z,0.732421875,0.732421875,1.0
2015-08-11T10:28:10.000000Z,0.732421875,0.732421875,3.0
2015-08-11T10:28:30.000000Z,0.732421875,0.732421875,1.0
2015-08-11T10:28:40.000000Z,0.732421875,0.732421875,1.0
2015-08-11T10:29:30.000000Z,0.732421875,0.732421875,1.0
2015-08-11T10:30:20.000000Z,0.732421875,0.732421875,1.0
2015-08-11T10:30:30.000000Z,0.732421875,0.732421875,1.0
2015-08-11T10:30:40.000000Z,0.732421875,0.732421875,2.0
2015-08-11T10:30:50.000000Z,0.732421875,0.732421875,2.0
2015-08-11T10:31:00.000000Z,0.73291015625,0.732421875,2.0
2015-08-11T10:31:20.000000Z,0.732421875,0.732421875,2.0
2015-08-11T10:31:30.000000Z,0.732421875,0.732421875,2.0
2015-08-11T10:31:40.000000Z,0.732421875,0.732421875,2.0
2015-08-11T10:31:50.000000Z,0.732421875,0.732421875,1.0
2015-08-11T10:32:10.000000Z,0.73291015625,0.732421875,1.0
2015-08-11T10:32:30.000000Z,0.732421875,0.732421875,4.0
2015-08-11T10:33:10.000000Z,0.732421875,0.732421875,1.0
2015-08-11T10:33:20.000000Z,0.732421875,0.732421875,1.0
2015-08-11T10:33:30.000000Z,0.732421875,0.732421875,3.0
2015-08-11T10:34:10.000000Z,0.732421875,0.732421875,1.0
2015-08-11T10:34:20.000000Z,0.732421875,0.732421875,3.0
2015-08-11T10:34:50.000000Z,0.732421875,0.732421875,1.0
2015-08-11T10:35:00.000000Z,0.732421875,0.732421875,2.0
2015-08-11T10:35:10.000000Z,0.732421875,0.732421875,3.0
2015-08-11T10:35:20.000000Z,0.732421875,0.732421875,1.0
2015-08-11T10:35:40.000000Z,0.732421875,0.732421875,2.0
2015-08-11T10:36:00.000000Z,0.732421875,0.732421875,4.0
2015-08-11T10:36:10.000000Z,0.732421875,0.732421875,3.0
2015-08-11T10:36:20.000000Z,0.732421875,0.732421875,2.0
2015-08-11T10:36:30.000000Z,0.732421875,0.732421875,2.0
2015-08-11T10:36:40.000000Z,0.732421875,0.732421875,1.0
2015-08-11T10:36:50.000000Z,0.732421875,0.732421875,3.0
2015-08-11T10:37:00.000000Z,0.732421875,0.732421875,4.0
2015-08-11T10:37:10.000000Z,0.732421875,0.732421875,2.0
2015-08-11T10:37:20.000000Z,0.732421875,0.732421875,1.0
2015-08-11T10:37:30.000000Z,0.732421875,0.732421875,2.0
2015-08-11T10:37:40.000000Z,0.732421875,0.732421875,2.0
2015-08-11T10:37:50.000000Z,0.732421875,0.732421875,1.0
2015-08-11T10:38:10.000000Z,0.732421875,0.732421875,1.0
2015-08-11T10:38:30.000000Z,0.732421875,0.732421875,4.0
2015-08-11T10:38:50.000000Z,0.732421875,0.732421875,2.0
2015-08-11T10:39:00.000000Z,0.732421875,0.732421875,1.0
2015-08-11T10:39:10.000000Z,0.732421875,0.732421875,1.0
2015-08-11T10:39:40.000000Z,0.732421875,0.732421875,1.0
2015-08-11T10:39:50.000000Z,0.732421875,0.732421875,5.0
2015-08-11T10:40:00.000000Z,0.732421875,0.732421875,1.0
2015-08-11T10:40:10.000000Z,0.732421875,0.732421875,1.0
2015-08-11T10:40:20.000000Z,0.732421875,0.732421875,1.0
2015-08-11T10:41:00.000000Z,0.732421875,0.73193359375,3.0
2015-08-11T10:41:50.000000Z,0.732421875,0.732421875,1.0
2015-08-11T10:42:00.000000Z,0.73193359375,0.73193359375,5.0
2015-08-11T10:42:20.000000Z,0.73193359375,0.73193359375,1.0
2015-08-11T10:43:00.000000Z,0.73193359375,0.73193359375,3.0
2015-08-11T10:43:10.000000Z,0.73193359375,0.73193359375,3.0
2015-08-11T10:43:30.000000Z,0.73193359375,0.73193359375,2.0
2015-08-11T10:43:40.000000Z,0.73193359375,0.73193359375,9.0
2015-08-11T10:43:50.000000Z,0.73193359375,0.73193359375,3.0
2015-08-11T10:44:00.000000Z,0.73193359375,0.73193359375,5.0
2015-08-11T10:44:20.000000Z,0.73193359375,0.7314453125,2.0
2015-08-11T10:44:30.000000Z,0.7314453125,0.7314453125,7.0
2015-08-11T10:44:40.000000Z,0.73193359375,0.7314453125,3.0
2015-08-11T10:44:50.000000Z,0.73193359375,0.7314453125,3.0
2015-08-11T10:45:00.000000Z,0.73193359375,0.7314453125,1.0
2015-08-11T10:45:10.000000Z,0.73193359375,0.7314453125,1.0
2015-08-11T10:45:20.000000Z,0.73193359375,0.7314453125,1.0
2015-08-11T10:45:30.000000Z,0.7314453125,0.7314453125,4.0
2015-08-11T10:45:40.000000Z,0.7314453125,0.7314453125,1.0
2015-08-11T10:45:50.000000Z,0.7314453125,0.7314453125,2.0
2015-08-11T10:46:00.000000Z,0.7314453125,0.7314453125,4.0
2015-08-11T10:46:10.000000Z,0.7314453125,0.7314453125,5.0
2015-08-11T10:46:20.000000Z,0.7314453125,0.7314453125,2.0
2015-08-11T10:46:40.000000Z,0.7314453125,0.7314453125,3.0
2015-08-11T10:46:50.000000Z,0.7314453125,0.7314453125,6.0
2015-08-11T10:47:10.000000Z,0.7314453125,0.7314453125,4.0
2015-08-11T10:47:20.000000Z,0.7314453125,0.7314453125,3.0
2015-08-11T10:47:40.000000Z,0.7314453125,0.7314453125,2.0
2015-08-11T10:47:50.000000Z,0.73193359375,0.7314453125,2.0
2015-08-11T10:48:10.000000Z,0.73193359375,0.7314453125,2.0
2015-08-11T10:48:20.000000Z,0.73193359375,0.7314453125,1.0
2015-08-11T10:48:30.000000Z,0.73193359375,0.7314453125,1.0
2015-08-11T10:48:40.000000Z,0.73193359375,0.73193359375,2.0
2015-08-11T10:49:00.000000Z,0.73193359375,0.7314453125,2.0
2015-08-11T10:49:10.000000Z,0.73193359375,0.7314453125,4.0
2015-08-11T10:49:20.000000Z,0.73193359375,0.73193359375,1.0
2015-08-11T10:49:30.000000Z,0.73193359375,0.73193359375,1.0
2015-08-11T10:49:50.000000Z,0.73193359375,0.7314453125,1.0
2015-08-11T10:50:10.000000Z,0.73193359375,0.73193359375,3.0
2015-08-11T10:50:20.000000Z,0.73193359375,0.7314453125,1.0
2015-08-11T10:50:30.000000Z,0.73193359375,0.73193359375,2.0
2015-08-11T10:50:40.000000Z,0.73193359375,0.73193359375,1.0
2015-08-11T10:51:00.000000Z,0.73193359375,0.7314453125,1.0
2015-08-11T10:51:30.000000Z,0.73193359375,0.7314453125,3.0
2015-08-11T10:51:40.000000Z,0.7314453125,0.7314453125,4.0
2015-08-11T10:51:50.000000Z,0.7314453125,0.7314453125,2.0
2015-08-11T10:52:10.000000Z,0.7314453125,0.7314453125,2.0
2015-08-11T10:52:30.000000Z,0.7314453125,0.7314453125,3.0
2015-08-11T10:52:40.000000Z,0.7314453125,0.7314453125,1.0
2015-08-11T10:52:50.000000Z,0.73193359375,0.7314453125,3.0
2015-08-11T10:53:10.000000Z,0.7314453125,0.7314453125,2.0
2015-08-11T10:53:20.000000Z,0.7314453125,0.7314453125,1.0
2015-08-11T10:53:40.000000Z,0.73193359375,0.7314453125,3.0
2015-08-11T10:54:30.000000Z,0.73193359375,0.73193359375,2.0
2015-08-11T10:54:40.000000Z,0.73193359375,0.7314453125,2.0
2015-08-11T10:55:00.000000Z,0.73193359375,0.73193359375,5.0
2015-08-11T10:55:10.000000Z,0.73193359375,0.7314453125,3.0
2015-08-11T10:55:20.000000Z,0.73193359375,0.7314453125,1.0
2015-08-11T10:55:30.000000Z,0.73193359375,0.73193359375,1.0
2015-08-11T10:55:50.000000Z,0.73193359375,0.7314453125,4.0
2015-08-11T10:56:00.000000Z,0.73193359375,0.7314453125,1.0
2015-08-11T10:56:20.000000Z,0.73193359375,0.7314453125,2.0
2015-08-11T10:56:40.000000Z,0.73193359375,0.7314453125,3.0
2015-08-11T10:57:00.000000Z,0.73193359375,0.7314453125,3.0
2015-08-11T10:57:10.000000Z,0.73193359375,0.7314453125,1.0
2015-08-11T10:57:30.000000Z,0.73193359375,0.7314453125,3.0
2015-08-11T10:57:40.000000Z,0.7314453125,0.7314453125,6.0
2015-08-11T10:57:50.000000Z,0.7314453125,0.7314453125,2.0
2015-08-11T10:58:00.000000Z,0.73193359375,0.7314453125,1.0
2015-08-11T10:58:10.000000Z,0.7314453125,0.7314453125,2.0
2015-08-11T10:58:20.000000Z,0.73193359375,0.7314453125,4.0
2015-08-11T10:58:30.000000Z,0.73193359375,0.7314453125,2.0
2015-08-11T10:58:40.000000Z,0.73193359375,0.7314453125,5.0
2015-08-11T10:59:00.000000Z,0.73193359375,0.7314453125,1.0
2015-08-11T10:59:10.000000Z,0.73193359375,0.7314453125,1.0
2015-08-11T10:59:20.000000Z,0.73193359375,0.7314453125,4.0
2015-08-11T10:59:30.000000Z,0.73193359375,0.73193359375,3.0
2015-08-11T10:59:40.000000Z,0.73193359375,0.73193359375,3.0
2015-08-11T10:59:50.000000Z,0.73193359375,0.73193359375,1.0
2015-08-11T11:00:00.000000Z,0.73193359375,0.73193359375,1.0
2015-08-11T11:00:10.000000Z,0.73193359375,0.7314453125,4.0
2015-08-11T11:00:30.000000Z,0.73193359375,0.73193359375,6.0
2015-08-11T11:00:50.000000Z,0.73193359375,0.73193359375,5.0
2015-08-11T11:01:00.000000Z,0.73193359375,0.73193359375,1.0
2015-08-11T11:01:10.000000Z,0.73193359375,0.73193359375,1.0
2015-08-11T11:01:20.000000Z,0.73193359375,0.73193359375,2.0
2015-08-11T11:02:00.000000Z,0.732421875,0.73193359375,3.0
2015-08-11T11:02:10.000000Z,0.732421875,0.73193359375,1.0
2015-08-11T11:02:20.000000Z,0.73193359375,0.73193359375,3.0
2015-08-11T11:02:30.000000Z,0.732421875,0.73193359375,3.0
2015-08-11T11:03:00.000000Z,0.732421875,0.73193359375,1.0
2015-08-11T11:03:10.000000Z,0.732421875,0.73193359375,2.0
2015-08-11T11:03:20.000000Z,0.732421875,0.73193359375,1.0
2015-08-11T11:03:30.000000Z,0.732421875,0.73193359375,2.0
2015-08-11T11:03:40.000000Z,0.73193359375,0.73193359375,2.0
2015-08-11T11:03:50.000000Z,0.73193359375,0.73193359375,4.0
2015-08-11T11:04:00.000000Z,0.73193359375,0.73193359375,2.0
2015-08-11T11:04:10.000000Z,0.73193359375,0.73193359375,2.0
2015-08-11T11:04:30.000000Z,0.73193359375,0.73193359375,1.0
2015-08-11T11:04:40.000000Z,0.73193359375,0.73193359375,2.0
2015-08-11T11:05:00.000000Z,0.73193359375,0.73193359375,4.0
2015-08-11T11:05:10.000000Z,0.73193359375,0.73193359375,7.0
2015-08-11T11:05:20.000000Z,0.73193359375,0.73193359375,3.0
2015-08-11T11:05:30.000000Z,0.73193359375,0.73193359375,1.0
2015-08-11T11:05:50.000000Z,0.732421875,0.73193359375,1.0
2015-08-11T11:06:00.000000Z,0.732421875,0.73193359375,2.0
2015-08-11T11:06:20.000000Z,0.732421875,0.73193359375,4.0
2015-08-11T11:06:30.000000Z,0.732421875,0.73193359375,1.0
2015-08-11T11:06:40.000000Z,0.732421875,0.73193359375,1.0
2015-08-11T11:07:00.000000Z,0.732421875,0.73193359375,1.0
2015-08-11T11:07:10.000000Z,0.732421875,0.73193359375,1.0
2015-08-11T11:07:20.000000Z,0.732421875,0.732421875,3.0
2015-08-11T11:07:30.000000Z,0.732421875,0.732421875,3.0
2015-08-11T11:07:40.000000Z,0.732421875,0.732421875,3.0
2015-08-11T11:07:50.000000Z,0.732421875,0.732421875,4.0
2015-08-11T11:08:00.000000Z,0.732421875,0.73193359375,3.0
2015-08-11T11:08:10.000000Z,0.732421875,0.73193359375,4.0
2015-08-11T11:08:20.000000Z,0.732421875,0.73193359375,3.0
2015-08-11T11:08:30.000000Z,0.732421875,0.73193359375,1.0
2015-08-11T11:08:50.000000Z,0.732421875,0.73193359375,4.0
2015-08-11T11:09:00.000000Z,0.732421875,0.73193359375,1.0
2015-08-11T11:09:10.000000Z,0.732421875,0.73193359375,1.0
2015-08-11T11:09:50.000000Z,0.732421875,0.73193359375,2.0
2015-08-11T11:10:00.000000Z,0.732421875,0.73193359375,1.0
2015-08-11T11:10:20.000000Z,0.732421875,0.73193359375,2.0
2015-08-11T11:10:40.000000Z,0.732421875,0.73193359375,1.0
2015-08-11T11:10:50.000000Z,0.732421875,0.73193359375,1.0
2015-08-11T11:11:00.000000Z,0.732421875,0.73193359375,2.0
2015-08-11T11:11:10.000000Z,0.732421875,0.73193359375,2.0
2015-08-11T11:11:30.000000Z,0.732421875,0.73193359375,1.0
2015-08-11T11:11:40.000000Z,0.732421875,0.73193359375,1.0
2015-08-11T11:12:20.000000Z,0.732421875,0.732421875,3.0
2015-08-11T11:12:30.000000Z,0.732421875,0.73193359375,1.0
2015-08-11T11:13:10.000000Z,0.732421875,0.732421875,5.0
2015-08-11T11:13:20.000000Z,0.732421875,0.73193359375,2.0
2015-08-11T11:13:40.000000Z,0.732421875,0.73193359375,1.0
2015-08-11T11:13:50.000000Z,0.732421875,0.73193359375,1.0
2015-08-11T11:14:20.000000Z,0.732421875,0.732421875,3.0
2015-08-11T11:14:30.000000Z,0.732421875,0.73193359375,4.0
2015-08-11T11:14:40.000000Z,0.732421875,0.73193359375,1.0
2015-08-11T11:14:50.000000Z,0.732421875,0.73193359375,1.0
2015-08-11T11:15:10.000000Z,0.73193359375,0.73193359375,3.0
2015-08-11T11:15:20.000000Z,0.732421875,0.73193359375,3.0
2015-08-11T11:15:30.000000Z,0.732421875,0.73193359375,2.0
2015-08-11T11:16:20.000000Z,0.732421875,0.73193359375,3.0
2015-08-11T11:16:30.000000Z,0.732421875,0.73193359375,1.0
2015-08-11T11:16:50.000000Z,0.732421875,0.73193359375,1.0
2015-08-11T11:17:10.000000Z,0.732421875,0.73193359375,1.0
2015-08-11T11:17:20.000000Z,0.73193359375,0.73193359375,3.0
2015-08-11T11:17:40.000000Z,0.73193359375,0.73193359375,2.0
2015-08-11T11:18:00.000000Z,0.732421875,0.73193359375,2.0
2015-08-11T11:18:20.000000Z,0.73193359375,0.73193359375,4.0
2015-08-11T11:18:30.000000Z,0.73193359375,0.73193359375,2.0
2015-08-11T11:18:40.000000Z,0.73193359375,0.73193359375,2.0
2015-08-11T11:18:50.000000Z,0.732421875,0.73193359375,1.0
2015-08-11T11:19:00.000000Z,0.73193359375,0.73193359375,1.0
2015-08-11T11:19:20.000000Z,0.732421875,0.73193359375,2.0
2015-08-11T11:19:30.000000Z,0.732421875,0.73193359375,1.0
2015-08-11T11:19:40.000000Z,0.732421875,0.73193359375,2.0
2015-08-11T11:20:00.000000Z,0.732421875,0.73193359375,2.0
2015-08-11T11:20:20.000000Z,0.73193359375,0.73193359375,3.0
2015-08-11T11:20:30.000000Z,0.73193359375,0.73193359375,2.0
2015-08-11T11:20:40.000000Z,0.73193359375,0.73193359375,3.0
2015-08-11T11:20:50.000000Z,0.73193359375,0.73193359375,2.0
2015-08-11T11:21:00.000000Z,0.73193359375,0.73193359375,3.0
2015-08-11T11:21:50.000000Z,0.73193359375,0.73193359375,3.0
2015-08-11T11:22:00.000000Z,0.73193359375,0.73193359375,1.0
2015-08-11T11:22:20.000000Z,0.73193359375,0.73193359375,2.0
2015-08-11T11:22:50.000000Z,0.73193359375,0.7314453125,3.0
2015-08-11T11:23:00.000000Z,0.73193359375,0.7314453125,2.0
2015-08-11T11:23:10.000000Z,0.73193359375,0.73193359375,3.0
2015-08-11T11:23:20.000000Z,0.73193359375,0.73193359375,2.0
2015-08-11T11:23:50.000000Z,0.73193359375,0.73193359375,2.0
2015-08-11T11:24:00.000000Z,0.73193359375,0.7314453125,1.0
2015-08-11T11:24:20.000000Z,0.73193359375,0.73193359375,3.0
2015-08-11T11:24:30.000000Z,0.73193359375,0.7314453125,2.0
2015-08-11T11:24:40.000000Z,0.73193359375,0.7314453125,2.0
2015-08-11T11:25:00.000000Z,0.73193359375,0.73193359375,1.0
2015-08-11T11:25:10.000000Z,0.73193359375,0.73193359375,2.0
2015-08-11T11:25:20.000000Z,0.73193359375,0.73193359375,1.0
2015-08-11T11:25:30.000000Z,0.73193359375,0.73193359375,1.0
2015-08-11T11:25:50.000000Z,0.73193359375,0.73193359375,2.0
2015-08-11T11:26:00.000000Z,0.73193359375,0.73193359375,3.0
2015-08-11T11:26:10.000000Z,0.73193359375,0.73193359375,2.0
2015-08-11T11:26:20.000000Z,0.73193359375,0.73193359375,3.0
2015-08-11T11:26:30.000000Z,0.73193359375,0.73193359375,2.0
2015-08-11T11:26:40.000000Z,0.73193359375,0.73193359375,3.0
2015-08-11T11:27:30.000000Z,0.73193359375,0.73193359375,1.0
2015-08-11T11:27:40.000000Z,0.73193359375,0.73193359375,2.0
2015-08-11T11:27:50.000000Z,0.73193359375,0.73193359375,2.0
2015-08-11T11:28:00.000000Z,0.73193359375,0.73193359375,2.0
2015-08-11T11:28:10.000000Z,0.73193359375,0.73193359375,1.0
2015-08-11T11:28:40.000000Z,0.732421875,0.73193359375,1.0
2015-08-11T11:28:50.000000Z,0.73193359375,0.73193359375,1.0
2015-08-11T11:29:00.000000Z,0.732421875,0.73193359375,1.0
2015-08-11T11:29:10.000000Z,0.732421875,0.73193359375,2.0
2015-08-11T11:29:20.000000Z,0.73193359375,0.73193359375,2.0
2015-08-11T11:29:50.000000Z,0.732421875,0.73193359375,3.0
2015-08-11T11:30:00.000000Z,0.732421875,0.73193359375,2.0
2015-08-11T11:31:10.000000Z,0.732421875,0.73193359375,2.0
2015-08-11T11:31:30.000000Z,0.732421875,0.73193359375,2.0
2015-08-11T11:31:40.000000Z,0.732421875,0.73193359375,5.0
2015-08-11T11:31:50.000000Z,0.732421875,0.73193359375,1.0
2015-08-11T11:32:00.000000Z,0.732421875,0.73193359375,2.0
2015-08-11T11:32:20.000000Z,0.732421875,0.73193359375,1.0
2015-08-11T11:32:30.000000Z,0.732421875,0.73193359375,2.0
2015-08-11T11:32:40.000000Z,0.732421875,0.73193359375,2.0
2015-08-11T11:32:50.000000Z,0.732421875,0.73193359375,1.0
2015-08-11T11:33:00.000000Z,0.732421875,0.73193359375,3.0
2015-08-11T11:33:10.000000Z,0.732421875,0.73193359375,1.0
2015-08-11T11:33:20.000000Z,0.732421875,0.73193359375,1.0
2015-08-11T11:33:40.000000Z,0.732421875,0.732421875,2.0
2015-08-11T11:33:50.000000Z,0.732421875,0.732421875,2.0
2015-08-11T11:34:00.000000Z,0.732421875,0.73193359375,7.0
2015-08-11T11:34:10.000000Z,0.732421875,0.732421875,2.0
2015-08-11T11:34:20.000000Z,0.732421875,0.732421875,2.0
2015-08-11T11:34:40.000000Z,0.732421875,0.732421875,1.0
2015-08-11T11:34:50.000000Z,0.732421875,0.732421875,1.0
2015-08-11T11:35:00.000000Z,0.732421875,0.732421875,4.0
2015-08-11T11:35:20.000000Z,0.732421875,0.732421875,3.0
2015-08-11T11:35:30.000000Z,0.732421875,0.732421875,2.0
2015-08-11T11:35:40.000000Z,0.732421875,0.73193359375,2.0
2015-08-11T11:36:00.000000Z,0.732421875,0.732421875,3.0
2015-08-11T11:36:10.000000Z,0.732421875,0.732421875,5.0
2015-08-11T11:36:20.000000Z,0.732421875,0.732421875,3.0
2015-08-11T11:36:50.000000Z,0.732421875,0.732421875,2.0
2015-08-11T11:37:00.000000Z,0.732421875,0.732421875,6.0
2015-08-11T11:37:10.000000Z,0.732421875,0.732421875,5.0
2015-08-11T11:37:20.000000Z,0.732421875,0.732421875,2.0
2015-08-11T11:37:30.000000Z,0.732421875,0.732421875,3.0
2015-08-11T11:37:40.000000Z,0.732421875,0.732421875,3.0
2015-08-11T11:37:50.000000Z,0.732421875,0.732421875,2.0
2015-08-11T11:38:00.000000Z,0.732421875,0.732421875,5.0
2015-08-11T11:38:10.000000Z,0.732421875,0.732421875,4.0
2015-08-11T11:38:20.000000Z,0.732421875,0.732421875,6.0
2015-08-11T11:38:40.000000Z,0.732421875,0.732421875,4.0
2015-08-11T11:38:50.000000Z,0.732421875,0.732421875,6.0
2015-08-11T11:39:00.000000Z,0.732421875,0.732421875,2.0
2015-08-11T11:39:10.000000Z,0.732421875,0.732421875,1.0
2015-08-11T11:39:20.000000Z,0.732421875,0.732421875,1.0
2015-08-11T11:39:30.000000Z,0.732421875,0.732421875,1.0
2015-08-11T11:39:40.000000Z,0.732421875,0.732421875,1.0
2015-08-11T11:39:50.000000Z,0.732421875,0.732421875,4.0
2015-08-11T11:40:00.000000Z,0.732421875,0.732421875,1.0
2015-08-11T11:40:10.000000Z,0.73291015625,0.732421875,2.0
2015-08-11T11:40:20.000000Z,0.73291015625,0.732421875,3.0
2015-08-11T11:40:30.000000Z,0.73291015625,0.732421875,7.0
2015-08-11T11:40:40.000000Z,0.73291015625,0.73291015625,1.0
2015-08-11T11:41:00.000000Z,0.73291015625,0.732421875,6.0
2015-08-11T11:41:10.000000Z,0.73291015625,0.732421875,2.0
2015-08-11T11:41:20.000000Z,0.732421875,0.732421875,3.0
2015-08-11T11:41:30.000000Z,0.732421875,0.732421875,2.0
2015-08-11T11:41:50.000000Z,0.732421875,0.732421875,1.0
2015-08-11T11:42:00.000000Z,0.732421875,0.732421875,1.0
2015-08-11T11:42:10.000000Z,0.73291015625,0.732421875,1.0
2015-08-11T11:42:20.000000Z,0.73291015625,0.732421875,1.0
2015-08-11T11:42:40.000000Z,0.73291015625,0.732421875,3.0
2015-08-11T11:43:00.000000Z,0.73291015625,0.732421875,1.0
2015-08-11T11:43:10.000000Z,0.73291015625,0.73291015625,6.0
2015-08-11T11:43:20.000000Z,0.73291015625,0.73291015625,1.0
2015-08-11T11:43:30.000000Z,0.73291015625,0.73291015625,4.0
2015-08-11T11:43:40.000000Z,0.73291015625,0.73291015625,4.0
2015-08-11T11:43:50.000000Z,0.73291015625,0.73291015625,2.0
2015-08-11T11:44:20.000000Z,0.7333984375,0.73291015625,2.0
2015-08-11T11:44:30.000000Z,0.7333984375,0.73291015625,2.0
2015-08-11T11:44:40.000000Z,0.73291015625,0.73291015625,3.0
2015-08-11T11:45:20.000000Z,0.7333984375,0.73291015625,1.0
2015-08-11T11:45:30.000000Z,0.7333984375,0.73291015625,1.0
2015-08-11T11:45:40.000000Z,0.7333984375,0.73291015625,6.0
2015-08-11T11:45:50.000000Z,0.7333984375,0.73291015625,5.0
2015-08-11T11:46:10.000000Z,0.7333984375,0.73291015625,3.0
2015-08-11T11:46:30.000000Z,0.73291015625,0.73291015625,6.0
2015-08-11T11:47:10.000000Z,0.73291015625,0.73291015625,4.0
2015-08-11T11:47:20.000000Z,0.73291015625,0.73291015625,4.0
2015-08-11T11:47:30.000000Z,0.73291015625,0.73291015625,1.0
2015-08-11T11:47:40.000000Z,0.73291015625,0.73291015625,1.0
2015-08-11T11:47:50.000000Z,0.73291015625,0.73291015625,1.0
2015-08-11T11:48:00.000000Z,0.7333984375,0.73291015625,5.0
2015-08-11T11:48:10.000000Z,0.7333984375,0.73291015625,2.0
2015-08-11T11:48:20.000000Z,0.73291015625,0.73291015625,1.0
2015-08-11T11:48:40.000000Z,0.73291015625,0.73291015625,3.0
2015-08-11T11:48:50.000000Z,0.73291015625,0.73291015625,3.0
2015-08-11T11:49:00.000000Z,0.73291015625,0.73291015625,1.0
2015-08-11T11:49:10.000000Z,0.73291015625,0.73291015625,1.0
2015-08-11T11:49:20.000000Z,0.73291015625,0.73291015625,1.0
2015-08-11T11:49:30.000000Z,0.73291015625,0.73291015625,3.0
2015-08-11T11:49:40.000000Z,0.73291015625,0.73291015625,1.0
2015-08-11T11:49:50.000000Z,0.73291015625,0.73291015625,1.0
2015-08-11T11:50:20.000000Z,0.73291015625,0.73291015625,2.0
2015-08-11T11:50:30.000000Z,0.73291015625,0.73291015625,1.0
2015-08-11T11:50:40.000000Z,0.73291015625,0.73291015625,4.0
2015-08-11T11:51:00.000000Z,0.7333984375,0.73291015625,3.0
2015-08-11T11:51:10.000000Z,0.7333984375,0.73291015625,2.0
2015-08-11T11:51:20.000000Z,0.7333984375,0.73291015625,1.0
2015-08-11T11:51:30.000000Z,0.7333984375,0.73291015625,1.0
2015-08-11T11:51:50.000000Z,0.73291015625,0.73291015625,1.0
2015-08-11T11:52:10.000000Z,0.73291015625,0.73291015625,2.0
2015-08-11T11:52:20.000000Z,0.73291015625,0.73291015625,1.0
2015-08-11T11:52:30.000000Z,0.7333984375,0.73291015625,3.0
2015-08-11T11:52:40.000000Z,0.7333984375,0.73291015625,3.0
2015-08-11T11:52:50.000000Z,0.7333984375,0.73291015625,1.0
2015-08-11T11:53:00.000000Z,0.73291015625,0.73291015625,2.0
2015-08-11T11:53:30.000000Z,0.73291015625,0.73291015625,6.0
2015-08-11T11:53:40.000000Z,0.7333984375,0.73291015625,2.0
2015-08-11T11:54:00.000000Z,0.73291015625,0.73291015625,1.0
2015-08-11T11:55:10.000000Z,0.73291015625,0.73291015625,3.0
2015-08-11T11:55:20.000000Z,0.73291015625,0.73291015625,1.0
2015-08-11T11:55:30.000000Z,0.73291015625,0.73291015625,1.0
2015-08-11T11:55:40.000000Z,0.73291015625,0.73291015625,1.0
2015-08-11T11:55:50.000000Z,0.73291015625,0.73291015625,3.0
2015-08-11T11:56:00.000000Z,0.73291015625,0.73291015625,2.0
2015-08-11T11:56:10.000000Z,0.73291015625,0.73291015625,1.0
2015-08-11T11:56:20.000000Z,0.73291015625,0.73291015625,1.0
2015-08-11T11:56:30.000000Z,0.73291015625,0.73291015625,2.0
2015-08-11T11:56:40.000000Z,0.73291015625,0.73291015625,2.0
2015-08-11T11:57:10.000000Z,0.73291015625,0.73291015625,3.0
2015-08-11T11:57:30.000000Z,0.73291015625,0.732421875,3.0
2015-08-11T11:57:40.000000Z,0.73291015625,0.732421875,2.0
2015-08-11T11:57:50.000000Z,0.73291015625,0.73291015625,2.0
2015-08-11T11:58:00.000000Z,0.73291015625,0.732421875,2.0
2015-08-11T11:58:20.000000Z,0.732421875,0.732421875,4.0
2015-08-11T11:58:30.000000Z,0.732421875,0.732421875,5.0
2015-08-11T11:58:40.000000Z,0.732421875,0.732421875,4.0
2015-08-11T11:58:50.000000Z,0.732421875,0.73193359375,6.0
2015-08-11T11:59:00.000000Z,0.732421875,0.732421875,12.0
2015-08-11T11:59:10.000000Z,0.732421875,0.732421875,1.0
2015-08-11T11:59:20.000000Z,0.732421875,0.732421875,2.0
2015-08-11T11:59:30.000000Z,0.732421875,0.732421875,1.0
2015-08-11T11:59:40.000000Z,0.732421875,0.732421875,2.0
2015-08-11T11:59:50.000000Z,0.732421875,0.732421875,1.0
2015-08-11T12:00:00.000000Z,0.732421875,0.73193359375,5.0
2015-08-11T12:00:10.000000Z,0.732421875,0.73193359375,1.0
2015-08-11T12:00:30.000000Z,0.732421875,0.73193359375,1.0
2015-08-11T12:00:40.000000Z,0.732421875,0.73193359375,1.0
2015-08-11T12:00:50.000000Z,0.73193359375,0.73193359375,3.0
2015-08-11T12:01:00.000000Z,0.732421875,0.73193359375,1.0
2015-08-11T12:01:10.000000Z,0.732421875,0.73193359375,2.0
2015-08-11T12:01:20.000000Z,0.732421875,0.73193359375,1.0
2015-08-11T12:01:50.000000Z,0.73193359375,0.73193359375,5.0
2015-08-11T12:02:00.000000Z,0.732421875,0.73193359375,3.0
2015-08-11T12:02:10.000000Z,0.73193359375,0.73193359375,1.0
2015-08-11T12:02:20.000000Z,0.73193359375,0.73193359375,5.0
2015-08-11T12:02:30.000000Z,0.73193359375,0.7314453125,5.0
2015-08-11T12:02:40.000000Z,0.73193359375,0.73193359375,2.0
2015-08-11T12:02:50.000000Z,0.73193359375,0.73193359375,1.0
2015-08-11T12:03:00.000000Z,0.73193359375,0.73193359375,1.0
2015-08-11T12:03:10.000000Z,0.73193359375,0.73193359375,7.0
2015-08-11T12:03:30.000000Z,0.73193359375,0.73193359375,3.0
2015-08-11T12:03:50.000000Z,0.73193359375,0.73193359375,3.0
2015-08-11T12:04:00.000000Z,0.73193359375,0.73193359375,2.0
2015-08-11T12:04:50.000000Z,0.73193359375,0.73193359375,2.0
2015-08-11T12:05:00.000000Z,0.73193359375,0.73193359375,4.0
2015-08-11T12:05:10.000000Z,0.73193359375,0.73193359375,2.0
2015-08-11T12:05:20.000000Z,0.73193359375,0.73193359375,3.0
2015-08-11T12:05:30.000000Z,0.73193359375,0.73193359375,1.0
2015-08-11T12:05:40.000000Z,0.73193359375,0.73193359375,3.0
2015-08-11T12:05:50.000000Z,0.73193359375,0.73193359375,1.0
2015-08-11T12:06:00.000000Z,0.73193359375,0.73193359375,2.0
2015-08-11T12:06:40.000000Z,0.73193359375,0.73193359375,3.0
2015-08-11T12:07:00.000000Z,0.73193359375,0.73193359375,4.0
2015-08-11T12:07:30.000000Z,0.73193359375,0.73193359375,1.0
2015-08-11T12:08:00.000000Z,0.73193359375,0.73193359375,2.0
2015-08-11T12:08:20.000000Z,0.73193359375,0.73193359375,2.0
2015-08-11T12:08:40.000000Z,0.73193359375,0.73193359375,2.0
2015-08-11T12:09:00.000000Z,0.73193359375,0.73193359375,1.0
2015-08-11T12:09:10.000000Z,0.73193359375,0.73193359375,1.0
2015-08-11T12:09:40.000000Z,0.73193359375,0.73193359375,1.0
2015-08-11T12:09:50.000000Z,0.73193359375,0.73193359375,4.0
2015-08-11T12:10:00.000000Z,0.73193359375,0.73193359375,2.0
2015-08-11T12:10:40.000000Z,0.73193359375,0.73193359375,1.0
2015-08-11T12:10:50.000000Z,0.73193359375,0.73193359375,4.0
2015-08-11T12:11:10.000000Z,0.73193359375,0.73193359375,4.0
2015-08-11T12:11:30.000000Z,0.73193359375,0.73193359375,6.0
2015-08-11T12:12:00.000000Z,0.73193359375,0.73193359375,3.0
2015-08-11T12:12:20.000000Z,0.73193359375,0.73193359375,2.0
2015-08-11T12:12:40.000000Z,0.73193359375,0.73193359375,1.0
2015-08-11T12:13:00.000000Z,0.73193359375,0.73193359375,2.0
2015-08-11T12:13:10.000000Z,0.73193359375,0.73193359375,1.0
2015-08-11T12:13:20.000000Z,0.73193359375,0.73193359375,1.0
2015-08-11T12:13:30.000000Z,0.73193359375,0.73193359375,1.0
2015-08-11T12:13:40.000000Z,0.73193359375,0.73193359375,4.0
2015-08-11T12:13:50.000000Z,0.73193359375,0.73193359375,1.0
2015-08-11T12:14:20.000000Z,0.73193359375,0.73193359375,1.0
2015-08-11T12:14:30.000000Z,0.732421875,0.73193359375,2.0
