time,closeAsk,closeBid,volume
2015-09-07T19:15:30.000000Z,0.69287109375,0.69287109375,2.0
2015-09-07T19:15:35.000000Z,0.69287109375,0.69287109375,1.0
2015-09-07T19:19:20.000000Z,0.69287109375,0.69287109375,1.0
2015-09-07T19:20:45.000000Z,0.69287109375,0.69287109375,1.0
2015-09-07T19:20:55.000000Z,0.69287109375,0.69287109375,8.0
2015-09-07T19:21:00.000000Z,0.69287109375,0.6923828125,4.0
2015-09-07T19:21:10.000000Z,0.69287109375,0.6923828125,1.0
2015-09-07T19:21:45.000000Z,0.69287109375,0.6923828125,4.0
2015-09-07T19:22:05.000000Z,0.69287109375,0.6923828125,1.0
2015-09-07T19:22:10.000000Z,0.69287109375,0.6923828125,1.0
2015-09-07T19:22:15.000000Z,0.69287109375,0.6923828125,1.0
2015-09-07T19:22:25.000000Z,0.69287109375,0.6923828125,1.0
2015-09-07T19:28:00.000000Z,0.69287109375,0.6923828125,1.0
2015-09-07T19:28:05.000000Z,0.69287109375,0.6923828125,1.0
2015-09-07T19:29:50.000000Z,0.69287109375,0.6923828125,9.0
2015-09-07T19:30:15.000000Z,0.69287109375,0.6923828125,1.0
2015-09-07T19:30:20.000000Z,0.69287109375,0.6923828125,2.0
2015-09-07T19:30:25.000000Z,0.69287109375,0.6923828125,2.0
2015-09-07T19:30:30.000000Z,0.69287109375,0.6923828125,7.0
2015-09-07T19:30:35.000000Z,0.69287109375,0.6923828125,3.0
2015-09-07T19:32:30.000000Z,0.69287109375,0.6923828125,1.0
2015-09-07T19:33:30.000000Z,0.69287109375,0.6923828125,1.0
2015-09-07T19:33:55.000000Z,0.69287109375,0.6923828125,8.0
2015-09-07T19:34:00.000000Z,0.69287109375,0.6923828125,5.0
2015-09-07T19:34:05.000000Z,0.69287109375,0.6923828125,3.0
2015-09-07T19:34:10.000000Z,0.69287109375,0.6923828125,10.0
2015-09-07T19:34:15.000000Z,0.69287109375,0.6923828125,9.0
2015-09-07T19:34:20.000000Z,0.69287109375,0.6923828125,7.0
2015-09-07T19:34:30.000000Z,0.69287109375,0.6923828125,1.0
2015-09-07T19:34:40.000000Z,0.69287109375,0.6923828125,1.0
2015-09-07T19:34:55.000000Z,0.69287109375,0.6923828125,1.0
2015-09-07T19:35:00.000000Z,0.69287109375,0.6923828125,6.0
2015-09-07T19:35:05.000000Z,0.69287109375,0.6923828125,6.0
2015-09-07T19:35:10.000000Z,0.69287109375,0.6923828125,3.0
2015-09-07T19:35:15.000000Z,0.69287109375,0.6923828125,3.0
2015-09-07T19:35:20.000000Z,0.69287109375,0.6923828125,5.0
2015-09-07T19:36:25.000000Z,0.69287109375,0.6923828125,1.0
2015-09-07T19:36:35.000000Z,0.69287109375,0.6923828125,1.0
2015-09-07T19:36:45.000000Z,0.69287109375,0.6923828125,2.0
2015-09-07T19:36:50.000000Z,0.69287109375,0.6923828125,3.0
2015-09-07T19:37:00.000000Z,0.69287109375,0.6923828125,1.0
2015-09-07T19:37:10.000000Z,0.69287109375,0.6923828125,1.0
2015-09-07T19:37:15.000000Z,0.69287109375,0.6923828125,2.0
2015-09-07T19:37:55.000000Z,0.69287109375,0.6923828125,1.0
2015-09-07T19:38:00.000000Z,0.69287109375,0.6923828125,6.0
2015-09-07T19:38:05.000000Z,0.69287109375,0.6923828125,5.0
2015-09-07T19:40:05.000000Z,0.69287109375,0.6923828125,3.0
2015-09-07T19:40:10.000000Z,0.69287109375,0.6923828125,1.0
2015-09-07T19:41:05.000000Z,0.69287109375,0.6923828125,2.0
2015-09-07T19:41:10.000000Z,0.69287109375,0.6923828125,3.0
2015-09-07T19:45:25.000000Z,0.69287109375,0.6923828125,1.0
2015-09-07T19:45:30.000000Z,0.69287109375,0.6923828125,1.0
2015-09-07T19:45:40.000000Z,0.69287109375,0.6923828125,1.0
2015-09-07T19:45:45.000000Z,0.69287109375,0.6923828125,1.0
2015-09-07T19:46:00.000000Z,0.69287109375,0.6923828125,1.0
2015-09-07T19:46:05.000000Z,0.69287109375,0.6923828125,2.0
2015-09-07T19:46:10.000000Z,0.69287109375,0.6923828125,2.0
2015-09-07T19:52:35.000000Z,0.69287109375,0.6923828125,3.0
2015-09-07T19:52:40.000000Z,0.69287109375,0.6923828125,1.0
2015-09-07T19:52:45.000000Z,0.69287109375,0.6923828125,1.0
2015-09-07T19:52:55.000000Z,0.69287109375,0.6923828125,3.0
2015-09-07T19:53:30.000000Z,0.69287109375,0.6923828125,4.0
2015-09-07T19:53:35.000000Z,0.69287109375,0.6923828125,1.0
2015-09-07T19:53:40.000000Z,0.69287109375,0.6923828125,2.0
2015-09-07T19:53:45.000000Z,0.69287109375,0.6923828125,1.0
2015-09-07T19:54:05.000000Z,0.69287109375,0.6923828125,1.0
2015-09-07T19:54:10.000000Z,0.69287109375,0.6923828125,4.0
2015-09-07T19:54:15.000000Z,0.69287109375,0.6923828125,7.0
2015-09-07T19:54:20.000000Z,0.69287109375,0.6923828125,6.0
2015-09-07T19:54:30.000000Z,0.69287109375,0.6923828125,3.0
2015-09-07T19:54:40.000000Z,0.69287109375,0.6923828125,8.0
2015-09-07T19:54:45.000000Z,0.69287109375,0.6923828125,2.0
2015-09-07T19:54:50.000000Z,0.69287109375,0.6923828125,1.0
2015-09-07T19:54:55.000000Z,0.69287109375,0.6923828125,3.0
2015-09-07T19:55:00.000000Z,0.69287109375,0.6923828125,3.0
2015-09-07T19:55:05.000000Z,0.69287109375,0.6923828125,8.0
2015-09-07T19:55:10.000000Z,0.69287109375,0.6923828125,5.0
2015-09-07T19:55:15.000000Z,0.69287109375,0.6923828125,3.0
2015-09-07T19:55:20.000000Z,0.69287109375,0.6923828125,1.0
2015-09-07T19:55:25.000000Z,0.69287109375,0.6923828125,3.0
2015-09-07T19:55:40.000000Z,0.69287109375,0.6923828125,5.0
2015-09-07T19:55:50.000000Z,0.69287109375,0.6923828125,6.0
2015-09-07T19:55:55.000000Z,0.69287109375,0.6923828125,3.0
2015-09-07T19:56:00.000000Z,0.69287109375,0.6923828125,4.0
2015-09-07T19:56:05.000000Z,0.69287109375,0.6923828125,3.0
2015-09-07T19:56:10.000000Z,0.69287109375,0.6923828125,8.0
2015-09-07T19:56:15.000000Z,0.69287109375,0.6923828125,4.0
2015-09-07T19:56:20.000000Z,0.69287109375,0.6923828125,5.0
2015-09-07T19:56:25.000000Z,0.69287109375,0.6923828125,1.0
2015-09-07T19:56:30.000000Z,0.69287109375,0.6923828125,4.0
2015-09-07T19:56:35.000000Z,0.69287109375,0.6923828125,2.0
2015-09-07T19:56:40.000000Z,0.69287109375,0.6923828125,5.0
2015-09-07T19:56:45.000000Z,0.69287109375,0.6923828125,3.0
2015-09-07T19:56:50.000000Z,0.69287109375,0.6923828125,6.0
2015-09-07T19:56:55.000000Z,0.69287109375,0.6923828125,5.0
2015-09-07T19:57:00.000000Z,0.69287109375,0.6923828125,3.0
2015-09-07T19:57:15.000000Z,0.69287109375,0.6923828125,1.0
2015-09-07T19:57:20.000000Z,0.69287109375,0.6923828125,1.0
2015-09-07T19:57:25.000000Z,0.69287109375,0.6923828125,1.0
2015-09-07T19:57:30.000000Z,0.69287109375,0.6923828125,2.0
2015-09-07T19:57:35.000000Z,0.69287109375,0.6923828125,3.0
2015-09-07T19:57:40.000000Z,0.69287109375,0.6923828125,6.0
2015-09-07T19:57:45.000000Z,0.69287109375,0.6923828125,3.0
2015-09-07T19:57:50.000000Z,0.69287109375,0.6923828125,5.0
2015-09-07T19:57:55.000000Z,0.69287109375,0.6923828125,2.0
2015-09-07T19:58:20.000000Z,0.69287109375,0.6923828125,3.0
2015-09-07T19:58:30.000000Z,0.69287109375,0.6923828125,1.0
2015-09-07T19:58:40.000000Z,0.69287109375,0.6923828125,7.0
2015-09-07T19:58:50.000000Z,0.69287109375,0.6923828125,1.0
2015-09-07T19:59:00.000000Z,0.69287109375,0.6923828125,4.0
2015-09-07T19:59:05.000000Z,0.69287109375,0.6923828125,6.0
2015-09-07T19:59:10.000000Z,0.69287109375,0.6923828125,1.0
2015-09-07T19:59:25.000000Z,0.69287109375,0.6923828125,3.0
2015-09-07T19:59:35.000000Z,0.69287109375,0.6923828125,7.0
2015-09-07T19:59:40.000000Z,0.69287109375,0.6923828125,9.0
2015-09-07T19:59:45.000000Z,0.69287109375,0.6923828125,6.0
2015-09-07T19:59:55.000000Z,0.69287109375,0.6923828125,6.0
2015-09-07T20:00:00.000000Z,0.69287109375,0.6923828125,2.0
2015-09-07T20:00:05.000000Z,0.69287109375,0.6923828125,1.0
2015-09-07T20:00:15.000000Z,0.69287109375,0.6923828125,5.0
2015-09-07T20:00:45.000000Z,0.69287109375,0.6923828125,5.0
2015-09-07T20:01:00.000000Z,0.69287109375,0.6923828125,1.0
2015-09-07T20:02:55.000000Z,0.69287109375,0.6923828125,1.0
2015-09-07T20:03:05.000000Z,0.69287109375,0.6923828125,1.0
2015-09-07T20:04:20.000000Z,0.69287109375,0.6923828125,7.0
2015-09-07T20:04:25.000000Z,0.69287109375,0.6923828125,1.0
2015-09-07T20:06:15.000000Z,0.6923828125,0.6923828125,1.0
2015-09-07T20:06:40.000000Z,0.6923828125,0.6923828125,5.0
2015-09-07T20:06:45.000000Z,0.6923828125,0.6923828125,2.0
2015-09-07T20:07:00.000000Z,0.6923828125,0.6923828125,1.0
2015-09-07T20:07:10.000000Z,0.69287109375,0.6923828125,2.0
2015-09-07T20:07:15.000000Z,0.69287109375,0.6923828125,1.0
2015-09-07T20:07:25.000000Z,0.69287109375,0.6923828125,3.0
2015-09-07T20:07:30.000000Z,0.69287109375,0.6923828125,1.0
2015-09-07T20:07:35.000000Z,0.69287109375,0.6923828125,1.0
2015-09-07T20:08:15.000000Z,0.69287109375,0.6923828125,1.0
2015-09-07T20:08:25.000000Z,0.69287109375,0.6923828125,1.0
2015-09-07T20:08:30.000000Z,0.69287109375,0.6923828125,1.0
2015-09-07T20:09:15.000000Z,0.69287109375,0.6923828125,1.0
2015-09-07T20:09:20.000000Z,0.69287109375,0.6923828125,1.0
2015-09-07T20:09:45.000000Z,0.69287109375,0.6923828125,1.0
2015-09-07T20:09:55.000000Z,0.69287109375,0.6923828125,1.0
2015-09-07T20:10:00.000000Z,0.69287109375,0.6923828125,2.0
2015-09-07T20:10:20.000000Z,0.69287109375,0.6923828125,4.0
2015-09-07T20:10:50.000000Z,0.69287109375,0.6923828125,4.0
2015-09-07T20:10:55.000000Z,0.69287109375,0.6923828125,4.0
2015-09-07T20:11:00.000000Z,0.69287109375,0.6923828125,3.0
2015-09-07T20:11:05.000000Z,0.69287109375,0.6923828125,1.0
2015-09-07T20:11:25.000000Z,0.69287109375,0.6923828125,5.0
2015-09-07T20:11:35.000000Z,0.69287109375,0.6923828125,6.0
2015-09-07T20:11:45.000000Z,0.69287109375,0.6923828125,1.0
2015-09-07T20:12:20.000000Z,0.6923828125,0.6923828125,1.0
2015-09-07T20:13:00.000000Z,0.6923828125,0.6923828125,1.0
2015-09-07T20:14:30.000000Z,0.6923828125,0.6923828125,6.0
2015-09-07T20:15:00.000000Z,0.6923828125,0.6923828125,4.0
2015-09-07T20:16:30.000000Z,0.69287109375,0.6923828125,9.0
2015-09-07T20:16:50.000000Z,0.69287109375,0.6923828125,3.0
2015-09-07T20:16:55.000000Z,0.69287109375,0.6923828125,5.0
2015-09-07T20:17:00.000000Z,0.69287109375,0.6923828125,4.0
2015-09-07T20:17:10.000000Z,0.69287109375,0.6923828125,1.0
2015-09-07T20:17:15.000000Z,0.69287109375,0.6923828125,3.0
2015-09-07T20:17:25.000000Z,0.69287109375,0.6923828125,6.0
2015-09-07T20:17:30.000000Z,0.69287109375,0.6923828125,1.0
2015-09-07T20:17:40.000000Z,0.69287109375,0.6923828125,2.0
2015-09-07T20:17:45.000000Z,0.69287109375,0.6923828125,6.0
2015-09-07T20:17:50.000000Z,0.69287109375,0.6923828125,8.0
2015-09-07T20:17:55.000000Z,0.69287109375,0.6923828125,1.0
2015-09-07T20:18:00.000000Z,0.69287109375,0.6923828125,1.0
2015-09-07T20:18:05.000000Z,0.69287109375,0.6923828125,6.0
2015-09-07T20:19:10.000000Z,0.69287109375,0.6923828125,4.0
2015-09-07T20:19:20.000000Z,0.69287109375,0.6923828125,1.0
2015-09-07T20:19:40.000000Z,0.69287109375,0.6923828125,5.0
2015-09-07T20:19:45.000000Z,0.69287109375,0.6923828125,2.0
2015-09-07T20:20:00.000000Z,0.69287109375,0.6923828125,4.0
2015-09-07T20:20:05.000000Z,0.69287109375,0.6923828125,4.0
2015-09-07T20:20:10.000000Z,0.69287109375,0.6923828125,1.0
2015-09-07T20:20:15.000000Z,0.69287109375,0.6923828125,1.0
2015-09-07T20:20:35.000000Z,0.69287109375,0.6923828125,1.0
2015-09-07T20:20:40.000000Z,0.69287109375,0.6923828125,6.0
2015-09-07T20:20:45.000000Z,0.69287109375,0.6923828125,4.0
2015-09-07T20:20:50.000000Z,0.69287109375,0.6923828125,4.0
2015-09-07T20:21:10.000000Z,0.69287109375,0.6923828125,6.0
2015-09-07T20:21:15.000000Z,0.69287109375,0.6923828125,3.0
2015-09-07T20:21:20.000000Z,0.69287109375,0.6923828125,4.0
2015-09-07T20:21:25.000000Z,0.69287109375,0.6923828125,1.0
2015-09-07T20:21:45.000000Z,0.69287109375,0.6923828125,3.0
2015-09-07T20:21:55.000000Z,0.69287109375,0.6923828125,7.0
2015-09-07T20:22:35.000000Z,0.69287109375,0.6923828125,3.0
2015-09-07T20:23:00.000000Z,0.6923828125,0.6923828125,6.0
2015-09-07T20:23:10.000000Z,0.69287109375,0.6923828125,1.0
2015-09-07T20:23:15.000000Z,0.69287109375,0.6923828125,1.0
2015-09-07T20:24:10.000000Z,0.69287109375,0.6923828125,1.0
2015-09-07T20:24:20.000000Z,0.69287109375,0.6923828125,2.0
2015-09-07T20:24:25.000000Z,0.69287109375,0.6923828125,1.0
2015-09-07T20:24:50.000000Z,0.69287109375,0.6923828125,2.0
2015-09-07T20:25:10.000000Z,0.69287109375,0.6923828125,2.0
2015-09-07T20:25:20.000000Z,0.69287109375,0.6923828125,2.0
2015-09-07T20:25:25.000000Z,0.69287109375,0.6923828125,2.0
2015-09-07T20:25:35.000000Z,0.69287109375,0.6923828125,1.0
2015-09-07T20:25:40.000000Z,0.69287109375,0.6923828125,2.0
2015-09-07T20:26:10.000000Z,0.69287109375,0.6923828125,2.0
2015-09-07T20:26:45.000000Z,0.6923828125,0.6923828125,7.0
2015-09-07T20:26:55.000000Z,0.6923828125,0.6923828125,1.0
2015-09-07T20:27:00.000000Z,0.69287109375,0.6923828125,2.0
2015-09-07T20:27:10.000000Z,0.69287109375,0.6923828125,1.0
2015-09-07T20:27:20.000000Z,0.69287109375,0.6923828125,1.0
2015-09-07T20:27:50.000000Z,0.69287109375,0.6923828125,1.0
2015-09-07T20:30:00.000000Z,0.69287109375,0.6923828125,1.0
2015-09-07T20:30:05.000000Z,0.69287109375,0.6923828125,4.0
2015-09-07T20:30:20.000000Z,0.69287109375,0.6923828125,1.0
2015-09-07T20:30:30.000000Z,0.69287109375,0.6923828125,1.0
2015-09-07T20:30:35.000000Z,0.69287109375,0.6923828125,1.0
2015-09-07T20:30:40.000000Z,0.69287109375,0.6923828125,2.0
2015-09-07T20:32:55.000000Z,0.69287109375,0.6923828125,1.0
2015-09-07T20:34:40.000000Z,0.69287109375,0.6923828125,5.0
2015-09-07T20:34:50.000000Z,0.69287109375,0.6923828125,3.0
2015-09-07T20:34:55.000000Z,0.6923828125,0.6923828125,4.0
2015-09-07T20:36:00.000000Z,0.6923828125,0.6923828125,1.0
2015-09-07T20:37:00.000000Z,0.6923828125,0.6923828125,1.0
2015-09-07T20:37:05.000000Z,0.6923828125,0.6923828125,5.0
2015-09-07T20:37:10.000000Z,0.6923828125,0.6923828125,1.0
2015-09-07T20:37:30.000000Z,0.6923828125,0.6923828125,4.0
2015-09-07T20:44:40.000000Z,0.69287109375,0.6923828125,6.0
2015-09-07T20:44:45.000000Z,0.6923828125,0.6923828125,4.0
2015-09-07T20:45:00.000000Z,0.69287109375,0.6923828125,2.0
2015-09-07T20:45:05.000000Z,0.6923828125,0.6923828125,5.0
2015-09-07T20:45:10.000000Z,0.69287109375,0.6923828125,5.0
2015-09-07T20:45:25.000000Z,0.69287109375,0.6923828125,1.0
2015-09-07T20:46:20.000000Z,0.69287109375,0.6923828125,1.0
2015-09-07T20:46:30.000000Z,0.69287109375,0.6923828125,1.0
2015-09-07T20:46:35.000000Z,0.69287109375,0.6923828125,1.0
2015-09-07T20:46:45.000000Z,0.69287109375,0.6923828125,7.0
2015-09-07T20:46:50.000000Z,0.69287109375,0.6923828125,2.0
2015-09-07T20:47:00.000000Z,0.69287109375,0.6923828125,1.0
2015-09-07T20:47:35.000000Z,0.69287109375,0.6923828125,3.0
2015-09-07T20:47:40.000000Z,0.69287109375,0.6923828125,4.0
2015-09-07T20:47:45.000000Z,0.69287109375,0.6923828125,5.0
2015-09-07T20:47:55.000000Z,0.69287109375,0.6923828125,1.0
2015-09-07T20:48:00.000000Z,0.69287109375,0.6923828125,1.0
2015-09-07T20:48:05.000000Z,0.69287109375,0.6923828125,3.0
2015-09-07T20:48:15.000000Z,0.69287109375,0.6923828125,3.0
2015-09-07T20:48:20.000000Z,0.69287109375,0.6923828125,7.0
2015-09-07T20:48:25.000000Z,0.69287109375,0.6923828125,1.0
2015-09-07T20:49:00.000000Z,0.69287109375,0.6923828125,3.0
2015-09-07T20:49:05.000000Z,0.69287109375,0.6923828125,3.0
2015-09-07T20:49:10.000000Z,0.69287109375,0.6923828125,2.0
2015-09-07T20:49:15.000000Z,0.69287109375,0.6923828125,3.0
2015-09-07T20:49:25.000000Z,0.69287109375,0.6923828125,1.0
2015-09-07T20:50:10.000000Z,0.69287109375,0.6923828125,4.0
2015-09-07T20:50:15.000000Z,0.69287109375,0.6923828125,4.0
2015-09-07T20:50:20.000000Z,0.69287109375,0.6923828125,2.0
2015-09-07T20:50:25.000000Z,0.69287109375,0.6923828125,3.0
2015-09-07T20:50:30.000000Z,0.69287109375,0.6923828125,3.0
2015-09-07T20:51:05.000000Z,0.69287109375,0.6923828125,5.0
2015-09-07T20:51:10.000000Z,0.6923828125,0.6923828125,2.0
2015-09-07T20:51:15.000000Z,0.69287109375,0.6923828125,8.0
2015-09-07T20:51:20.000000Z,0.69287109375,0.6923828125,8.0
2015-09-07T20:51:30.000000Z,0.69287109375,0.6923828125,2.0
2015-09-07T20:51:40.000000Z,0.69287109375,0.6923828125,1.0
2015-09-07T20:51:50.000000Z,0.6923828125,0.6923828125,5.0
2015-09-07T20:52:05.000000Z,0.69287109375,0.6923828125,6.0
2015-09-07T20:52:10.000000Z,0.69287109375,0.6923828125,1.0
2015-09-07T20:52:15.000000Z,0.69287109375,0.6923828125,4.0
2015-09-07T20:52:20.000000Z,0.69287109375,0.6923828125,5.0
2015-09-07T20:52:25.000000Z,0.69287109375,0.6923828125,1.0
2015-09-07T20:52:30.000000Z,0.69287109375,0.6923828125,1.0
2015-09-07T20:53:45.000000Z,0.69287109375,0.6923828125,1.0
2015-09-07T20:54:25.000000Z,0.69287109375,0.6923828125,4.0
2015-09-07T20:54:30.000000Z,0.69287109375,0.6923828125,1.0
2015-09-07T20:55:00.000000Z,0.69287109375,0.6923828125,1.0
2015-09-07T20:55:35.000000Z,0.69287109375,0.6923828125,1.0
2015-09-07T20:55:45.000000Z,0.69287109375,0.6923828125,1.0
2015-09-07T20:56:25.000000Z,0.69287109375,0.6923828125,1.0
2015-09-07T20:56:35.000000Z,0.69287109375,0.6923828125,3.0
2015-09-07T20:56:40.000000Z,0.69287109375,0.6923828125,1.0
2015-09-07T20:56:45.000000Z,0.69287109375,0.6923828125,2.0
2015-09-07T20:56:50.000000Z,0.69287109375,0.6923828125,5.0
2015-09-07T20:56:55.000000Z,0.69287109375,0.69189453125,2.0
2015-09-07T20:57:00.000000Z,0.69287109375,0.69189453125,3.0
2015-09-07T20:57:05.000000Z,0.69287109375,0.69189453125,2.0
2015-09-07T20:57:10.000000Z,0.69287109375,0.6923828125,1.0
2015-09-07T20:57:20.000000Z,0.69287109375,0.6923828125,3.0
2015-09-07T20:57:40.000000Z,0.69287109375,0.6923828125,2.0
2015-09-07T20:57:45.000000Z,0.69287109375,0.6923828125,1.0
2015-09-07T20:57:55.000000Z,0.69287109375,0.6923828125,5.0
2015-09-07T20:58:25.000000Z,0.69287109375,0.6923828125,3.0
2015-09-07T20:58:30.000000Z,0.69287109375,0.6923828125,2.0
2015-09-07T20:58:35.000000Z,0.69287109375,0.6923828125,1.0
2015-09-07T20:59:20.000000Z,0.6923828125,0.6923828125,2.0
2015-09-07T20:59:45.000000Z,0.6923828125,0.6923828125,3.0
2015-09-07T21:01:35.000000Z,0.6923828125,0.6923828125,1.0
2015-09-07T21:03:20.000000Z,0.6923828125,0.69189453125,1.0
2015-09-07T21:08:10.000000Z,0.69287109375,0.6923828125,2.0
2015-09-07T21:13:15.000000Z,0.69287109375,0.6923828125,1.0
2015-09-07T21:13:40.000000Z,0.69287109375,0.6923828125,1.0
2015-09-07T21:13:50.000000Z,0.6923828125,0.6923828125,1.0
2015-09-07T21:14:00.000000Z,0.6923828125,0.6923828125,1.0
2015-09-07T21:14:45.000000Z,0.69287109375,0.69287109375,5.0
2015-09-07T21:14:50.000000Z,0.69287109375,0.6923828125,3.0
2015-09-07T21:15:00.000000Z,0.69287109375,0.6923828125,1.0
2015-09-07T21:15:15.000000Z,0.69287109375,0.6923828125,1.0
2015-09-07T21:16:30.000000Z,0.69287109375,0.6923828125,1.0
2015-09-07T21:16:45.000000Z,0.69287109375,0.6923828125,4.0
2015-09-07T21:17:00.000000Z,0.69287109375,0.6923828125,1.0
2015-09-07T21:17:15.000000Z,0.69287109375,0.6923828125,1.0
2015-09-07T21:23:40.000000Z,0.693359375,0.6923828125,2.0
2015-09-07T21:23:45.000000Z,0.69287109375,0.6923828125,2.0
2015-09-07T21:24:15.000000Z,0.69287109375,0.6923828125,1.0
2015-09-07T21:24:30.000000Z,0.693359375,0.69287109375,2.0
2015-09-07T21:24:55.000000Z,0.693359375,0.69287109375,1.0
2015-09-07T21:25:05.000000Z,0.693359375,0.69287109375,1.0
2015-09-07T21:25:25.000000Z,0.693359375,0.69287109375,2.0
2015-09-07T21:26:40.000000Z,0.693359375,0.6923828125,1.0
2015-09-07T21:27:15.000000Z,0.693359375,0.69287109375,1.0
2015-09-07T21:29:10.000000Z,0.693359375,0.69287109375,1.0
2015-09-07T21:29:15.000000Z,0.693359375,0.69287109375,6.0
2015-09-07T21:29:45.000000Z,0.693359375,0.6923828125,8.0
2015-09-07T21:29:50.000000Z,0.693359375,0.6923828125,4.0
2015-09-07T21:29:55.000000Z,0.693359375,0.69287109375,1.0
2015-09-07T21:34:55.000000Z,0.693359375,0.69287109375,5.0
2015-09-07T21:35:00.000000Z,0.693359375,0.6923828125,4.0
2015-09-07T21:40:55.000000Z,0.693359375,0.69287109375,8.0
2015-09-07T21:41:00.000000Z,0.693359375,0.69287109375,9.0
2015-09-07T21:41:05.000000Z,0.693359375,0.69287109375,1.0
2015-09-07T21:41:10.000000Z,0.69287109375,0.6923828125,8.0
2015-09-07T21:41:20.000000Z,0.693359375,0.6923828125,1.0
2015-09-07T21:41:40.000000Z,0.69287109375,0.6923828125,1.0
2015-09-07T21:41:45.000000Z,0.69287109375,0.6923828125,1.0
2015-09-07T21:42:00.000000Z,0.69287109375,0.6923828125,6.0
2015-09-07T21:42:05.000000Z,0.69287109375,0.6923828125,4.0
2015-09-07T21:43:25.000000Z,0.69287109375,0.6923828125,1.0
2015-09-07T21:43:30.000000Z,0.69287109375,0.6923828125,11.0
2015-09-07T21:43:35.000000Z,0.69287109375,0.6923828125,4.0
2015-09-07T21:43:50.000000Z,0.69287109375,0.69287109375,1.0
2015-09-07T21:46:00.000000Z,0.69287109375,0.6923828125,1.0
2015-09-07T21:46:10.000000Z,0.69287109375,0.6923828125,1.0
2015-09-07T21:46:20.000000Z,0.69287109375,0.6923828125,1.0
2015-09-07T21:46:30.000000Z,0.69287109375,0.6923828125,2.0
2015-09-07T21:47:35.000000Z,0.693359375,0.69287109375,1.0
2015-09-07T21:47:40.000000Z,0.693359375,0.69287109375,5.0
2015-09-07T21:47:45.000000Z,0.69287109375,0.6923828125,2.0
2015-09-07T21:49:30.000000Z,0.69287109375,0.6923828125,1.0
2015-09-07T21:50:00.000000Z,0.69287109375,0.69287109375,11.0
2015-09-07T21:50:05.000000Z,0.69287109375,0.69287109375,5.0
2015-09-07T21:50:10.000000Z,0.69287109375,0.69287109375,6.0
2015-09-07T21:50:15.000000Z,0.69287109375,0.69287109375,3.0
2015-09-07T21:50:20.000000Z,0.69287109375,0.69287109375,1.0
2015-09-07T21:50:25.000000Z,0.69287109375,0.69287109375,1.0
2015-09-07T21:50:30.000000Z,0.69287109375,0.6923828125,4.0
2015-09-07T21:50:35.000000Z,0.69287109375,0.6923828125,1.0
2015-09-07T21:51:00.000000Z,0.693359375,0.69287109375,3.0
2015-09-07T21:51:05.000000Z,0.69287109375,0.69287109375,1.0
2015-09-07T21:51:10.000000Z,0.69287109375,0.69287109375,3.0
2015-09-07T21:51:15.000000Z,0.69287109375,0.69287109375,4.0
2015-09-07T21:51:20.000000Z,0.69287109375,0.69287109375,3.0
2015-09-07T21:52:05.000000Z,0.69287109375,0.69287109375,2.0
2015-09-07T21:52:20.000000Z,0.69287109375,0.69287109375,1.0
2015-09-07T21:52:30.000000Z,0.69287109375,0.69287109375,2.0
2015-09-07T21:52:35.000000Z,0.69287109375,0.69287109375,3.0
2015-09-07T21:52:50.000000Z,0.693359375,0.69287109375,4.0
2015-09-07T21:53:40.000000Z,0.693359375,0.69287109375,1.0
2015-09-07T21:53:45.000000Z,0.693359375,0.69287109375,10.0
2015-09-07T21:54:10.000000Z,0.693359375,0.69287109375,4.0
2015-09-07T22:00:20.000000Z,0.69287109375,0.69287109375,2.0
2015-09-07T22:00:35.000000Z,0.69287109375,0.69287109375,1.0
2015-09-07T22:00:40.000000Z,0.693359375,0.69287109375,2.0
2015-09-07T22:01:15.000000Z,0.693359375,0.69287109375,7.0
2015-09-07T22:01:30.000000Z,0.69287109375,0.69287109375,1.0
2015-09-07T22:01:45.000000Z,0.69287109375,0.69287109375,1.0
2015-09-07T22:03:05.000000Z,0.69287109375,0.69287109375,1.0
2015-09-07T22:03:35.000000Z,0.69287109375,0.69287109375,1.0
2015-09-07T22:08:35.000000Z,0.693359375,0.69287109375,2.0
2015-09-07T22:09:15.000000Z,0.693359375,0.69287109375,1.0
2015-09-07T22:09:30.000000Z,0.693359375,0.69287109375,1.0
2015-09-07T22:10:15.000000Z,0.693359375,0.69287109375,1.0
2015-09-07T22:10:20.000000Z,0.693359375,0.69287109375,1.0
2015-09-07T22:13:40.000000Z,0.69287109375,0.69287109375,1.0
2015-09-07T22:15:25.000000Z,0.693359375,0.69287109375,2.0
2015-09-07T22:16:55.000000Z,0.693359375,0.69287109375,1.0
2015-09-07T22:17:00.000000Z,0.693359375,0.69287109375,1.0
2015-09-07T22:17:15.000000Z,0.69287109375,0.69287109375,2.0
2015-09-07T22:19:15.000000Z,0.693359375,0.69287109375,1.0
2015-09-07T22:21:40.000000Z,0.693359375,0.69287109375,1.0
2015-09-07T22:22:45.000000Z,0.693359375,0.693359375,3.0
2015-09-07T22:22:55.000000Z,0.693359375,0.693359375,5.0
2015-09-07T22:23:25.000000Z,0.693359375,0.69287109375,1.0
2015-09-07T22:23:35.000000Z,0.693359375,0.69287109375,1.0
2015-09-07T22:24:15.000000Z,0.693359375,0.693359375,1.0
2015-09-07T22:24:20.000000Z,0.693359375,0.693359375,1.0
2015-09-07T22:24:55.000000Z,0.693359375,0.693359375,3.0
2015-09-07T22:27:55.000000Z,0.693359375,0.693359375,1.0
2015-09-07T22:28:10.000000Z,0.693359375,0.693359375,1.0
2015-09-07T22:28:15.000000Z,0.693359375,0.693359375,1.0
2015-09-07T22:30:20.000000Z,0.693359375,0.693359375,2.0
2015-09-07T22:30:30.000000Z,0.693359375,0.693359375,1.0
2015-09-07T22:32:00.000000Z,0.693359375,0.693359375,2.0
2015-09-07T22:32:25.000000Z,0.693359375,0.693359375,1.0
2015-09-07T22:33:05.000000Z,0.693359375,0.693359375,3.0
2015-09-07T22:33:25.000000Z,0.693359375,0.693359375,1.0
2015-09-07T22:35:00.000000Z,0.693359375,0.693359375,2.0
2015-09-07T22:35:20.000000Z,0.693359375,0.693359375,2.0
2015-09-07T22:36:15.000000Z,0.693359375,0.693359375,5.0
2015-09-07T22:38:20.000000Z,0.693359375,0.693359375,4.0
2015-09-07T22:38:25.000000Z,0.693359375,0.69287109375,1.0
2015-09-07T22:38:30.000000Z,0.693359375,0.69287109375,1.0
2015-09-07T22:38:55.000000Z,0.693359375,0.69287109375,1.0
2015-09-07T22:39:45.000000Z,0.693359375,0.69287109375,1.0
2015-09-07T22:40:15.000000Z,0.693359375,0.69287109375,2.0
2015-09-07T22:42:40.000000Z,0.693359375,0.69287109375,6.0
2015-09-07T22:43:10.000000Z,0.693359375,0.693359375,2.0
2015-09-07T22:44:50.000000Z,0.693359375,0.693359375,2.0
2015-09-07T22:45:00.000000Z,0.693359375,0.693359375,1.0
2015-09-07T22:45:45.000000Z,0.693359375,0.693359375,2.0
2015-09-07T22:46:00.000000Z,0.693359375,0.693359375,1.0
2015-09-07T22:47:30.000000Z,0.693359375,0.693359375,1.0
2015-09-07T22:49:20.000000Z,0.693359375,0.693359375,1.0
2015-09-07T22:49:25.000000Z,0.693359375,0.693359375,1.0
2015-09-07T22:50:30.000000Z,0.693359375,0.693359375,1.0
2015-09-07T22:55:00.000000Z,0.69384765625,0.693359375,4.0
2015-09-07T22:55:30.000000Z,0.693359375,0.693359375,1.0
2015-09-07T22:56:00.000000Z,0.69384765625,0.693359375,3.0
2015-09-07T22:56:10.000000Z,0.69384765625,0.693359375,2.0
2015-09-07T22:56:20.000000Z,0.69384765625,0.693359375,1.0
2015-09-07T22:57:35.000000Z,0.69384765625,0.693359375,1.0
2015-09-07T22:59:00.000000Z,0.69384765625,0.693359375,3.0
2015-09-07T22:59:25.000000Z,0.69384765625,0.69384765625,1.0
2015-09-07T22:59:40.000000Z,0.69384765625,0.69384765625,2.0
2015-09-07T22:59:50.000000Z,0.69384765625,0.69384765625,1.0
2015-09-07T23:00:00.000000Z,0.69384765625,0.69384765625,3.0
2015-09-07T23:00:05.000000Z,0.69384765625,0.69384765625,1.0
2015-09-07T23:00:15.000000Z,0.69384765625,0.693359375,3.0
2015-09-07T23:01:30.000000Z,0.69384765625,0.693359375,1.0
2015-09-07T23:01:40.000000Z,0.69384765625,0.693359375,1.0
2015-09-07T23:02:00.000000Z,0.693359375,0.693359375,3.0
2015-09-07T23:02:40.000000Z,0.693359375,0.693359375,1.0
2015-09-07T23:03:00.000000Z,0.693359375,0.693359375,1.0
2015-09-07T23:03:05.000000Z,0.693359375,0.693359375,3.0
2015-09-07T23:03:20.000000Z,0.693359375,0.693359375,1.0
2015-09-07T23:03:50.000000Z,0.69384765625,0.693359375,1.0
2015-09-07T23:03:55.000000Z,0.69384765625,0.693359375,1.0
2015-09-07T23:04:00.000000Z,0.693359375,0.693359375,1.0
2015-09-07T23:05:10.000000Z,0.693359375,0.693359375,1.0
2015-09-07T23:07:40.000000Z,0.69384765625,0.693359375,3.0
2015-09-07T23:10:10.000000Z,0.69384765625,0.693359375,1.0
2015-09-07T23:11:35.000000Z,0.693359375,0.693359375,2.0
2015-09-07T23:13:00.000000Z,0.69384765625,0.693359375,1.0
2015-09-07T23:13:05.000000Z,0.69384765625,0.693359375,4.0
2015-09-07T23:13:30.000000Z,0.69384765625,0.693359375,2.0
2015-09-07T23:13:40.000000Z,0.69384765625,0.69384765625,1.0
2015-09-07T23:13:55.000000Z,0.69384765625,0.693359375,1.0
2015-09-07T23:15:05.000000Z,0.69384765625,0.69384765625,2.0
2015-09-07T23:15:10.000000Z,0.69384765625,0.69384765625,3.0
2015-09-07T23:15:20.000000Z,0.69384765625,0.69384765625,1.0
2015-09-07T23:15:30.000000Z,0.69384765625,0.69384765625,3.0
2015-09-07T23:16:25.000000Z,0.69384765625,0.69384765625,1.0
2015-09-07T23:19:15.000000Z,0.69384765625,0.69384765625,2.0
2015-09-07T23:21:30.000000Z,0.69384765625,0.69384765625,2.0
2015-09-07T23:22:10.000000Z,0.69384765625,0.69384765625,1.0
2015-09-07T23:22:35.000000Z,0.69384765625,0.693359375,2.0
2015-09-07T23:22:40.000000Z,0.69384765625,0.693359375,2.0
2015-09-07T23:23:00.000000Z,0.69384765625,0.693359375,1.0
2015-09-07T23:23:30.000000Z,0.69384765625,0.69384765625,4.0
2015-09-07T23:23:35.000000Z,0.69384765625,0.693359375,1.0
2015-09-07T23:24:05.000000Z,0.69384765625,0.69384765625,1.0
2015-09-07T23:26:55.000000Z,0.69384765625,0.693359375,1.0
2015-09-07T23:27:55.000000Z,0.69384765625,0.69384765625,1.0
2015-09-07T23:28:05.000000Z,0.69384765625,0.69384765625,1.0
2015-09-07T23:28:10.000000Z,0.69384765625,0.69384765625,1.0
2015-09-07T23:28:20.000000Z,0.69384765625,0.69384765625,1.0
2015-09-07T23:28:50.000000Z,0.69384765625,0.69384765625,2.0
2015-09-07T23:29:30.000000Z,0.69384765625,0.69384765625,1.0
2015-09-07T23:29:40.000000Z,0.69384765625,0.69384765625,1.0
2015-09-07T23:30:10.000000Z,0.69384765625,0.69384765625,1.0
2015-09-07T23:30:30.000000Z,0.69384765625,0.69384765625,3.0
2015-09-07T23:30:40.000000Z,0.6943359375,0.69384765625,4.0
2015-09-07T23:30:45.000000Z,0.6943359375,0.69384765625,1.0
2015-09-07T23:31:50.000000Z,0.6943359375,0.69384765625,1.0
2015-09-07T23:32:20.000000Z,0.6943359375,0.69384765625,1.0
2015-09-07T23:33:15.000000Z,0.6943359375,0.69384765625,1.0
2015-09-07T23:33:25.000000Z,0.6943359375,0.69384765625,2.0
2015-09-07T23:34:05.000000Z,0.6943359375,0.69384765625,1.0
2015-09-07T23:35:30.000000Z,0.6943359375,0.69384765625,1.0
2015-09-07T23:35:40.000000Z,0.6943359375,0.69384765625,3.0
2015-09-07T23:35:45.000000Z,0.69384765625,0.69384765625,3.0
2015-09-07T23:35:55.000000Z,0.69384765625,0.69384765625,1.0
2015-09-07T23:36:30.000000Z,0.69384765625,0.69384765625,2.0
2015-09-07T23:36:55.000000Z,0.69384765625,0.69384765625,2.0
2015-09-07T23:37:50.000000Z,0.6943359375,0.69384765625,1.0
2015-09-07T23:38:30.000000Z,0.69384765625,0.69384765625,1.0
2015-09-07T23:39:15.000000Z,0.69384765625,0.69384765625,1.0
2015-09-07T23:39:25.000000Z,0.69384765625,0.69384765625,1.0
2015-09-07T23:40:25.000000Z,0.69384765625,0.69384765625,1.0
2015-09-07T23:40:35.000000Z,0.6943359375,0.69384765625,3.0
2015-09-07T23:41:10.000000Z,0.69384765625,0.69384765625,2.0
2015-09-07T23:41:25.000000Z,0.6943359375,0.69384765625,1.0
2015-09-07T23:41:30.000000Z,0.6943359375,0.69384765625,1.0
2015-09-07T23:41:40.000000Z,0.6943359375,0.69384765625,1.0
2015-09-07T23:41:50.000000Z,0.6943359375,0.69384765625,1.0
2015-09-07T23:42:00.000000Z,0.6943359375,0.69384765625,2.0
2015-09-07T23:42:10.000000Z,0.6943359375,0.69384765625,1.0
2015-09-07T23:42:35.000000Z,0.6943359375,0.69384765625,1.0
2015-09-07T23:42:45.000000Z,0.6943359375,0.69384765625,2.0
2015-09-07T23:44:25.000000Z,0.6943359375,0.69384765625,1.0
2015-09-07T23:45:20.000000Z,0.69384765625,0.69384765625,2.0
2015-09-07T23:46:25.000000Z,0.69384765625,0.69384765625,1.0
2015-09-07T23:46:50.000000Z,0.6943359375,0.69384765625,2.0
2015-09-07T23:47:40.000000Z,0.6943359375,0.69384765625,1.0
2015-09-07T23:48:15.000000Z,0.6943359375,0.69384765625,1.0
2015-09-07T23:48:40.000000Z,0.6943359375,0.69384765625,1.0
2015-09-07T23:49:05.000000Z,0.6943359375,0.69384765625,1.0
2015-09-07T23:49:10.000000Z,0.6943359375,0.69384765625,1.0
2015-09-07T23:49:25.000000Z,0.69384765625,0.69384765625,2.0
2015-09-07T23:50:20.000000Z,0.69384765625,0.69384765625,2.0
2015-09-07T23:50:25.000000Z,0.6943359375,0.69384765625,3.0
2015-09-07T23:50:30.000000Z,0.6943359375,0.69384765625,3.0
2015-09-07T23:50:35.000000Z,0.6943359375,0.69384765625,4.0
2015-09-07T23:50:45.000000Z,0.6943359375,0.69384765625,1.0
2015-09-07T23:50:50.000000Z,0.6943359375,0.6943359375,4.0
2015-09-07T23:51:05.000000Z,0.6943359375,0.6943359375,1.0
2015-09-07T23:51:10.000000Z,0.6943359375,0.6943359375,3.0
2015-09-07T23:51:25.000000Z,0.6943359375,0.6943359375,1.0
2015-09-07T23:51:30.000000Z,0.6943359375,0.6943359375,1.0
2015-09-07T23:51:45.000000Z,0.6943359375,0.6943359375,2.0
2015-09-07T23:51:50.000000Z,0.69482421875,0.6943359375,2.0
2015-09-07T23:52:00.000000Z,0.6943359375,0.6943359375,4.0
2015-09-07T23:52:10.000000Z,0.69482421875,0.6943359375,1.0
2015-09-07T23:52:20.000000Z,0.6943359375,0.6943359375,2.0
2015-09-07T23:52:40.000000Z,0.6943359375,0.6943359375,1.0
2015-09-07T23:52:45.000000Z,0.6943359375,0.6943359375,2.0
2015-09-07T23:52:50.000000Z,0.6943359375,0.6943359375,2.0
2015-09-07T23:53:10.000000Z,0.6943359375,0.6943359375,2.0
2015-09-07T23:53:35.000000Z,0.6943359375,0.6943359375,1.0
2015-09-07T23:53:45.000000Z,0.6943359375,0.6943359375,2.0
2015-09-07T23:53:50.000000Z,0.69482421875,0.6943359375,3.0
2015-09-07T23:53:55.000000Z,0.69482421875,0.6943359375,1.0
2015-09-07T23:54:00.000000Z,0.69482421875,0.69482421875,3.0
2015-09-07T23:54:10.000000Z,0.69482421875,0.69482421875,5.0
2015-09-07T23:54:15.000000Z,0.69482421875,0.69482421875,1.0
2015-09-07T23:54:20.000000Z,0.69482421875,0.69482421875,4.0
2015-09-07T23:54:25.000000Z,0.69482421875,0.69482421875,1.0
2015-09-07T23:54:30.000000Z,0.69482421875,0.69482421875,2.0
2015-09-07T23:54:35.000000Z,0.69482421875,0.69482421875,1.0
2015-09-07T23:55:05.000000Z,0.69482421875,0.69482421875,1.0
2015-09-07T23:55:10.000000Z,0.69482421875,0.69482421875,1.0
2015-09-07T23:55:15.000000Z,0.69482421875,0.69482421875,6.0
2015-09-07T23:55:20.000000Z,0.69482421875,0.69482421875,1.0
2015-09-07T23:55:30.000000Z,0.6953125,0.69482421875,6.0
2015-09-07T23:55:40.000000Z,0.6953125,0.69482421875,1.0
2015-09-07T23:55:45.000000Z,0.6953125,0.69482421875,1.0
2015-09-07T23:55:55.000000Z,0.6953125,0.69482421875,1.0
2015-09-07T23:56:15.000000Z,0.6953125,0.69482421875,5.0
2015-09-07T23:56:20.000000Z,0.6953125,0.69482421875,3.0
2015-09-07T23:56:45.000000Z,0.6953125,0.69482421875,1.0
2015-09-07T23:57:00.000000Z,0.69482421875,0.69482421875,4.0
2015-09-07T23:57:05.000000Z,0.69482421875,0.69482421875,1.0
2015-09-07T23:57:20.000000Z,0.69482421875,0.69482421875,3.0
2015-09-07T23:57:25.000000Z,0.69482421875,0.6943359375,5.0
2015-09-07T23:57:30.000000Z,0.69482421875,0.6943359375,4.0
2015-09-07T23:57:40.000000Z,0.6943359375,0.6943359375,3.0
2015-09-07T23:58:05.000000Z,0.6943359375,0.6943359375,1.0
2015-09-07T23:58:15.000000Z,0.6943359375,0.6943359375,1.0
2015-09-07T23:58:35.000000Z,0.6943359375,0.6943359375,5.0
2015-09-07T23:58:55.000000Z,0.69482421875,0.6943359375,5.0
2015-09-07T23:59:00.000000Z,0.69482421875,0.6943359375,3.0
2015-09-07T23:59:05.000000Z,0.69482421875,0.6943359375,1.0
2015-09-07T23:59:10.000000Z,0.69482421875,0.6943359375,2.0
2015-09-07T23:59:15.000000Z,0.69482421875,0.69482421875,2.0
2015-09-07T23:59:20.000000Z,0.69482421875,0.69482421875,1.0
2015-09-07T23:59:45.000000Z,0.69482421875,0.69482421875,1.0
2015-09-07T23:59:50.000000Z,0.69482421875,0.6943359375,1.0
2015-09-08T00:00:00.000000Z,0.6943359375,0.6943359375,4.0
2015-09-08T00:00:05.000000Z,0.6943359375,0.6943359375,1.0
2015-09-08T00:00:10.000000Z,0.69482421875,0.6943359375,3.0
2015-09-08T00:00:15.000000Z,0.69482421875,0.6943359375,2.0
2015-09-08T00:00:20.000000Z,0.6943359375,0.6943359375,1.0
2015-09-08T00:00:35.000000Z,0.6943359375,0.6943359375,2.0
2015-09-08T00:00:55.000000Z,0.6943359375,0.6943359375,2.0
2015-09-08T00:01:00.000000Z,0.6943359375,0.6943359375,1.0
2015-09-08T00:01:05.000000Z,0.6943359375,0.6943359375,1.0
2015-09-08T00:01:10.000000Z,0.6943359375,0.6943359375,2.0
2015-09-08T00:01:15.000000Z,0.6943359375,0.6943359375,1.0
2015-09-08T00:01:30.000000Z,0.69482421875,0.6943359375,5.0
2015-09-08T00:01:35.000000Z,0.69482421875,0.6943359375,1.0
2015-09-08T00:01:50.000000Z,0.69482421875,0.6943359375,1.0
2015-09-08T00:02:00.000000Z,0.6943359375,0.6943359375,4.0
2015-09-08T00:02:05.000000Z,0.6943359375,0.6943359375,2.0
2015-09-08T00:02:20.000000Z,0.6943359375,0.69384765625,2.0
2015-09-08T00:02:25.000000Z,0.6943359375,0.69384765625,1.0
2015-09-08T00:02:40.000000Z,0.6943359375,0.69384765625,1.0
2015-09-08T00:02:45.000000Z,0.6943359375,0.69384765625,1.0
2015-09-08T00:02:50.000000Z,0.6943359375,0.69384765625,1.0
2015-09-08T00:02:55.000000Z,0.6943359375,0.6943359375,4.0
2015-09-08T00:03:10.000000Z,0.6943359375,0.69384765625,4.0
2015-09-08T00:03:15.000000Z,0.6943359375,0.69384765625,4.0
2015-09-08T00:03:20.000000Z,0.6943359375,0.69384765625,1.0
2015-09-08T00:04:10.000000Z,0.6943359375,0.6943359375,4.0
2015-09-08T00:04:15.000000Z,0.6943359375,0.6943359375,2.0
2015-09-08T00:04:30.000000Z,0.6943359375,0.6943359375,1.0
2015-09-08T00:04:45.000000Z,0.6943359375,0.6943359375,2.0
2015-09-08T00:04:55.000000Z,0.6943359375,0.6943359375,2.0
2015-09-08T00:05:00.000000Z,0.6943359375,0.6943359375,2.0
2015-09-08T00:05:10.000000Z,0.6943359375,0.6943359375,1.0
2015-09-08T00:06:30.000000Z,0.6943359375,0.6943359375,3.0
2015-09-08T00:06:50.000000Z,0.6943359375,0.6943359375,1.0
2015-09-08T00:07:05.000000Z,0.6943359375,0.6943359375,2.0
2015-09-08T00:08:10.000000Z,0.6943359375,0.6943359375,1.0
2015-09-08T00:08:25.000000Z,0.6943359375,0.6943359375,1.0
2015-09-08T00:08:30.000000Z,0.6943359375,0.69384765625,1.0
2015-09-08T00:08:55.000000Z,0.6943359375,0.6943359375,1.0
2015-09-08T00:09:10.000000Z,0.6943359375,0.69384765625,2.0
2015-09-08T00:09:20.000000Z,0.6943359375,0.69384765625,1.0
2015-09-08T00:09:30.000000Z,0.6943359375,0.69384765625,2.0
2015-09-08T00:09:35.000000Z,0.6943359375,0.69384765625,1.0
2015-09-08T00:09:40.000000Z,0.6943359375,0.6943359375,3.0
2015-09-08T00:10:35.000000Z,0.6943359375,0.6943359375,2.0
2015-09-08T00:10:40.000000Z,0.6943359375,0.69384765625,2.0
2015-09-08T00:10:55.000000Z,0.6943359375,0.69384765625,2.0
2015-09-08T00:11:00.000000Z,0.6943359375,0.69384765625,3.0
2015-09-08T00:11:10.000000Z,0.6943359375,0.6943359375,4.0
2015-09-08T00:11:25.000000Z,0.6943359375,0.69384765625,1.0
2015-09-08T00:11:30.000000Z,0.6943359375,0.69384765625,2.0
2015-09-08T00:11:40.000000Z,0.6943359375,0.69384765625,2.0
2015-09-08T00:11:55.000000Z,0.6943359375,0.69384765625,1.0
2015-09-08T00:13:00.000000Z,0.6943359375,0.69384765625,1.0
2015-09-08T00:13:30.000000Z,0.6943359375,0.69384765625,1.0
2015-09-08T00:14:30.000000Z,0.6943359375,0.6943359375,1.0
2015-09-08T00:15:10.000000Z,0.6943359375,0.69384765625,1.0
2015-09-08T00:15:35.000000Z,0.6943359375,0.69384765625,2.0
2015-09-08T00:16:00.000000Z,0.69384765625,0.69384765625,1.0
2015-09-08T00:16:05.000000Z,0.6943359375,0.69384765625,1.0
2015-09-08T00:16:40.000000Z,0.6943359375,0.69384765625,1.0
2015-09-08T00:17:10.000000Z,0.6943359375,0.69384765625,2.0
2015-09-08T00:17:40.000000Z,0.6943359375,0.69384765625,1.0
2015-09-08T00:17:45.000000Z,0.6943359375,0.69384765625,2.0
2015-09-08T00:19:05.000000Z,0.6943359375,0.69384765625,4.0
2015-09-08T00:19:10.000000Z,0.6943359375,0.69384765625,4.0
2015-09-08T00:20:15.000000Z,0.6943359375,0.69384765625,1.0
2015-09-08T00:20:20.000000Z,0.6943359375,0.69384765625,1.0
2015-09-08T00:22:05.000000Z,0.6943359375,0.69384765625,1.0
2015-09-08T00:22:10.000000Z,0.6943359375,0.69384765625,1.0
2015-09-08T00:22:15.000000Z,0.69384765625,0.69384765625,2.0
2015-09-08T00:22:20.000000Z,0.69384765625,0.69384765625,1.0
2015-09-08T00:22:25.000000Z,0.6943359375,0.69384765625,1.0
2015-09-08T00:22:30.000000Z,0.6943359375,0.69384765625,3.0
2015-09-08T00:22:55.000000Z,0.6943359375,0.69384765625,2.0
2015-09-08T00:24:00.000000Z,0.6943359375,0.69384765625,1.0
2015-09-08T00:24:30.000000Z,0.6943359375,0.69384765625,1.0
2015-09-08T00:25:00.000000Z,0.6943359375,0.69384765625,2.0
2015-09-08T00:25:40.000000Z,0.6943359375,0.69384765625,1.0
2015-09-08T00:25:50.000000Z,0.6943359375,0.69384765625,1.0
2015-09-08T00:26:50.000000Z,0.69384765625,0.69384765625,1.0
2015-09-08T00:26:55.000000Z,0.6943359375,0.69384765625,3.0
2015-09-08T00:27:05.000000Z,0.69384765625,0.69384765625,1.0
2015-09-08T00:27:20.000000Z,0.69384765625,0.69384765625,1.0
2015-09-08T00:27:25.000000Z,0.69384765625,0.69384765625,1.0
2015-09-08T00:27:30.000000Z,0.6943359375,0.69384765625,3.0
2015-09-08T00:28:30.000000Z,0.69384765625,0.69384765625,1.0
2015-09-08T00:28:40.000000Z,0.69384765625,0.69384765625,1.0
2015-09-08T00:29:35.000000Z,0.69384765625,0.69384765625,3.0
2015-09-08T00:29:40.000000Z,0.69384765625,0.69384765625,1.0
2015-09-08T00:29:50.000000Z,0.69384765625,0.69384765625,1.0
2015-09-08T00:29:55.000000Z,0.69384765625,0.69384765625,1.0
2015-09-08T00:30:00.000000Z,0.69384765625,0.69384765625,1.0
2015-09-08T00:30:20.000000Z,0.69384765625,0.69384765625,1.0
2015-09-08T00:30:45.000000Z,0.69384765625,0.69384765625,3.0
2015-09-08T00:30:50.000000Z,0.69384765625,0.69384765625,1.0
2015-09-08T00:31:40.000000Z,0.69384765625,0.69384765625,2.0
2015-09-08T00:31:45.000000Z,0.69384765625,0.69384765625,2.0
2015-09-08T00:31:50.000000Z,0.6943359375,0.69384765625,2.0
2015-09-08T00:32:10.000000Z,0.6943359375,0.6943359375,4.0
2015-09-08T00:32:20.000000Z,0.6943359375,0.6943359375,2.0
2015-09-08T00:32:35.000000Z,0.6943359375,0.69384765625,1.0
2015-09-08T00:32:40.000000Z,0.6943359375,0.69384765625,1.0
2015-09-08T00:32:50.000000Z,0.6943359375,0.6943359375,1.0
2015-09-08T00:32:55.000000Z,0.6943359375,0.69384765625,2.0
2015-09-08T00:33:00.000000Z,0.6943359375,0.69384765625,1.0
2015-09-08T00:33:35.000000Z,0.6943359375,0.69384765625,1.0
2015-09-08T00:33:40.000000Z,0.69384765625,0.69384765625,1.0
2015-09-08T00:35:25.000000Z,0.69384765625,0.69384765625,1.0
2015-09-08T00:35:35.000000Z,0.6943359375,0.69384765625,1.0
2015-09-08T00:35:45.000000Z,0.6943359375,0.69384765625,2.0
2015-09-08T00:36:00.000000Z,0.6943359375,0.69384765625,1.0
2015-09-08T00:37:35.000000Z,0.6943359375,0.6943359375,3.0
2015-09-08T00:37:40.000000Z,0.6943359375,0.6943359375,2.0
2015-09-08T00:37:55.000000Z,0.6943359375,0.6943359375,1.0
2015-09-08T00:38:35.000000Z,0.6943359375,0.6943359375,2.0
2015-09-08T00:39:05.000000Z,0.6943359375,0.6943359375,1.0
2015-09-08T00:39:10.000000Z,0.6943359375,0.6943359375,2.0
2015-09-08T00:39:55.000000Z,0.6943359375,0.6943359375,2.0
2015-09-08T00:40:05.000000Z,0.6943359375,0.6943359375,1.0
2015-09-08T00:40:25.000000Z,0.6943359375,0.6943359375,3.0
2015-09-08T00:40:55.000000Z,0.6943359375,0.6943359375,3.0
2015-09-08T00:41:00.000000Z,0.6943359375,0.6943359375,2.0
2015-09-08T00:42:00.000000Z,0.6943359375,0.6943359375,1.0
2015-09-08T00:42:05.000000Z,0.6943359375,0.6943359375,1.0
2015-09-08T00:42:45.000000Z,0.6943359375,0.6943359375,1.0
2015-09-08T00:42:50.000000Z,0.6943359375,0.6943359375,1.0
2015-09-08T00:43:00.000000Z,0.6943359375,0.6943359375,1.0
2015-09-08T00:43:05.000000Z,0.69482421875,0.6943359375,5.0
2015-09-08T00:43:30.000000Z,0.6943359375,0.6943359375,3.0
2015-09-08T00:43:55.000000Z,0.69482421875,0.6943359375,2.0
2015-09-08T00:44:05.000000Z,0.69482421875,0.69482421875,3.0
2015-09-08T00:44:40.000000Z,0.69482421875,0.69482421875,2.0
2015-09-08T00:44:50.000000Z,0.69482421875,0.69482421875,1.0
2015-09-08T00:45:00.000000Z,0.69482421875,0.69482421875,1.0
2015-09-08T00:45:20.000000Z,0.69482421875,0.69482421875,1.0
2015-09-08T00:45:25.000000Z,0.69482421875,0.6943359375,2.0
2015-09-08T00:45:45.000000Z,0.69482421875,0.6943359375,1.0
2015-09-08T00:45:50.000000Z,0.69482421875,0.6943359375,1.0
2015-09-08T00:46:10.000000Z,0.69482421875,0.6943359375,1.0
2015-09-08T00:46:25.000000Z,0.69482421875,0.6943359375,2.0
2015-09-08T00:46:35.000000Z,0.69482421875,0.6943359375,1.0
2015-09-08T00:46:45.000000Z,0.6943359375,0.6943359375,4.0
2015-09-08T00:47:00.000000Z,0.69482421875,0.6943359375,1.0
2015-09-08T00:47:15.000000Z,0.6943359375,0.6943359375,3.0
2015-09-08T00:47:25.000000Z,0.6943359375,0.6943359375,1.0
2015-09-08T00:47:45.000000Z,0.69482421875,0.6943359375,1.0
2015-09-08T00:48:50.000000Z,0.69482421875,0.6943359375,1.0
2015-09-08T00:49:05.000000Z,0.69482421875,0.6943359375,1.0
2015-09-08T00:49:10.000000Z,0.6943359375,0.6943359375,1.0
2015-09-08T00:49:35.000000Z,0.69482421875,0.6943359375,1.0
2015-09-08T00:50:10.000000Z,0.69482421875,0.6943359375,1.0
2015-09-08T00:51:05.000000Z,0.69482421875,0.6943359375,1.0
2015-09-08T00:51:10.000000Z,0.69482421875,0.6943359375,1.0
2015-09-08T00:51:50.000000Z,0.69482421875,0.6943359375,4.0
2015-09-08T00:52:30.000000Z,0.69482421875,0.69482421875,3.0
2015-09-08T00:52:55.000000Z,0.69482421875,0.69482421875,2.0
2015-09-08T00:53:00.000000Z,0.69482421875,0.69482421875,1.0
2015-09-08T00:53:30.000000Z,0.69482421875,0.69482421875,2.0
2015-09-08T00:53:50.000000Z,0.69482421875,0.69482421875,1.0
2015-09-08T00:54:05.000000Z,0.69482421875,0.69482421875,1.0
2015-09-08T00:54:20.000000Z,0.69482421875,0.6943359375,3.0
2015-09-08T00:54:50.000000Z,0.69482421875,0.69482421875,2.0
2015-09-08T00:54:55.000000Z,0.69482421875,0.6943359375,1.0
2015-09-08T00:55:05.000000Z,0.69482421875,0.69482421875,1.0
2015-09-08T00:55:15.000000Z,0.69482421875,0.69482421875,1.0
2015-09-08T00:55:30.000000Z,0.69482421875,0.6943359375,2.0
2015-09-08T00:57:45.000000Z,0.69482421875,0.69482421875,3.0
2015-09-08T00:58:20.000000Z,0.69482421875,0.69482421875,1.0
2015-09-08T00:58:25.000000Z,0.69482421875,0.6943359375,2.0
2015-09-08T00:58:30.000000Z,0.69482421875,0.69482421875,1.0
2015-09-08T00:58:40.000000Z,0.69482421875,0.69482421875,2.0
2015-09-08T00:58:55.000000Z,0.69482421875,0.6943359375,4.0
2015-09-08T00:59:05.000000Z,0.69482421875,0.6943359375,1.0
2015-09-08T00:59:10.000000Z,0.69482421875,0.6943359375,1.0
2015-09-08T00:59:15.000000Z,0.69482421875,0.69482421875,3.0
2015-09-08T00:59:20.000000Z,0.69482421875,0.69482421875,3.0
2015-09-08T00:59:55.000000Z,0.69482421875,0.6943359375,3.0
2015-09-08T01:00:10.000000Z,0.69482421875,0.6943359375,1.0
2015-09-08T01:00:25.000000Z,0.69482421875,0.6943359375,2.0
2015-09-08T01:00:30.000000Z,0.69482421875,0.69482421875,3.0
2015-09-08T01:00:40.000000Z,0.69482421875,0.69482421875,2.0
2015-09-08T01:00:45.000000Z,0.69482421875,0.69482421875,1.0
2015-09-08T01:00:55.000000Z,0.69482421875,0.6943359375,1.0
2015-09-08T01:01:00.000000Z,0.69482421875,0.6943359375,1.0
2015-09-08T01:01:05.000000Z,0.69482421875,0.69482421875,1.0
2015-09-08T01:01:15.000000Z,0.69482421875,0.6943359375,4.0
2015-09-08T01:01:40.000000Z,0.69482421875,0.6943359375,4.0
2015-09-08T01:02:00.000000Z,0.69482421875,0.6943359375,2.0
2015-09-08T01:02:10.000000Z,0.69482421875,0.6943359375,1.0
2015-09-08T01:02:15.000000Z,0.69482421875,0.6943359375,3.0
2015-09-08T01:02:20.000000Z,0.69482421875,0.6943359375,2.0
2015-09-08T01:02:35.000000Z,0.69482421875,0.69482421875,1.0
2015-09-08T01:02:50.000000Z,0.69482421875,0.69482421875,3.0
2015-09-08T01:03:00.000000Z,0.69482421875,0.69482421875,4.0
2015-09-08T01:03:05.000000Z,0.69482421875,0.69482421875,3.0
2015-09-08T01:03:45.000000Z,0.69482421875,0.69482421875,1.0
2015-09-08T01:03:50.000000Z,0.69482421875,0.69482421875,1.0
2015-09-08T01:03:55.000000Z,0.69482421875,0.6943359375,2.0
2015-09-08T01:04:10.000000Z,0.6943359375,0.6943359375,3.0
2015-09-08T01:04:20.000000Z,0.6943359375,0.6943359375,1.0
2015-09-08T01:04:25.000000Z,0.6943359375,0.6943359375,1.0
2015-09-08T01:05:05.000000Z,0.6943359375,0.6943359375,1.0
2015-09-08T01:05:30.000000Z,0.6943359375,0.6943359375,1.0
2015-09-08T01:06:15.000000Z,0.6943359375,0.6943359375,1.0
2015-09-08T01:06:30.000000Z,0.6943359375,0.6943359375,1.0
2015-09-08T01:07:45.000000Z,0.6943359375,0.6943359375,1.0
2015-09-08T01:07:50.000000Z,0.69482421875,0.6943359375,5.0
2015-09-08T01:07:55.000000Z,0.69482421875,0.6943359375,1.0
2015-09-08T01:08:00.000000Z,0.69482421875,0.69482421875,2.0
2015-09-08T01:08:20.000000Z,0.69482421875,0.6943359375,1.0
2015-09-08T01:08:30.000000Z,0.69482421875,0.6943359375,2.0
2015-09-08T01:08:50.000000Z,0.69482421875,0.6943359375,1.0
2015-09-08T01:08:55.000000Z,0.69482421875,0.6943359375,2.0
2015-09-08T01:09:35.000000Z,0.69482421875,0.69482421875,2.0
2015-09-08T01:09:40.000000Z,0.69482421875,0.69482421875,1.0
2015-09-08T01:10:05.000000Z,0.69482421875,0.69482421875,2.0
2015-09-08T01:10:15.000000Z,0.69482421875,0.69482421875,2.0
2015-09-08T01:11:00.000000Z,0.69482421875,0.69482421875,2.0
2015-09-08T01:11:25.000000Z,0.69482421875,0.69482421875,2.0
2015-09-08T01:11:50.000000Z,0.69482421875,0.6943359375,2.0
2015-09-08T01:11:55.000000Z,0.69482421875,0.6943359375,2.0
2015-09-08T01:13:00.000000Z,0.69482421875,0.6943359375,2.0
2015-09-08T01:13:05.000000Z,0.69482421875,0.6943359375,1.0
2015-09-08T01:13:45.000000Z,0.6943359375,0.6943359375,4.0
2015-09-08T01:13:50.000000Z,0.6943359375,0.6943359375,1.0
2015-09-08T01:13:55.000000Z,0.6943359375,0.6943359375,1.0
2015-09-08T01:14:00.000000Z,0.6943359375,0.6943359375,2.0
2015-09-08T01:14:05.000000Z,0.6943359375,0.6943359375,1.0
2015-09-08T01:14:10.000000Z,0.6943359375,0.6943359375,3.0
2015-09-08T01:14:40.000000Z,0.6943359375,0.6943359375,1.0
2015-09-08T01:14:45.000000Z,0.6943359375,0.6943359375,1.0
2015-09-08T01:15:25.000000Z,0.6943359375,0.6943359375,1.0
2015-09-08T01:15:30.000000Z,0.6943359375,0.6943359375,1.0
2015-09-08T01:15:35.000000Z,0.6943359375,0.6943359375,3.0
2015-09-08T01:15:40.000000Z,0.6943359375,0.6943359375,1.0
2015-09-08T01:16:05.000000Z,0.6943359375,0.6943359375,2.0
2015-09-08T01:16:10.000000Z,0.6943359375,0.6943359375,1.0
2015-09-08T01:16:25.000000Z,0.6943359375,0.6943359375,1.0
2015-09-08T01:17:10.000000Z,0.6943359375,0.6943359375,2.0
2015-09-08T01:18:00.000000Z,0.6943359375,0.6943359375,6.0
2015-09-08T01:18:05.000000Z,0.6943359375,0.69384765625,2.0
2015-09-08T01:19:05.000000Z,0.6943359375,0.69384765625,2.0
2015-09-08T01:19:15.000000Z,0.69384765625,0.69384765625,6.0
2015-09-08T01:19:20.000000Z,0.69384765625,0.69384765625,3.0
2015-09-08T01:19:35.000000Z,0.6943359375,0.69384765625,3.0
2015-09-08T01:19:40.000000Z,0.6943359375,0.69384765625,2.0
2015-09-08T01:19:45.000000Z,0.6943359375,0.69384765625,1.0
2015-09-08T01:20:00.000000Z,0.6943359375,0.69384765625,1.0
2015-09-08T01:20:10.000000Z,0.6943359375,0.69384765625,1.0
2015-09-08T01:20:15.000000Z,0.6943359375,0.6943359375,2.0
2015-09-08T01:20:20.000000Z,0.6943359375,0.6943359375,3.0
2015-09-08T01:21:00.000000Z,0.6943359375,0.6943359375,1.0
2015-09-08T01:21:20.000000Z,0.6943359375,0.6943359375,1.0
2015-09-08T01:21:30.000000Z,0.6943359375,0.6943359375,1.0
2015-09-08T01:22:00.000000Z,0.6943359375,0.69384765625,1.0
2015-09-08T01:22:45.000000Z,0.6943359375,0.69384765625,1.0
2015-09-08T01:22:55.000000Z,0.6943359375,0.6943359375,3.0
2015-09-08T01:24:10.000000Z,0.6943359375,0.69384765625,1.0
2015-09-08T01:24:30.000000Z,0.6943359375,0.69384765625,1.0
2015-09-08T01:24:35.000000Z,0.6943359375,0.6943359375,2.0
2015-09-08T01:24:40.000000Z,0.6943359375,0.6943359375,1.0
2015-09-08T01:25:00.000000Z,0.6943359375,0.6943359375,1.0
2015-09-08T01:25:20.000000Z,0.6943359375,0.6943359375,1.0
2015-09-08T01:25:50.000000Z,0.6943359375,0.6943359375,1.0
2015-09-08T01:25:55.000000Z,0.6943359375,0.6943359375,4.0
2015-09-08T01:26:10.000000Z,0.69384765625,0.69384765625,6.0
2015-09-08T01:26:15.000000Z,0.6943359375,0.69384765625,2.0
2015-09-08T01:26:20.000000Z,0.6943359375,0.69384765625,1.0
2015-09-08T01:26:30.000000Z,0.6943359375,0.69384765625,1.0
2015-09-08T01:26:35.000000Z,0.69384765625,0.69384765625,2.0
2015-09-08T01:26:40.000000Z,0.69384765625,0.69384765625,1.0
2015-09-08T01:26:45.000000Z,0.69384765625,0.69384765625,2.0
2015-09-08T01:27:00.000000Z,0.69384765625,0.69384765625,1.0
2015-09-08T01:27:10.000000Z,0.69384765625,0.69384765625,4.0
2015-09-08T01:27:15.000000Z,0.69384765625,0.69384765625,1.0
2015-09-08T01:27:45.000000Z,0.69384765625,0.693359375,3.0
2015-09-08T01:27:55.000000Z,0.69384765625,0.693359375,1.0
2015-09-08T01:28:00.000000Z,0.69384765625,0.693359375,1.0
2015-09-08T01:28:20.000000Z,0.69384765625,0.69384765625,3.0
2015-09-08T01:28:25.000000Z,0.69384765625,0.69384765625,4.0
2015-09-08T01:28:30.000000Z,0.69384765625,0.69384765625,1.0
2015-09-08T01:28:40.000000Z,0.69384765625,0.69384765625,3.0
2015-09-08T01:28:45.000000Z,0.69384765625,0.69384765625,2.0
2015-09-08T01:29:00.000000Z,0.69384765625,0.69384765625,4.0
2015-09-08T01:29:05.000000Z,0.69384765625,0.69384765625,2.0
2015-09-08T01:29:10.000000Z,0.69384765625,0.69384765625,3.0
2015-09-08T01:29:35.000000Z,0.69384765625,0.693359375,1.0
2015-09-08T01:29:40.000000Z,0.69384765625,0.69384765625,2.0
2015-09-08T01:29:45.000000Z,0.69384765625,0.693359375,5.0
2015-09-08T01:29:50.000000Z,0.69384765625,0.693359375,2.0
2015-09-08T01:29:55.000000Z,0.69384765625,0.69384765625,1.0
2015-09-08T01:30:00.000000Z,0.6953125,0.69384765625,15.0
2015-09-08T01:30:05.000000Z,0.6943359375,0.69384765625,13.0
2015-09-08T01:30:10.000000Z,0.6943359375,0.6943359375,9.0
2015-09-08T01:30:15.000000Z,0.6943359375,0.69384765625,5.0
2015-09-08T01:30:20.000000Z,0.69384765625,0.69384765625,6.0
2015-09-08T01:30:25.000000Z,0.69384765625,0.693359375,2.0
2015-09-08T01:30:30.000000Z,0.69384765625,0.69384765625,8.0
2015-09-08T01:30:40.000000Z,0.69384765625,0.693359375,9.0
2015-09-08T01:30:45.000000Z,0.693359375,0.693359375,7.0
2015-09-08T01:30:50.000000Z,0.693359375,0.693359375,3.0
2015-09-08T01:30:55.000000Z,0.69384765625,0.693359375,8.0
2015-09-08T01:31:00.000000Z,0.69384765625,0.693359375,3.0
2015-09-08T01:31:10.000000Z,0.69384765625,0.693359375,2.0
2015-09-08T01:31:35.000000Z,0.69384765625,0.693359375,2.0
2015-09-08T01:31:45.000000Z,0.69384765625,0.693359375,2.0
2015-09-08T01:31:55.000000Z,0.69384765625,0.693359375,1.0
2015-09-08T01:32:00.000000Z,0.693359375,0.693359375,1.0
2015-09-08T01:32:15.000000Z,0.69384765625,0.693359375,7.0
2015-09-08T01:32:20.000000Z,0.69384765625,0.69384765625,3.0
2015-09-08T01:32:25.000000Z,0.69384765625,0.69384765625,1.0
2015-09-08T01:32:45.000000Z,0.69384765625,0.69384765625,3.0
2015-09-08T01:32:50.000000Z,0.6943359375,0.69384765625,3.0
2015-09-08T01:33:00.000000Z,0.69384765625,0.69384765625,1.0
2015-09-08T01:33:15.000000Z,0.6943359375,0.69384765625,2.0
2015-09-08T01:33:20.000000Z,0.6943359375,0.69384765625,4.0
2015-09-08T01:33:25.000000Z,0.6943359375,0.69384765625,2.0
2015-09-08T01:33:40.000000Z,0.6943359375,0.69384765625,1.0
2015-09-08T01:34:10.000000Z,0.6943359375,0.69384765625,1.0
2015-09-08T01:34:15.000000Z,0.6943359375,0.6943359375,5.0
2015-09-08T01:34:30.000000Z,0.6943359375,0.6943359375,1.0
2015-09-08T01:34:35.000000Z,0.6943359375,0.6943359375,1.0
2015-09-08T01:34:45.000000Z,0.69482421875,0.6943359375,4.0
2015-09-08T01:34:50.000000Z,0.69482421875,0.6943359375,1.0
2015-09-08T01:35:00.000000Z,0.69482421875,0.6943359375,3.0
2015-09-08T01:35:10.000000Z,0.69482421875,0.6943359375,2.0
2015-09-08T01:35:30.000000Z,0.6943359375,0.6943359375,3.0
2015-09-08T01:35:35.000000Z,0.6943359375,0.6943359375,4.0
2015-09-08T01:35:40.000000Z,0.6943359375,0.69384765625,3.0
2015-09-08T01:35:45.000000Z,0.6943359375,0.69384765625,3.0
2015-09-08T01:35:50.000000Z,0.6943359375,0.69384765625,3.0
2015-09-08T01:36:00.000000Z,0.6943359375,0.6943359375,4.0
2015-09-08T01:36:10.000000Z,0.6943359375,0.6943359375,3.0
2015-09-08T01:36:15.000000Z,0.6943359375,0.6943359375,3.0
2015-09-08T01:36:20.000000Z,0.6943359375,0.6943359375,1.0
2015-09-08T01:36:25.000000Z,0.6943359375,0.6943359375,1.0
2015-09-08T01:36:30.000000Z,0.6943359375,0.6943359375,2.0
2015-09-08T01:36:35.000000Z,0.69482421875,0.6943359375,4.0
2015-09-08T01:36:40.000000Z,0.69482421875,0.6943359375,1.0
2015-09-08T01:36:45.000000Z,0.69482421875,0.69482421875,6.0
2015-09-08T01:36:50.000000Z,0.69482421875,0.69482421875,1.0
2015-09-08T01:37:00.000000Z,0.69482421875,0.6943359375,5.0
2015-09-08T01:37:15.000000Z,0.69482421875,0.69482421875,3.0
2015-09-08T01:37:20.000000Z,0.6953125,0.69482421875,4.0
2015-09-08T01:37:25.000000Z,0.6953125,0.69482421875,2.0
2015-09-08T01:37:30.000000Z,0.6953125,0.6953125,3.0
2015-09-08T01:37:35.000000Z,0.6953125,0.6953125,8.0
2015-09-08T01:37:40.000000Z,0.6962890625,0.69580078125,16.0
2015-09-08T01:37:45.000000Z,0.6962890625,0.69580078125,22.0
2015-09-08T01:37:50.000000Z,0.6962890625,0.69580078125,3.0
2015-09-08T01:37:55.000000Z,0.6962890625,0.69580078125,5.0
2015-09-08T01:38:00.000000Z,0.6962890625,0.69580078125,4.0
2015-09-08T01:38:05.000000Z,0.6962890625,0.69580078125,6.0
2015-09-08T01:38:10.000000Z,0.6962890625,0.6962890625,1.0
2015-09-08T01:38:15.000000Z,0.6962890625,0.6962890625,4.0
2015-09-08T01:38:20.000000Z,0.6962890625,0.69580078125,1.0
2015-09-08T01:38:25.000000Z,0.6962890625,0.69580078125,2.0
2015-09-08T01:38:35.000000Z,0.69580078125,0.69580078125,4.0
2015-09-08T01:38:40.000000Z,0.69580078125,0.69580078125,3.0
2015-09-08T01:38:50.000000Z,0.69580078125,0.6953125,5.0
2015-09-08T01:38:55.000000Z,0.69580078125,0.69580078125,1.0
2015-09-08T01:39:00.000000Z,0.69580078125,0.69580078125,3.0
2015-09-08T01:39:05.000000Z,0.69580078125,0.69580078125,3.0
2015-09-08T01:39:10.000000Z,0.6962890625,0.69580078125,4.0
2015-09-08T01:39:25.000000Z,0.69580078125,0.69580078125,2.0
2015-09-08T01:39:35.000000Z,0.69580078125,0.69580078125,6.0
2015-09-08T01:39:40.000000Z,0.69580078125,0.69580078125,3.0
2015-09-08T01:39:45.000000Z,0.69580078125,0.69580078125,4.0
2015-09-08T01:39:50.000000Z,0.69580078125,0.69580078125,3.0
2015-09-08T01:39:55.000000Z,0.69580078125,0.69580078125,1.0
2015-09-08T01:40:10.000000Z,0.69580078125,0.6953125,4.0
2015-09-08T01:40:20.000000Z,0.69580078125,0.6953125,1.0
2015-09-08T01:40:25.000000Z,0.69580078125,0.6953125,1.0
2015-09-08T01:40:40.000000Z,0.69580078125,0.69580078125,1.0
2015-09-08T01:40:55.000000Z,0.69580078125,0.69580078125,3.0
2015-09-08T01:41:10.000000Z,0.69580078125,0.69580078125,1.0
2015-09-08T01:41:15.000000Z,0.69580078125,0.69580078125,1.0
2015-09-08T01:41:30.000000Z,0.69580078125,0.69580078125,2.0
2015-09-08T01:41:35.000000Z,0.69580078125,0.69580078125,4.0
2015-09-08T01:41:45.000000Z,0.69580078125,0.69580078125,1.0
2015-09-08T01:41:50.000000Z,0.6962890625,0.69580078125,5.0
2015-09-08T01:41:55.000000Z,0.6962890625,0.6962890625,5.0
2015-09-08T01:42:00.000000Z,0.6962890625,0.6962890625,5.0
2015-09-08T01:42:05.000000Z,0.6962890625,0.6962890625,3.0
2015-09-08T01:42:10.000000Z,0.69677734375,0.69677734375,15.0
2015-09-08T01:42:15.000000Z,0.69677734375,0.69677734375,15.0
2015-09-08T01:42:20.000000Z,0.697265625,0.69677734375,11.0
2015-09-08T01:42:25.000000Z,0.697265625,0.69677734375,11.0
2015-09-08T01:42:30.000000Z,0.69677734375,0.69677734375,3.0
2015-09-08T01:42:35.000000Z,0.69677734375,0.69677734375,1.0
2015-09-08T01:42:40.000000Z,0.69677734375,0.69677734375,2.0
2015-09-08T01:42:45.000000Z,0.69677734375,0.69677734375,4.0
2015-09-08T01:42:50.000000Z,0.69677734375,0.69677734375,2.0
2015-09-08T01:42:55.000000Z,0.69677734375,0.69677734375,1.0
2015-09-08T01:43:00.000000Z,0.69677734375,0.69677734375,1.0
2015-09-08T01:43:05.000000Z,0.69677734375,0.69677734375,1.0
2015-09-08T01:43:10.000000Z,0.69677734375,0.6962890625,3.0
2015-09-08T01:43:15.000000Z,0.69677734375,0.6962890625,2.0
2015-09-08T01:43:25.000000Z,0.69677734375,0.6962890625,2.0
2015-09-08T01:43:30.000000Z,0.69677734375,0.6962890625,1.0
2015-09-08T01:43:55.000000Z,0.6962890625,0.6962890625,3.0
2015-09-08T01:44:00.000000Z,0.6962890625,0.6962890625,5.0
2015-09-08T01:44:20.000000Z,0.6962890625,0.6962890625,2.0
2015-09-08T01:44:25.000000Z,0.69677734375,0.6962890625,2.0
2015-09-08T01:44:40.000000Z,0.6962890625,0.6962890625,3.0
2015-09-08T01:44:45.000000Z,0.6962890625,0.6962890625,1.0
2015-09-08T01:44:50.000000Z,0.6962890625,0.6962890625,1.0
2015-09-08T01:45:00.000000Z,0.6962890625,0.6962890625,1.0
2015-09-08T01:45:05.000000Z,0.6962890625,0.6962890625,2.0
2015-09-08T01:45:20.000000Z,0.6962890625,0.6962890625,1.0
2015-09-08T01:45:35.000000Z,0.6962890625,0.6962890625,1.0
2015-09-08T01:46:00.000000Z,0.69677734375,0.6962890625,4.0
2015-09-08T01:46:05.000000Z,0.69677734375,0.6962890625,2.0
2015-09-08T01:46:10.000000Z,0.69677734375,0.6962890625,2.0
2015-09-08T01:46:15.000000Z,0.69677734375,0.6962890625,1.0
2015-09-08T01:46:20.000000Z,0.6962890625,0.6962890625,1.0
2015-09-08T01:46:25.000000Z,0.6962890625,0.6962890625,2.0
2015-09-08T01:46:30.000000Z,0.6962890625,0.6962890625,2.0
2015-09-08T01:46:35.000000Z,0.6962890625,0.6962890625,1.0
2015-09-08T01:46:50.000000Z,0.6962890625,0.69580078125,3.0
2015-09-08T01:46:55.000000Z,0.6962890625,0.69580078125,3.0
2015-09-08T01:47:00.000000Z,0.6962890625,0.69580078125,1.0
2015-09-08T01:47:05.000000Z,0.6962890625,0.69580078125,3.0
2015-09-08T01:47:10.000000Z,0.6962890625,0.69580078125,1.0
2015-09-08T01:47:15.000000Z,0.6962890625,0.69580078125,1.0
2015-09-08T01:47:20.000000Z,0.69580078125,0.69580078125,4.0
2015-09-08T01:47:25.000000Z,0.69580078125,0.69580078125,2.0
2015-09-08T01:47:35.000000Z,0.69580078125,0.69580078125,1.0
2015-09-08T01:48:40.000000Z,0.69580078125,0.69580078125,7.0
2015-09-08T01:48:45.000000Z,0.69580078125,0.69580078125,1.0
2015-09-08T01:48:50.000000Z,0.6962890625,0.69580078125,1.0
2015-09-08T01:48:55.000000Z,0.6962890625,0.6962890625,5.0
2015-09-08T01:49:05.000000Z,0.6962890625,0.6962890625,2.0
2015-09-08T01:49:25.000000Z,0.6962890625,0.6962890625,3.0
2015-09-08T01:49:45.000000Z,0.6962890625,0.6962890625,3.0
2015-09-08T01:49:55.000000Z,0.6962890625,0.69580078125,4.0
2015-09-08T01:50:00.000000Z,0.6962890625,0.6962890625,6.0
2015-09-08T01:50:05.000000Z,0.6962890625,0.6962890625,1.0
2015-09-08T01:50:25.000000Z,0.6962890625,0.6962890625,4.0
2015-09-08T01:50:30.000000Z,0.6962890625,0.69580078125,8.0
2015-09-08T01:50:35.000000Z,0.6962890625,0.69580078125,1.0
2015-09-08T01:50:40.000000Z,0.6962890625,0.6962890625,4.0
2015-09-08T01:50:50.000000Z,0.6962890625,0.69580078125,4.0
2015-09-08T01:50:55.000000Z,0.6962890625,0.69580078125,5.0
2015-09-08T01:51:05.000000Z,0.6962890625,0.6962890625,1.0
2015-09-08T01:51:10.000000Z,0.6962890625,0.69580078125,4.0
2015-09-08T01:51:15.000000Z,0.6962890625,0.69580078125,2.0
2015-09-08T01:51:20.000000Z,0.6962890625,0.69580078125,1.0
2015-09-08T01:52:25.000000Z,0.69580078125,0.69580078125,2.0
2015-09-08T01:52:40.000000Z,0.6962890625,0.69580078125,6.0
2015-09-08T01:52:50.000000Z,0.6962890625,0.6962890625,3.0
2015-09-08T01:53:05.000000Z,0.6962890625,0.6962890625,1.0
2015-09-08T01:53:35.000000Z,0.6962890625,0.6962890625,1.0
2015-09-08T01:54:15.000000Z,0.6962890625,0.6962890625,1.0
2015-09-08T01:55:10.000000Z,0.6962890625,0.69580078125,3.0
2015-09-08T01:55:25.000000Z,0.6962890625,0.69580078125,1.0
2015-09-08T01:55:30.000000Z,0.6962890625,0.69580078125,1.0
2015-09-08T01:55:40.000000Z,0.6962890625,0.6962890625,2.0
2015-09-08T01:55:45.000000Z,0.6962890625,0.69580078125,4.0
2015-09-08T01:56:05.000000Z,0.6962890625,0.6962890625,1.0
2015-09-08T01:56:25.000000Z,0.6962890625,0.6962890625,3.0
2015-09-08T01:56:30.000000Z,0.6962890625,0.6962890625,2.0
2015-09-08T01:56:35.000000Z,0.6962890625,0.6962890625,2.0
2015-09-08T01:56:40.000000Z,0.6962890625,0.6962890625,1.0
2015-09-08T01:56:50.000000Z,0.69677734375,0.69677734375,6.0
2015-09-08T01:56:55.000000Z,0.69677734375,0.6962890625,1.0
2015-09-08T01:57:05.000000Z,0.69677734375,0.6962890625,2.0
2015-09-08T01:57:10.000000Z,0.6962890625,0.6962890625,6.0
2015-09-08T01:57:15.000000Z,0.6962890625,0.6962890625,1.0
2015-09-08T01:57:30.000000Z,0.6962890625,0.6962890625,7.0
2015-09-08T01:57:35.000000Z,0.69677734375,0.6962890625,2.0
2015-09-08T01:57:45.000000Z,0.6962890625,0.6962890625,1.0
2015-09-08T01:57:50.000000Z,0.6962890625,0.6962890625,4.0
2015-09-08T01:57:55.000000Z,0.6962890625,0.6962890625,2.0
2015-09-08T01:58:05.000000Z,0.6962890625,0.6962890625,1.0
2015-09-08T01:58:10.000000Z,0.6962890625,0.6962890625,3.0
2015-09-08T01:58:15.000000Z,0.6962890625,0.69580078125,2.0
2015-09-08T01:58:20.000000Z,0.6962890625,0.6962890625,8.0
2015-09-08T01:58:25.000000Z,0.6962890625,0.6962890625,3.0
2015-09-08T01:58:50.000000Z,0.6962890625,0.6962890625,6.0
2015-09-08T01:59:25.000000Z,0.6962890625,0.69580078125,3.0
2015-09-08T01:59:35.000000Z,0.6962890625,0.6962890625,4.0
2015-09-08T01:59:45.000000Z,0.6962890625,0.6962890625,6.0
2015-09-08T02:00:00.000000Z,0.6962890625,0.6962890625,7.0
2015-09-08T02:00:05.000000Z,0.6962890625,0.6962890625,1.0
2015-09-08T02:00:15.000000Z,0.6962890625,0.6962890625,1.0
2015-09-08T02:00:20.000000Z,0.6962890625,0.69580078125,2.0
2015-09-08T02:00:25.000000Z,0.6962890625,0.6962890625,6.0
2015-09-08T02:00:30.000000Z,0.6962890625,0.69580078125,1.0
2015-09-08T02:00:35.000000Z,0.6962890625,0.69580078125,1.0
2015-09-08T02:00:40.000000Z,0.6962890625,0.69580078125,1.0
2015-09-08T02:00:45.000000Z,0.6962890625,0.69580078125,1.0
2015-09-08T02:00:50.000000Z,0.6962890625,0.69580078125,1.0
2015-09-08T02:00:55.000000Z,0.6962890625,0.6962890625,3.0
2015-09-08T02:01:00.000000Z,0.6962890625,0.6962890625,2.0
2015-09-08T02:01:15.000000Z,0.6962890625,0.69580078125,1.0
2015-09-08T02:01:20.000000Z,0.6962890625,0.6962890625,1.0
2015-09-08T02:01:40.000000Z,0.6962890625,0.6962890625,2.0
2015-09-08T02:01:45.000000Z,0.6962890625,0.6962890625,2.0
2015-09-08T02:01:50.000000Z,0.6962890625,0.6962890625,1.0
2015-09-08T02:01:55.000000Z,0.6962890625,0.6962890625,3.0
2015-09-08T02:02:00.000000Z,0.69677734375,0.6962890625,4.0
2015-09-08T02:02:10.000000Z,0.6962890625,0.6962890625,2.0
2015-09-08T02:02:35.000000Z,0.6962890625,0.6962890625,1.0
2015-09-08T02:02:50.000000Z,0.6962890625,0.6962890625,2.0
2015-09-08T02:02:55.000000Z,0.6962890625,0.6962890625,2.0
2015-09-08T02:03:05.000000Z,0.6962890625,0.6962890625,1.0
2015-09-08T02:03:20.000000Z,0.6962890625,0.6962890625,2.0
2015-09-08T02:03:30.000000Z,0.6962890625,0.6962890625,1.0
2015-09-08T02:03:40.000000Z,0.6962890625,0.6962890625,1.0
2015-09-08T02:04:10.000000Z,0.6962890625,0.6962890625,1.0
2015-09-08T02:04:20.000000Z,0.69677734375,0.6962890625,2.0
2015-09-08T02:05:20.000000Z,0.69677734375,0.6962890625,1.0
2015-09-08T02:05:35.000000Z,0.69677734375,0.6962890625,1.0
2015-09-08T02:05:45.000000Z,0.69677734375,0.69677734375,3.0
2015-09-08T02:05:50.000000Z,0.69677734375,0.69677734375,1.0
2015-09-08T02:06:00.000000Z,0.69677734375,0.6962890625,2.0
2015-09-08T02:06:10.000000Z,0.69677734375,0.6962890625,1.0
2015-09-08T02:06:55.000000Z,0.69677734375,0.6962890625,2.0
2015-09-08T02:07:10.000000Z,0.69677734375,0.6962890625,1.0
2015-09-08T02:07:15.000000Z,0.69677734375,0.6962890625,1.0
2015-09-08T02:07:25.000000Z,0.69677734375,0.6962890625,2.0
2015-09-08T02:07:30.000000Z,0.69677734375,0.6962890625,1.0
2015-09-08T02:07:35.000000Z,0.6962890625,0.6962890625,8.0
2015-09-08T02:07:40.000000Z,0.6962890625,0.6962890625,4.0
2015-09-08T02:07:45.000000Z,0.6962890625,0.6962890625,1.0
2015-09-08T02:08:10.000000Z,0.6962890625,0.6962890625,1.0
2015-09-08T02:08:15.000000Z,0.6962890625,0.6962890625,5.0
2015-09-08T02:08:20.000000Z,0.6962890625,0.6962890625,3.0
2015-09-08T02:08:25.000000Z,0.6962890625,0.6962890625,6.0
2015-09-08T02:08:30.000000Z,0.6962890625,0.6962890625,5.0
2015-09-08T02:08:40.000000Z,0.6962890625,0.6962890625,2.0
2015-09-08T02:08:50.000000Z,0.6962890625,0.6962890625,2.0
2015-09-08T02:08:55.000000Z,0.69677734375,0.6962890625,2.0
2015-09-08T02:09:00.000000Z,0.6962890625,0.6962890625,3.0
2015-09-08T02:09:10.000000Z,0.6962890625,0.6962890625,1.0
2015-09-08T02:09:15.000000Z,0.6962890625,0.6962890625,1.0
2015-09-08T02:10:15.000000Z,0.6962890625,0.6962890625,4.0
2015-09-08T02:10:40.000000Z,0.6962890625,0.6962890625,1.0
2015-09-08T02:12:35.000000Z,0.6962890625,0.6962890625,3.0
2015-09-08T02:13:05.000000Z,0.6962890625,0.6962890625,2.0
2015-09-08T02:13:15.000000Z,0.6962890625,0.6962890625,1.0
2015-09-08T02:13:25.000000Z,0.6962890625,0.6962890625,1.0
2015-09-08T02:13:30.000000Z,0.6962890625,0.6962890625,5.0
2015-09-08T02:13:40.000000Z,0.6962890625,0.6962890625,2.0
2015-09-08T02:13:45.000000Z,0.6962890625,0.6962890625,3.0
2015-09-08T02:13:50.000000Z,0.6962890625,0.6962890625,1.0
2015-09-08T02:13:55.000000Z,0.6962890625,0.6962890625,1.0
2015-09-08T02:14:00.000000Z,0.6962890625,0.6962890625,2.0
2015-09-08T02:14:05.000000Z,0.6962890625,0.6962890625,1.0
2015-09-08T02:14:10.000000Z,0.6962890625,0.69580078125,3.0
2015-09-08T02:14:15.000000Z,0.6962890625,0.69580078125,2.0
2015-09-08T02:15:00.000000Z,0.69580078125,0.69580078125,2.0
2015-09-08T02:15:05.000000Z,0.69580078125,0.69580078125,1.0
2015-09-08T02:15:25.000000Z,0.69580078125,0.69580078125,1.0
2015-09-08T02:15:35.000000Z,0.69580078125,0.69580078125,2.0
2015-09-08T02:15:40.000000Z,0.69580078125,0.69580078125,1.0
2015-09-08T02:15:55.000000Z,0.69580078125,0.69580078125,2.0
2015-09-08T02:16:00.000000Z,0.69580078125,0.6953125,2.0
2015-09-08T02:16:05.000000Z,0.69580078125,0.6953125,1.0
2015-09-08T02:16:10.000000Z,0.6953125,0.6953125,9.0
2015-09-08T02:16:15.000000Z,0.6953125,0.6953125,4.0
2015-09-08T02:16:20.000000Z,0.6953125,0.6953125,4.0
2015-09-08T02:16:25.000000Z,0.6953125,0.6953125,1.0
2015-09-08T02:16:30.000000Z,0.6953125,0.6953125,2.0
2015-09-08T02:16:35.000000Z,0.6953125,0.6953125,2.0
2015-09-08T02:16:45.000000Z,0.69580078125,0.6953125,5.0
2015-09-08T02:16:50.000000Z,0.6953125,0.6953125,4.0
2015-09-08T02:17:00.000000Z,0.69580078125,0.6953125,2.0
2015-09-08T02:17:05.000000Z,0.69580078125,0.6953125,1.0
2015-09-08T02:17:40.000000Z,0.69580078125,0.6953125,3.0
2015-09-08T02:18:20.000000Z,0.69580078125,0.69580078125,2.0
2015-09-08T02:18:25.000000Z,0.69580078125,0.6953125,1.0
2015-09-08T02:19:00.000000Z,0.69580078125,0.69580078125,4.0
2015-09-08T02:19:10.000000Z,0.69580078125,0.69580078125,3.0
2015-09-08T02:19:15.000000Z,0.69580078125,0.69580078125,2.0
2015-09-08T02:19:20.000000Z,0.69580078125,0.69580078125,2.0
2015-09-08T02:19:35.000000Z,0.69580078125,0.69580078125,1.0
2015-09-08T02:19:40.000000Z,0.6962890625,0.69580078125,1.0
2015-09-08T02:19:50.000000Z,0.69580078125,0.69580078125,1.0
2015-09-08T02:19:55.000000Z,0.6962890625,0.69580078125,1.0
2015-09-08T02:20:25.000000Z,0.69580078125,0.69580078125,1.0
2015-09-08T02:20:45.000000Z,0.69580078125,0.69580078125,3.0
2015-09-08T02:21:00.000000Z,0.69580078125,0.69580078125,3.0
2015-09-08T02:21:30.000000Z,0.69580078125,0.69580078125,1.0
2015-09-08T02:21:35.000000Z,0.69580078125,0.6953125,2.0
2015-09-08T02:22:25.000000Z,0.69580078125,0.69580078125,4.0
2015-09-08T02:22:45.000000Z,0.69580078125,0.69580078125,1.0
2015-09-08T02:22:55.000000Z,0.69580078125,0.69580078125,2.0
2015-09-08T02:23:10.000000Z,0.69580078125,0.69580078125,1.0
2015-09-08T02:23:20.000000Z,0.69580078125,0.69580078125,1.0
2015-09-08T02:23:50.000000Z,0.69580078125,0.69580078125,2.0
2015-09-08T02:24:25.000000Z,0.69580078125,0.69580078125,1.0
2015-09-08T02:24:30.000000Z,0.69580078125,0.69580078125,2.0
2015-09-08T02:24:35.000000Z,0.69580078125,0.69580078125,3.0
2015-09-08T02:24:40.000000Z,0.69580078125,0.69580078125,2.0
2015-09-08T02:24:50.000000Z,0.6962890625,0.69580078125,3.0
2015-09-08T02:24:55.000000Z,0.6962890625,0.69580078125,8.0
2015-09-08T02:25:00.000000Z,0.6962890625,0.69580078125,1.0
2015-09-08T02:25:10.000000Z,0.6962890625,0.69580078125,4.0
2015-09-08T02:25:15.000000Z,0.69580078125,0.69580078125,4.0
2015-09-08T02:25:20.000000Z,0.6962890625,0.69580078125,4.0
2015-09-08T02:25:45.000000Z,0.69580078125,0.69580078125,1.0
2015-09-08T02:25:50.000000Z,0.69580078125,0.69580078125,3.0
2015-09-08T02:25:55.000000Z,0.69580078125,0.69580078125,3.0
2015-09-08T02:26:00.000000Z,0.6962890625,0.69580078125,2.0
2015-09-08T02:26:10.000000Z,0.6962890625,0.69580078125,2.0
2015-09-08T02:26:15.000000Z,0.6962890625,0.69580078125,1.0
2015-09-08T02:26:25.000000Z,0.6962890625,0.69580078125,3.0
2015-09-08T02:27:00.000000Z,0.6962890625,0.6962890625,5.0
2015-09-08T02:27:15.000000Z,0.6962890625,0.69580078125,2.0
2015-09-08T02:27:30.000000Z,0.6962890625,0.6962890625,4.0
2015-09-08T02:27:35.000000Z,0.6962890625,0.6962890625,1.0
2015-09-08T02:27:45.000000Z,0.6962890625,0.6962890625,1.0
2015-09-08T02:27:55.000000Z,0.6962890625,0.69580078125,2.0
2015-09-08T02:28:05.000000Z,0.69580078125,0.69580078125,3.0
2015-09-08T02:28:10.000000Z,0.69580078125,0.69580078125,2.0
2015-09-08T02:28:15.000000Z,0.69580078125,0.69580078125,1.0
2015-09-08T02:28:20.000000Z,0.69580078125,0.69580078125,1.0
2015-09-08T02:28:25.000000Z,0.69580078125,0.69580078125,2.0
2015-09-08T02:28:30.000000Z,0.69580078125,0.69580078125,3.0
2015-09-08T02:28:45.000000Z,0.69580078125,0.69580078125,2.0
2015-09-08T02:28:55.000000Z,0.69580078125,0.69580078125,2.0
2015-09-08T02:29:00.000000Z,0.69580078125,0.69580078125,1.0
2015-09-08T02:29:15.000000Z,0.69580078125,0.69580078125,2.0
2015-09-08T02:29:30.000000Z,0.69580078125,0.69580078125,3.0
2015-09-08T02:29:40.000000Z,0.69580078125,0.69580078125,1.0
2015-09-08T02:30:05.000000Z,0.69580078125,0.69580078125,1.0
2015-09-08T02:30:10.000000Z,0.69580078125,0.69580078125,2.0
2015-09-08T02:30:20.000000Z,0.6962890625,0.69580078125,1.0
2015-09-08T02:30:30.000000Z,0.6962890625,0.69580078125,1.0
2015-09-08T02:30:35.000000Z,0.69580078125,0.69580078125,3.0
2015-09-08T02:30:55.000000Z,0.69580078125,0.69580078125,1.0
2015-09-08T02:31:30.000000Z,0.69580078125,0.69580078125,1.0
2015-09-08T02:31:35.000000Z,0.69580078125,0.69580078125,1.0
2015-09-08T02:31:50.000000Z,0.69580078125,0.69580078125,4.0
2015-09-08T02:32:05.000000Z,0.69580078125,0.69580078125,3.0
2015-09-08T02:32:10.000000Z,0.69580078125,0.69580078125,2.0
2015-09-08T02:32:15.000000Z,0.69580078125,0.69580078125,1.0
2015-09-08T02:32:50.000000Z,0.69580078125,0.69580078125,1.0
2015-09-08T02:32:55.000000Z,0.69580078125,0.69580078125,1.0
2015-09-08T02:33:05.000000Z,0.69580078125,0.69580078125,2.0
2015-09-08T02:33:10.000000Z,0.69580078125,0.69580078125,2.0
2015-09-08T02:33:25.000000Z,0.69482421875,0.6943359375,26.0
2015-09-08T02:33:30.000000Z,0.69384765625,0.693359375,30.0
2015-09-08T02:33:35.000000Z,0.69482421875,0.6943359375,21.0
2015-09-08T02:33:40.000000Z,0.6943359375,0.6943359375,23.0
2015-09-08T02:33:45.000000Z,0.6943359375,0.6943359375,10.0
2015-09-08T02:33:50.000000Z,0.69482421875,0.6943359375,8.0
2015-09-08T02:33:55.000000Z,0.69482421875,0.6943359375,5.0
2015-09-08T02:34:00.000000Z,0.6953125,0.69482421875,8.0
2015-09-08T02:34:05.000000Z,0.69482421875,0.69482421875,26.0
2015-09-08T02:34:10.000000Z,0.69482421875,0.69482421875,2.0
2015-09-08T02:34:15.000000Z,0.69482421875,0.6943359375,7.0
2015-09-08T02:34:20.000000Z,0.69482421875,0.6943359375,3.0
2015-09-08T02:34:25.000000Z,0.69482421875,0.6943359375,2.0
2015-09-08T02:34:30.000000Z,0.69482421875,0.6943359375,4.0
2015-09-08T02:34:35.000000Z,0.69482421875,0.6943359375,6.0
2015-09-08T02:34:40.000000Z,0.69482421875,0.6943359375,5.0
2015-09-08T02:34:45.000000Z,0.69482421875,0.69482421875,4.0
2015-09-08T02:34:50.000000Z,0.69482421875,0.69482421875,2.0
2015-09-08T02:34:55.000000Z,0.69482421875,0.6943359375,5.0
2015-09-08T02:35:00.000000Z,0.69482421875,0.69482421875,3.0
2015-09-08T02:35:05.000000Z,0.69482421875,0.69482421875,7.0
2015-09-08T02:35:10.000000Z,0.69482421875,0.69482421875,4.0
2015-09-08T02:35:20.000000Z,0.69482421875,0.6943359375,1.0
2015-09-08T02:35:25.000000Z,0.69482421875,0.6943359375,1.0
2015-09-08T02:35:30.000000Z,0.69482421875,0.6943359375,2.0
2015-09-08T02:35:35.000000Z,0.6943359375,0.6943359375,1.0
2015-09-08T02:35:40.000000Z,0.69482421875,0.6943359375,3.0
2015-09-08T02:35:45.000000Z,0.69482421875,0.6943359375,4.0
2015-09-08T02:35:50.000000Z,0.69482421875,0.6943359375,3.0
2015-09-08T02:35:55.000000Z,0.69482421875,0.6943359375,1.0
2015-09-08T02:36:00.000000Z,0.69482421875,0.6943359375,2.0
2015-09-08T02:36:10.000000Z,0.69482421875,0.69482421875,1.0
2015-09-08T02:36:20.000000Z,0.69482421875,0.69482421875,1.0
2015-09-08T02:36:25.000000Z,0.69482421875,0.69482421875,1.0
2015-09-08T02:36:30.000000Z,0.69482421875,0.69482421875,4.0
2015-09-08T02:37:05.000000Z,0.6953125,0.69482421875,1.0
2015-09-08T02:37:10.000000Z,0.6953125,0.69482421875,1.0
2015-09-08T02:37:25.000000Z,0.6953125,0.6953125,4.0
2015-09-08T02:37:30.000000Z,0.6953125,0.6953125,1.0
2015-09-08T02:37:35.000000Z,0.6953125,0.69482421875,2.0
2015-09-08T02:37:45.000000Z,0.6953125,0.69482421875,1.0
2015-09-08T02:37:50.000000Z,0.6953125,0.69482421875,3.0
2015-09-08T02:37:55.000000Z,0.6953125,0.69482421875,2.0
2015-09-08T02:38:10.000000Z,0.6953125,0.69482421875,3.0
2015-09-08T02:38:15.000000Z,0.6953125,0.6953125,2.0
2015-09-08T02:38:20.000000Z,0.6953125,0.6953125,2.0
2015-09-08T02:38:30.000000Z,0.6953125,0.6953125,1.0
2015-09-08T02:38:35.000000Z,0.6953125,0.6953125,1.0
2015-09-08T02:38:40.000000Z,0.6953125,0.6953125,3.0
2015-09-08T02:38:45.000000Z,0.6953125,0.6953125,1.0
2015-09-08T02:39:10.000000Z,0.6953125,0.69482421875,2.0
2015-09-08T02:39:20.000000Z,0.6953125,0.6953125,3.0
2015-09-08T02:39:25.000000Z,0.6953125,0.6953125,5.0
2015-09-08T02:40:00.000000Z,0.6953125,0.6953125,1.0
2015-09-08T02:40:05.000000Z,0.6953125,0.6953125,3.0
2015-09-08T02:40:15.000000Z,0.6953125,0.6953125,7.0
2015-09-08T02:40:20.000000Z,0.6953125,0.69482421875,4.0
2015-09-08T02:40:35.000000Z,0.6953125,0.69482421875,1.0
2015-09-08T02:40:40.000000Z,0.6953125,0.69482421875,2.0
2015-09-08T02:40:45.000000Z,0.6953125,0.69482421875,4.0
2015-09-08T02:40:50.000000Z,0.6953125,0.69482421875,2.0
2015-09-08T02:40:55.000000Z,0.69482421875,0.69482421875,1.0
2015-09-08T02:41:00.000000Z,0.69482421875,0.69482421875,2.0
2015-09-08T02:41:15.000000Z,0.6953125,0.69482421875,3.0
2015-09-08T02:41:25.000000Z,0.6953125,0.69482421875,2.0
2015-09-08T02:41:30.000000Z,0.6953125,0.69482421875,2.0
2015-09-08T02:41:40.000000Z,0.6953125,0.69482421875,1.0
2015-09-08T02:41:45.000000Z,0.6953125,0.69482421875,1.0
2015-09-08T02:41:50.000000Z,0.6953125,0.69482421875,1.0
2015-09-08T02:42:00.000000Z,0.6953125,0.69482421875,1.0
2015-09-08T02:42:20.000000Z,0.6953125,0.6953125,3.0
2015-09-08T02:42:40.000000Z,0.6953125,0.6953125,1.0
2015-09-08T02:42:45.000000Z,0.6953125,0.6953125,5.0
2015-09-08T02:42:55.000000Z,0.6953125,0.6953125,1.0
2015-09-08T02:43:00.000000Z,0.69580078125,0.6953125,2.0
2015-09-08T02:43:05.000000Z,0.69580078125,0.6953125,1.0
2015-09-08T02:43:10.000000Z,0.69580078125,0.69580078125,3.0
2015-09-08T02:43:15.000000Z,0.69580078125,0.69580078125,3.0
2015-09-08T02:43:20.000000Z,0.69580078125,0.69580078125,2.0
2015-09-08T02:43:25.000000Z,0.69580078125,0.69580078125,4.0
2015-09-08T02:43:30.000000Z,0.69580078125,0.69580078125,3.0
2015-09-08T02:43:45.000000Z,0.69580078125,0.6953125,2.0
2015-09-08T02:43:50.000000Z,0.69580078125,0.6953125,2.0
2015-09-08T02:43:55.000000Z,0.6953125,0.6953125,1.0
2015-09-08T02:44:00.000000Z,0.69580078125,0.6953125,1.0
2015-09-08T02:44:10.000000Z,0.69580078125,0.6953125,4.0
2015-09-08T02:44:30.000000Z,0.69580078125,0.6953125,1.0
2015-09-08T02:44:35.000000Z,0.69580078125,0.6953125,4.0
2015-09-08T02:44:40.000000Z,0.69580078125,0.69580078125,2.0
2015-09-08T02:44:45.000000Z,0.69580078125,0.69580078125,1.0
2015-09-08T02:45:05.000000Z,0.69580078125,0.69580078125,1.0
2015-09-08T02:45:10.000000Z,0.69580078125,0.69580078125,1.0
2015-09-08T02:45:15.000000Z,0.69580078125,0.69580078125,4.0
2015-09-08T02:45:25.000000Z,0.69580078125,0.69580078125,1.0
2015-09-08T02:45:30.000000Z,0.69580078125,0.6953125,1.0
2015-09-08T02:46:10.000000Z,0.69580078125,0.69580078125,4.0
2015-09-08T02:46:15.000000Z,0.69580078125,0.69580078125,1.0
2015-09-08T02:46:30.000000Z,0.69580078125,0.69580078125,1.0
2015-09-08T02:46:40.000000Z,0.69580078125,0.69580078125,4.0
2015-09-08T02:46:50.000000Z,0.69580078125,0.69580078125,1.0
2015-09-08T02:47:10.000000Z,0.69580078125,0.69580078125,1.0
2015-09-08T02:47:25.000000Z,0.6962890625,0.69580078125,3.0
2015-09-08T02:47:30.000000Z,0.69580078125,0.69580078125,2.0
2015-09-08T02:47:45.000000Z,0.6962890625,0.69580078125,2.0
2015-09-08T02:47:55.000000Z,0.6962890625,0.69580078125,1.0
2015-09-08T02:48:00.000000Z,0.6962890625,0.69580078125,1.0
2015-09-08T02:48:10.000000Z,0.6962890625,0.69580078125,1.0
2015-09-08T02:48:25.000000Z,0.6962890625,0.69580078125,2.0
2015-09-08T02:48:30.000000Z,0.6962890625,0.69580078125,1.0
2015-09-08T02:48:35.000000Z,0.6962890625,0.69580078125,2.0
2015-09-08T02:48:55.000000Z,0.6962890625,0.69580078125,1.0
2015-09-08T02:49:10.000000Z,0.6962890625,0.69580078125,1.0
2015-09-08T02:49:15.000000Z,0.6962890625,0.69580078125,2.0
2015-09-08T02:49:25.000000Z,0.6962890625,0.69580078125,1.0
2015-09-08T02:49:50.000000Z,0.6962890625,0.69580078125,1.0
2015-09-08T02:50:10.000000Z,0.6962890625,0.69580078125,1.0
2015-09-08T02:50:45.000000Z,0.6962890625,0.6962890625,2.0
2015-09-08T02:51:00.000000Z,0.69580078125,0.69580078125,8.0
2015-09-08T02:51:05.000000Z,0.69580078125,0.69580078125,4.0
2015-09-08T02:51:10.000000Z,0.69580078125,0.69580078125,3.0
2015-09-08T02:51:15.000000Z,0.69580078125,0.69580078125,1.0
2015-09-08T02:51:30.000000Z,0.69580078125,0.69580078125,1.0
2015-09-08T02:51:35.000000Z,0.69580078125,0.69580078125,4.0
2015-09-08T02:51:45.000000Z,0.69580078125,0.69580078125,4.0
2015-09-08T02:51:50.000000Z,0.69580078125,0.69580078125,2.0
2015-09-08T02:52:00.000000Z,0.69580078125,0.69580078125,4.0
2015-09-08T02:52:05.000000Z,0.69580078125,0.69580078125,2.0
2015-09-08T02:52:20.000000Z,0.69580078125,0.69580078125,5.0
2015-09-08T02:53:15.000000Z,0.69580078125,0.69580078125,2.0
2015-09-08T02:53:20.000000Z,0.69580078125,0.69580078125,1.0
2015-09-08T02:53:30.000000Z,0.69580078125,0.69580078125,2.0
2015-09-08T02:53:50.000000Z,0.69580078125,0.69580078125,3.0
2015-09-08T02:54:00.000000Z,0.69580078125,0.69580078125,1.0
2015-09-08T02:54:20.000000Z,0.69580078125,0.69580078125,1.0
2015-09-08T02:54:25.000000Z,0.69580078125,0.69580078125,4.0
2015-09-08T02:54:30.000000Z,0.69580078125,0.69580078125,2.0
2015-09-08T02:54:35.000000Z,0.69580078125,0.69580078125,1.0
2015-09-08T02:54:45.000000Z,0.69580078125,0.69580078125,2.0
2015-09-08T02:54:50.000000Z,0.69580078125,0.69580078125,1.0
2015-09-08T02:55:00.000000Z,0.69580078125,0.69580078125,4.0
2015-09-08T02:55:10.000000Z,0.69580078125,0.69580078125,1.0
2015-09-08T02:56:05.000000Z,0.6962890625,0.69580078125,3.0
2015-09-08T02:56:10.000000Z,0.69580078125,0.69580078125,1.0
2015-09-08T02:56:35.000000Z,0.6962890625,0.69580078125,1.0
2015-09-08T02:56:40.000000Z,0.69580078125,0.69580078125,2.0
2015-09-08T02:56:50.000000Z,0.69580078125,0.69580078125,2.0
2015-09-08T02:56:55.000000Z,0.69580078125,0.69580078125,2.0
2015-09-08T02:57:00.000000Z,0.69580078125,0.69580078125,1.0
2015-09-08T02:57:30.000000Z,0.69580078125,0.69580078125,2.0
2015-09-08T02:58:00.000000Z,0.6962890625,0.69580078125,3.0
2015-09-08T02:58:05.000000Z,0.6962890625,0.69580078125,3.0
2015-09-08T02:58:15.000000Z,0.6962890625,0.69580078125,1.0
2015-09-08T02:58:20.000000Z,0.6962890625,0.69580078125,1.0
2015-09-08T02:58:30.000000Z,0.69580078125,0.69580078125,1.0
2015-09-08T02:58:50.000000Z,0.69580078125,0.69580078125,2.0
2015-09-08T02:58:55.000000Z,0.69580078125,0.69580078125,1.0
2015-09-08T02:59:00.000000Z,0.69580078125,0.69580078125,1.0
2015-09-08T02:59:25.000000Z,0.69580078125,0.69580078125,1.0
2015-09-08T02:59:30.000000Z,0.69580078125,0.69580078125,1.0
2015-09-08T03:00:10.000000Z,0.69580078125,0.6953125,3.0
2015-09-08T03:00:15.000000Z,0.69580078125,0.6953125,1.0
2015-09-08T03:00:30.000000Z,0.69580078125,0.6953125,1.0
2015-09-08T03:00:40.000000Z,0.69580078125,0.6953125,2.0
2015-09-08T03:00:45.000000Z,0.69580078125,0.69580078125,1.0
2015-09-08T03:01:00.000000Z,0.69580078125,0.6953125,1.0
2015-09-08T03:01:05.000000Z,0.69580078125,0.69580078125,1.0
2015-09-08T03:01:15.000000Z,0.69580078125,0.6953125,1.0
2015-09-08T03:01:20.000000Z,0.69580078125,0.6953125,1.0
2015-09-08T03:01:30.000000Z,0.69580078125,0.6953125,1.0
2015-09-08T03:02:10.000000Z,0.69580078125,0.6953125,2.0
2015-09-08T03:03:25.000000Z,0.69580078125,0.6953125,1.0
2015-09-08T03:03:55.000000Z,0.69580078125,0.6953125,1.0
2015-09-08T03:04:05.000000Z,0.6953125,0.6953125,3.0
2015-09-08T03:04:10.000000Z,0.6953125,0.6953125,1.0
2015-09-08T03:04:25.000000Z,0.6953125,0.6953125,2.0
2015-09-08T03:04:30.000000Z,0.6953125,0.6953125,2.0
2015-09-08T03:04:35.000000Z,0.6953125,0.6953125,3.0
2015-09-08T03:04:40.000000Z,0.6953125,0.69482421875,4.0
2015-09-08T03:04:45.000000Z,0.6953125,0.6953125,4.0
2015-09-08T03:04:50.000000Z,0.6953125,0.6953125,3.0
2015-09-08T03:05:00.000000Z,0.6953125,0.6953125,2.0
2015-09-08T03:05:05.000000Z,0.6953125,0.6953125,7.0
2015-09-08T03:05:10.000000Z,0.6953125,0.6953125,2.0
2015-09-08T03:05:15.000000Z,0.6953125,0.6953125,3.0
2015-09-08T03:05:20.000000Z,0.6953125,0.6953125,2.0
2015-09-08T03:05:45.000000Z,0.6953125,0.6953125,2.0
2015-09-08T03:05:50.000000Z,0.6953125,0.6953125,4.0
2015-09-08T03:05:55.000000Z,0.69580078125,0.6953125,3.0
2015-09-08T03:06:40.000000Z,0.6953125,0.6953125,3.0
2015-09-08T03:06:45.000000Z,0.6953125,0.6953125,5.0
2015-09-08T03:06:50.000000Z,0.6953125,0.6953125,4.0
2015-09-08T03:06:55.000000Z,0.6953125,0.6953125,1.0
2015-09-08T03:07:10.000000Z,0.6953125,0.6953125,1.0
2015-09-08T03:07:25.000000Z,0.6953125,0.6953125,1.0
2015-09-08T03:07:35.000000Z,0.6953125,0.6953125,1.0
2015-09-08T03:07:45.000000Z,0.69580078125,0.6953125,1.0
2015-09-08T03:08:05.000000Z,0.69580078125,0.6953125,1.0
2015-09-08T03:08:45.000000Z,0.69580078125,0.69580078125,3.0
2015-09-08T03:08:50.000000Z,0.69580078125,0.69580078125,1.0
2015-09-08T03:08:55.000000Z,0.69580078125,0.6953125,2.0
2015-09-08T03:09:05.000000Z,0.69580078125,0.6953125,1.0
2015-09-08T03:09:30.000000Z,0.69580078125,0.6953125,1.0
2015-09-08T03:09:45.000000Z,0.69580078125,0.6953125,1.0
2015-09-08T03:09:50.000000Z,0.69580078125,0.6953125,1.0
2015-09-08T03:11:05.000000Z,0.69580078125,0.6953125,3.0
2015-09-08T03:11:15.000000Z,0.69580078125,0.6953125,1.0
2015-09-08T03:11:20.000000Z,0.69580078125,0.69580078125,1.0
2015-09-08T03:11:40.000000Z,0.69580078125,0.6953125,1.0
2015-09-08T03:11:45.000000Z,0.69580078125,0.6953125,1.0
2015-09-08T03:12:05.000000Z,0.69580078125,0.6953125,1.0
2015-09-08T03:12:25.000000Z,0.69580078125,0.6953125,1.0
2015-09-08T03:13:00.000000Z,0.69580078125,0.6953125,1.0
2015-09-08T03:13:05.000000Z,0.6953125,0.6953125,1.0
2015-09-08T03:13:40.000000Z,0.6953125,0.6953125,1.0
2015-09-08T03:13:55.000000Z,0.6953125,0.6953125,1.0
2015-09-08T03:14:40.000000Z,0.6953125,0.69482421875,6.0
2015-09-08T03:14:50.000000Z,0.6953125,0.69482421875,2.0
2015-09-08T03:15:00.000000Z,0.6953125,0.69482421875,1.0
2015-09-08T03:15:40.000000Z,0.6953125,0.6953125,2.0
2015-09-08T03:17:00.000000Z,0.6953125,0.6953125,1.0
2015-09-08T03:17:05.000000Z,0.6953125,0.6953125,1.0
2015-09-08T03:17:20.000000Z,0.6953125,0.69482421875,2.0
2015-09-08T03:17:35.000000Z,0.6953125,0.69482421875,2.0
2015-09-08T03:17:45.000000Z,0.6953125,0.69482421875,3.0
2015-09-08T03:17:50.000000Z,0.69482421875,0.69482421875,1.0
2015-09-08T03:17:55.000000Z,0.69482421875,0.69482421875,1.0
2015-09-08T03:18:30.000000Z,0.69482421875,0.69482421875,1.0
2015-09-08T03:18:50.000000Z,0.69482421875,0.69482421875,2.0
2015-09-08T03:18:55.000000Z,0.69482421875,0.6943359375,5.0
2015-09-08T03:19:00.000000Z,0.69482421875,0.6943359375,1.0
2015-09-08T03:19:05.000000Z,0.69482421875,0.6943359375,1.0
2015-09-08T03:19:10.000000Z,0.69482421875,0.6943359375,2.0
2015-09-08T03:19:15.000000Z,0.69482421875,0.6943359375,1.0
2015-09-08T03:19:25.000000Z,0.69482421875,0.6943359375,1.0
2015-09-08T03:19:30.000000Z,0.69482421875,0.6943359375,1.0
2015-09-08T03:19:40.000000Z,0.69482421875,0.69482421875,1.0
2015-09-08T03:19:45.000000Z,0.69482421875,0.69482421875,1.0
2015-09-08T03:20:25.000000Z,0.69482421875,0.6943359375,2.0
2015-09-08T03:20:30.000000Z,0.69482421875,0.6943359375,2.0
2015-09-08T03:20:35.000000Z,0.69482421875,0.6943359375,1.0
2015-09-08T03:20:40.000000Z,0.6943359375,0.6943359375,4.0
2015-09-08T03:20:45.000000Z,0.6943359375,0.6943359375,1.0
2015-09-08T03:20:50.000000Z,0.69482421875,0.6943359375,1.0
2015-09-08T03:20:55.000000Z,0.69482421875,0.6943359375,1.0
2015-09-08T03:21:00.000000Z,0.69482421875,0.6943359375,1.0
2015-09-08T03:21:10.000000Z,0.69482421875,0.6943359375,1.0
2015-09-08T03:21:15.000000Z,0.69482421875,0.69482421875,2.0
2015-09-08T03:21:40.000000Z,0.69482421875,0.6943359375,1.0
2015-09-08T03:21:45.000000Z,0.69482421875,0.6943359375,2.0
2015-09-08T03:22:15.000000Z,0.69482421875,0.6943359375,1.0
2015-09-08T03:22:20.000000Z,0.69482421875,0.6943359375,1.0
2015-09-08T03:22:35.000000Z,0.69482421875,0.69482421875,3.0
2015-09-08T03:22:40.000000Z,0.69482421875,0.6943359375,1.0
2015-09-08T03:22:50.000000Z,0.69482421875,0.69482421875,1.0
2015-09-08T03:22:55.000000Z,0.69482421875,0.6943359375,2.0
2015-09-08T03:23:05.000000Z,0.69482421875,0.6943359375,1.0
2015-09-08T03:23:10.000000Z,0.69482421875,0.6943359375,1.0
2015-09-08T03:23:15.000000Z,0.6943359375,0.6943359375,4.0
2015-09-08T03:23:20.000000Z,0.6943359375,0.6943359375,2.0
2015-09-08T03:23:30.000000Z,0.69482421875,0.6943359375,2.0
2015-09-08T03:23:55.000000Z,0.69482421875,0.6943359375,2.0
2015-09-08T03:24:30.000000Z,0.69482421875,0.69482421875,2.0
2015-09-08T03:24:40.000000Z,0.69482421875,0.69482421875,2.0
2015-09-08T03:25:00.000000Z,0.69482421875,0.69482421875,2.0
2015-09-08T03:25:15.000000Z,0.69482421875,0.69482421875,4.0
2015-09-08T03:25:20.000000Z,0.69482421875,0.6943359375,3.0
2015-09-08T03:25:55.000000Z,0.69482421875,0.69482421875,2.0
2015-09-08T03:26:00.000000Z,0.69482421875,0.69482421875,1.0
2015-09-08T03:27:10.000000Z,0.69482421875,0.69482421875,2.0
2015-09-08T03:27:30.000000Z,0.69482421875,0.69482421875,2.0
2015-09-08T03:27:35.000000Z,0.69482421875,0.69482421875,2.0
2015-09-08T03:27:45.000000Z,0.69482421875,0.69482421875,1.0
2015-09-08T03:27:55.000000Z,0.69482421875,0.69482421875,1.0
2015-09-08T03:28:10.000000Z,0.69482421875,0.69482421875,1.0
2015-09-08T03:28:20.000000Z,0.6953125,0.69482421875,1.0
2015-09-08T03:28:30.000000Z,0.6953125,0.69482421875,1.0
2015-09-08T03:28:50.000000Z,0.6953125,0.69482421875,2.0
2015-09-08T03:28:55.000000Z,0.6953125,0.69482421875,1.0
2015-09-08T03:29:20.000000Z,0.6953125,0.69482421875,1.0
2015-09-08T03:29:25.000000Z,0.69482421875,0.69482421875,1.0
2015-09-08T03:29:30.000000Z,0.69482421875,0.69482421875,1.0
2015-09-08T03:29:55.000000Z,0.69482421875,0.69482421875,1.0
2015-09-08T03:30:00.000000Z,0.69482421875,0.69482421875,1.0
2015-09-08T03:30:15.000000Z,0.69482421875,0.69482421875,2.0
2015-09-08T03:30:40.000000Z,0.6953125,0.69482421875,1.0
2015-09-08T03:30:45.000000Z,0.6953125,0.69482421875,2.0
2015-09-08T03:30:50.000000Z,0.6953125,0.69482421875,1.0
2015-09-08T03:31:25.000000Z,0.69482421875,0.69482421875,3.0
2015-09-08T03:31:30.000000Z,0.69482421875,0.69482421875,3.0
2015-09-08T03:31:50.000000Z,0.69482421875,0.69482421875,1.0
2015-09-08T03:32:05.000000Z,0.69482421875,0.69482421875,1.0
2015-09-08T03:32:10.000000Z,0.69482421875,0.69482421875,1.0
2015-09-08T03:32:15.000000Z,0.6953125,0.69482421875,2.0
2015-09-08T03:32:25.000000Z,0.6953125,0.69482421875,1.0
2015-09-08T03:32:50.000000Z,0.6953125,0.69482421875,5.0
2015-09-08T03:33:25.000000Z,0.69482421875,0.69482421875,1.0
2015-09-08T03:33:30.000000Z,0.69482421875,0.69482421875,1.0
2015-09-08T03:33:35.000000Z,0.69482421875,0.69482421875,1.0
2015-09-08T03:33:40.000000Z,0.69482421875,0.69482421875,3.0
2015-09-08T03:33:45.000000Z,0.69482421875,0.69482421875,2.0
2015-09-08T03:33:50.000000Z,0.69482421875,0.6943359375,1.0
2015-09-08T03:33:55.000000Z,0.69482421875,0.69482421875,2.0
2015-09-08T03:34:00.000000Z,0.69482421875,0.69482421875,3.0
2015-09-08T03:34:10.000000Z,0.69482421875,0.69482421875,1.0
2015-09-08T03:34:15.000000Z,0.69482421875,0.69482421875,2.0
2015-09-08T03:34:20.000000Z,0.69482421875,0.69482421875,1.0
2015-09-08T03:34:40.000000Z,0.69482421875,0.69482421875,2.0
2015-09-08T03:34:50.000000Z,0.69482421875,0.6943359375,2.0
2015-09-08T03:35:00.000000Z,0.69482421875,0.69482421875,4.0
2015-09-08T03:35:05.000000Z,0.69482421875,0.69482421875,4.0
2015-09-08T03:35:15.000000Z,0.69482421875,0.69482421875,1.0
2015-09-08T03:35:20.000000Z,0.69482421875,0.69482421875,2.0
2015-09-08T03:35:45.000000Z,0.69482421875,0.69482421875,2.0
2015-09-08T03:36:10.000000Z,0.69482421875,0.69482421875,2.0
2015-09-08T03:36:15.000000Z,0.69482421875,0.69482421875,1.0
2015-09-08T03:36:20.000000Z,0.69482421875,0.69482421875,2.0
2015-09-08T03:36:35.000000Z,0.69482421875,0.69482421875,2.0
2015-09-08T03:36:40.000000Z,0.69482421875,0.69482421875,2.0
2015-09-08T03:37:00.000000Z,0.69482421875,0.69482421875,3.0
2015-09-08T03:37:05.000000Z,0.69482421875,0.69482421875,1.0
2015-09-08T03:37:25.000000Z,0.69482421875,0.69482421875,1.0
2015-09-08T03:37:45.000000Z,0.69482421875,0.69482421875,1.0
2015-09-08T03:37:50.000000Z,0.69482421875,0.69482421875,1.0
2015-09-08T03:37:55.000000Z,0.69482421875,0.69482421875,1.0
2015-09-08T03:38:00.000000Z,0.69482421875,0.69482421875,2.0
2015-09-08T03:38:25.000000Z,0.69482421875,0.69482421875,2.0
2015-09-08T03:38:40.000000Z,0.69482421875,0.69482421875,1.0
2015-09-08T03:38:45.000000Z,0.69482421875,0.69482421875,1.0
2015-09-08T03:38:50.000000Z,0.69482421875,0.69482421875,1.0
2015-09-08T03:39:00.000000Z,0.69482421875,0.69482421875,1.0
2015-09-08T03:39:45.000000Z,0.69482421875,0.69482421875,1.0
2015-09-08T03:39:50.000000Z,0.69482421875,0.6943359375,1.0
2015-09-08T03:40:05.000000Z,0.69482421875,0.69482421875,1.0
2015-09-08T03:40:30.000000Z,0.69482421875,0.6943359375,1.0
2015-09-08T03:41:20.000000Z,0.69482421875,0.69482421875,3.0
2015-09-08T03:41:25.000000Z,0.69482421875,0.69482421875,2.0
2015-09-08T03:41:40.000000Z,0.69482421875,0.69482421875,1.0
2015-09-08T03:41:45.000000Z,0.69482421875,0.69482421875,1.0
2015-09-08T03:41:50.000000Z,0.69482421875,0.69482421875,1.0
2015-09-08T03:42:00.000000Z,0.69482421875,0.69482421875,1.0
2015-09-08T03:42:05.000000Z,0.69482421875,0.69482421875,1.0
2015-09-08T03:42:40.000000Z,0.69482421875,0.69482421875,1.0
2015-09-08T03:43:55.000000Z,0.69482421875,0.69482421875,1.0
2015-09-08T03:44:05.000000Z,0.69482421875,0.69482421875,1.0
2015-09-08T03:44:15.000000Z,0.6953125,0.69482421875,3.0
2015-09-08T03:44:30.000000Z,0.6953125,0.69482421875,1.0
2015-09-08T03:44:35.000000Z,0.6953125,0.69482421875,2.0
2015-09-08T03:44:55.000000Z,0.6953125,0.69482421875,2.0
2015-09-08T03:45:15.000000Z,0.69482421875,0.69482421875,4.0
2015-09-08T03:45:20.000000Z,0.69482421875,0.69482421875,6.0
2015-09-08T03:45:25.000000Z,0.69482421875,0.69482421875,3.0
2015-09-08T03:45:35.000000Z,0.69482421875,0.69482421875,1.0
2015-09-08T03:45:45.000000Z,0.69482421875,0.69482421875,1.0
2015-09-08T03:46:05.000000Z,0.69482421875,0.69482421875,2.0
2015-09-08T03:46:10.000000Z,0.6943359375,0.6943359375,7.0
2015-09-08T03:46:15.000000Z,0.6943359375,0.6943359375,3.0
2015-09-08T03:46:20.000000Z,0.6943359375,0.6943359375,6.0
2015-09-08T03:46:25.000000Z,0.6943359375,0.6943359375,3.0
2015-09-08T03:46:30.000000Z,0.6943359375,0.6943359375,3.0
2015-09-08T03:46:35.000000Z,0.6943359375,0.6943359375,3.0
2015-09-08T03:46:40.000000Z,0.6943359375,0.6943359375,6.0
2015-09-08T03:46:45.000000Z,0.6943359375,0.6943359375,2.0
2015-09-08T03:47:05.000000Z,0.6943359375,0.6943359375,2.0
2015-09-08T03:47:20.000000Z,0.6943359375,0.6943359375,6.0
2015-09-08T03:47:25.000000Z,0.6943359375,0.6943359375,1.0
2015-09-08T03:47:30.000000Z,0.6943359375,0.6943359375,2.0
2015-09-08T03:47:35.000000Z,0.6943359375,0.6943359375,1.0
2015-09-08T03:47:40.000000Z,0.6943359375,0.6943359375,1.0
2015-09-08T03:47:45.000000Z,0.6943359375,0.6943359375,3.0
2015-09-08T03:47:50.000000Z,0.6943359375,0.6943359375,1.0
2015-09-08T03:47:55.000000Z,0.6943359375,0.6943359375,3.0
2015-09-08T03:48:10.000000Z,0.6943359375,0.6943359375,2.0
2015-09-08T03:48:15.000000Z,0.6943359375,0.6943359375,1.0
2015-09-08T03:48:30.000000Z,0.6943359375,0.6943359375,3.0
2015-09-08T03:48:35.000000Z,0.6943359375,0.6943359375,3.0
2015-09-08T03:48:40.000000Z,0.6943359375,0.6943359375,4.0
2015-09-08T03:49:05.000000Z,0.69482421875,0.6943359375,2.0
2015-09-08T03:49:15.000000Z,0.69482421875,0.6943359375,1.0
2015-09-08T03:49:20.000000Z,0.69482421875,0.6943359375,2.0
2015-09-08T03:50:25.000000Z,0.69482421875,0.69482421875,5.0
2015-09-08T03:50:30.000000Z,0.69482421875,0.69482421875,1.0
2015-09-08T03:50:35.000000Z,0.69482421875,0.69482421875,1.0
2015-09-08T03:50:45.000000Z,0.69482421875,0.69482421875,1.0
2015-09-08T03:50:50.000000Z,0.69482421875,0.69482421875,3.0
2015-09-08T03:51:10.000000Z,0.6953125,0.69482421875,1.0
2015-09-08T03:51:15.000000Z,0.6953125,0.69482421875,1.0
2015-09-08T03:51:20.000000Z,0.6953125,0.69482421875,3.0
2015-09-08T03:51:30.000000Z,0.6953125,0.6953125,1.0
2015-09-08T03:52:35.000000Z,0.6953125,0.6953125,1.0
2015-09-08T03:52:40.000000Z,0.6953125,0.6953125,1.0
2015-09-08T03:52:55.000000Z,0.6953125,0.69482421875,2.0
2015-09-08T03:53:00.000000Z,0.6953125,0.69482421875,2.0
2015-09-08T03:53:05.000000Z,0.6953125,0.69482421875,3.0
2015-09-08T03:53:25.000000Z,0.6953125,0.69482421875,1.0
2015-09-08T03:53:30.000000Z,0.6953125,0.69482421875,1.0
2015-09-08T03:53:35.000000Z,0.6953125,0.69482421875,1.0
2015-09-08T03:53:55.000000Z,0.6953125,0.6953125,2.0
2015-09-08T03:54:10.000000Z,0.6953125,0.6953125,2.0
2015-09-08T03:54:15.000000Z,0.6953125,0.6953125,1.0
2015-09-08T03:54:20.000000Z,0.6953125,0.6953125,2.0
2015-09-08T03:55:30.000000Z,0.6953125,0.6953125,5.0
2015-09-08T03:55:40.000000Z,0.6953125,0.6953125,1.0
2015-09-08T03:55:50.000000Z,0.6953125,0.6953125,4.0
2015-09-08T03:55:55.000000Z,0.69580078125,0.6953125,1.0
2015-09-08T03:56:15.000000Z,0.6953125,0.6953125,3.0
2015-09-08T03:56:20.000000Z,0.6953125,0.6953125,2.0
2015-09-08T03:56:25.000000Z,0.6953125,0.6953125,2.0
2015-09-08T03:56:30.000000Z,0.6953125,0.6953125,1.0
2015-09-08T03:56:35.000000Z,0.6953125,0.6953125,1.0
2015-09-08T03:56:45.000000Z,0.6953125,0.6953125,1.0
2015-09-08T03:57:00.000000Z,0.6953125,0.6953125,1.0
2015-09-08T03:57:05.000000Z,0.6953125,0.6953125,1.0
2015-09-08T03:57:10.000000Z,0.6953125,0.6953125,1.0
2015-09-08T03:57:15.000000Z,0.6953125,0.6953125,1.0
2015-09-08T03:57:30.000000Z,0.6953125,0.6953125,1.0
2015-09-08T03:58:20.000000Z,0.6953125,0.6953125,1.0
2015-09-08T03:58:25.000000Z,0.6953125,0.69482421875,2.0
2015-09-08T03:58:55.000000Z,0.6953125,0.6953125,1.0
2015-09-08T04:00:40.000000Z,0.6953125,0.6953125,1.0
2015-09-08T04:00:45.000000Z,0.6953125,0.69482421875,2.0
2015-09-08T04:01:00.000000Z,0.6953125,0.6953125,2.0
2015-09-08T04:01:15.000000Z,0.6953125,0.6953125,2.0
2015-09-08T04:01:20.000000Z,0.6953125,0.69482421875,4.0
2015-09-08T04:01:30.000000Z,0.6953125,0.69482421875,2.0
2015-09-08T04:01:40.000000Z,0.6953125,0.69482421875,1.0
2015-09-08T04:01:45.000000Z,0.69482421875,0.69482421875,1.0
2015-09-08T04:01:50.000000Z,0.6953125,0.69482421875,4.0
2015-09-08T04:02:00.000000Z,0.6953125,0.69482421875,1.0
2015-09-08T04:02:05.000000Z,0.6953125,0.6953125,5.0
2015-09-08T04:02:10.000000Z,0.6953125,0.6953125,1.0
2015-09-08T04:02:25.000000Z,0.6953125,0.6953125,1.0
2015-09-08T04:06:45.000000Z,0.6953125,0.6953125,1.0
2015-09-08T04:06:55.000000Z,0.6953125,0.6953125,2.0
2015-09-08T04:07:25.000000Z,0.6953125,0.6953125,2.0
2015-09-08T04:07:30.000000Z,0.6953125,0.6953125,1.0
2015-09-08T04:08:35.000000Z,0.69580078125,0.6953125,3.0
2015-09-08T04:09:20.000000Z,0.69580078125,0.6953125,1.0
2015-09-08T04:09:25.000000Z,0.6953125,0.6953125,2.0
2015-09-08T04:10:20.000000Z,0.6953125,0.6953125,1.0
2015-09-08T04:10:30.000000Z,0.6953125,0.6953125,2.0
2015-09-08T04:12:40.000000Z,0.6953125,0.6953125,3.0
2015-09-08T04:13:05.000000Z,0.69580078125,0.6953125,3.0
2015-09-08T04:14:30.000000Z,0.69580078125,0.6953125,2.0
2015-09-08T04:14:45.000000Z,0.69580078125,0.6953125,1.0
2015-09-08T04:14:50.000000Z,0.6953125,0.6953125,1.0
2015-09-08T04:15:00.000000Z,0.69580078125,0.6953125,1.0
2015-09-08T04:15:05.000000Z,0.69580078125,0.6953125,2.0
2015-09-08T04:15:10.000000Z,0.69580078125,0.6953125,1.0
2015-09-08T04:16:50.000000Z,0.69580078125,0.69580078125,2.0
2015-09-08T04:17:30.000000Z,0.69580078125,0.69580078125,2.0
2015-09-08T04:18:00.000000Z,0.69580078125,0.69580078125,3.0
2015-09-08T04:18:10.000000Z,0.69580078125,0.69580078125,2.0
2015-09-08T04:18:25.000000Z,0.69580078125,0.69580078125,4.0
2015-09-08T04:18:30.000000Z,0.6962890625,0.69580078125,4.0
2015-09-08T04:18:35.000000Z,0.6962890625,0.69580078125,1.0
2015-09-08T04:19:20.000000Z,0.6962890625,0.69580078125,1.0
2015-09-08T04:19:25.000000Z,0.6962890625,0.69580078125,2.0
2015-09-08T04:19:35.000000Z,0.6962890625,0.69580078125,1.0
2015-09-08T04:19:45.000000Z,0.6962890625,0.69580078125,1.0
2015-09-08T04:20:00.000000Z,0.6962890625,0.69580078125,1.0
2015-09-08T04:20:15.000000Z,0.69580078125,0.69580078125,4.0
2015-09-08T04:20:20.000000Z,0.69580078125,0.69580078125,1.0
2015-09-08T04:20:25.000000Z,0.69580078125,0.69580078125,2.0
2015-09-08T04:21:00.000000Z,0.69580078125,0.6953125,2.0
2015-09-08T04:22:35.000000Z,0.69580078125,0.69580078125,5.0
2015-09-08T04:22:50.000000Z,0.69580078125,0.69580078125,1.0
2015-09-08T04:22:55.000000Z,0.69580078125,0.6953125,1.0
2015-09-08T04:23:20.000000Z,0.69580078125,0.69580078125,1.0
2015-09-08T04:23:35.000000Z,0.69580078125,0.69580078125,4.0
2015-09-08T04:23:40.000000Z,0.69580078125,0.69580078125,1.0
2015-09-08T04:23:45.000000Z,0.69580078125,0.69580078125,2.0
2015-09-08T04:23:50.000000Z,0.69580078125,0.69580078125,3.0
2015-09-08T04:24:10.000000Z,0.69580078125,0.6953125,1.0
2015-09-08T04:24:15.000000Z,0.69580078125,0.69580078125,1.0
2015-09-08T04:24:25.000000Z,0.69580078125,0.6953125,1.0
2015-09-08T04:25:05.000000Z,0.69580078125,0.69580078125,1.0
2015-09-08T04:25:10.000000Z,0.69580078125,0.69580078125,3.0
2015-09-08T04:25:15.000000Z,0.69580078125,0.69580078125,1.0
2015-09-08T04:25:25.000000Z,0.69580078125,0.69580078125,2.0
2015-09-08T04:25:45.000000Z,0.6962890625,0.69580078125,4.0
2015-09-08T04:25:50.000000Z,0.69580078125,0.69580078125,1.0
2015-09-08T04:25:55.000000Z,0.6962890625,0.69580078125,1.0
2015-09-08T04:26:05.000000Z,0.6962890625,0.69580078125,2.0
2015-09-08T04:26:10.000000Z,0.6962890625,0.69580078125,2.0
2015-09-08T04:26:15.000000Z,0.6962890625,0.69580078125,1.0
2015-09-08T04:26:20.000000Z,0.6962890625,0.69580078125,1.0
2015-09-08T04:26:25.000000Z,0.69580078125,0.69580078125,2.0
2015-09-08T04:26:35.000000Z,0.69580078125,0.69580078125,3.0
2015-09-08T04:26:40.000000Z,0.69580078125,0.69580078125,3.0
2015-09-08T04:27:05.000000Z,0.69580078125,0.69580078125,1.0
2015-09-08T04:27:10.000000Z,0.69580078125,0.69580078125,1.0
2015-09-08T04:27:15.000000Z,0.69580078125,0.69580078125,2.0
2015-09-08T04:27:40.000000Z,0.69580078125,0.69580078125,1.0
2015-09-08T04:27:45.000000Z,0.69580078125,0.69580078125,1.0
2015-09-08T04:27:50.000000Z,0.69580078125,0.69580078125,1.0
2015-09-08T04:28:55.000000Z,0.69580078125,0.69580078125,1.0
2015-09-08T04:29:15.000000Z,0.6962890625,0.69580078125,4.0
2015-09-08T04:29:35.000000Z,0.6962890625,0.69580078125,1.0
