time,closeAsk,closeBid,volume
2015-08-11T13:10:10.000000Z,6.7421875,6.7421875,40.0
2015-08-11T13:10:20.000000Z,6.73828125,6.73828125,55.0
2015-08-11T13:10:30.000000Z,6.73828125,6.73828125,41.0
2015-08-11T13:10:40.000000Z,6.73828125,6.73828125,31.0
2015-08-11T13:10:50.000000Z,6.73828125,6.73828125,39.0
2015-08-11T13:11:00.000000Z,6.73828125,6.73828125,40.0
2015-08-11T13:11:10.000000Z,6.73828125,6.73828125,44.0
2015-08-11T13:11:20.000000Z,6.73828125,6.73828125,16.0
2015-08-11T13:11:30.000000Z,6.73828125,6.73828125,53.0
2015-08-11T13:11:40.000000Z,6.73828125,6.73828125,44.0
2015-08-11T13:11:50.000000Z,6.73828125,6.73828125,16.0
2015-08-11T13:12:00.000000Z,6.73828125,6.73828125,41.0
2015-08-11T13:12:10.000000Z,6.73828125,6.73828125,54.0
2015-08-11T13:12:20.000000Z,6.73828125,6.73828125,34.0
2015-08-11T13:12:30.000000Z,6.73828125,6.73828125,52.0
2015-08-11T13:12:40.000000Z,6.73828125,6.73828125,23.0
2015-08-11T13:12:50.000000Z,6.73828125,6.73828125,27.0
2015-08-11T13:13:00.000000Z,6.7421875,6.73828125,57.0
2015-08-11T13:13:10.000000Z,6.7421875,6.7421875,56.0
2015-08-11T13:13:20.000000Z,6.7421875,6.7421875,47.0
2015-08-11T13:13:30.000000Z,6.73828125,6.73828125,43.0
2015-08-11T13:13:40.000000Z,6.7421875,6.73828125,30.0
2015-08-11T13:13:50.000000Z,6.7421875,6.73828125,19.0
2015-08-11T13:14:00.000000Z,6.7421875,6.73828125,33.0
2015-08-11T13:14:10.000000Z,6.7421875,6.73828125,34.0
2015-08-11T13:14:20.000000Z,6.7421875,6.73828125,40.0
2015-08-11T13:14:30.000000Z,6.73828125,6.73828125,16.0
2015-08-11T13:14:40.000000Z,6.7421875,6.73828125,30.0
2015-08-11T13:14:50.000000Z,6.73828125,6.73828125,29.0
2015-08-11T13:15:00.000000Z,6.73828125,6.73828125,50.0
2015-08-11T13:15:10.000000Z,6.73828125,6.73828125,19.0
2015-08-11T13:15:20.000000Z,6.73828125,6.73828125,47.0
2015-08-11T13:15:30.000000Z,6.73828125,6.73828125,42.0
2015-08-11T13:15:40.000000Z,6.73828125,6.73828125,25.0
2015-08-11T13:15:50.000000Z,6.73828125,6.73828125,26.0
2015-08-11T13:16:00.000000Z,6.73828125,6.73828125,30.0
2015-08-11T13:16:10.000000Z,6.73828125,6.73828125,25.0
2015-08-11T13:16:20.000000Z,6.73828125,6.73828125,24.0
2015-08-11T13:16:30.000000Z,6.73828125,6.73828125,47.0
2015-08-11T13:16:40.000000Z,6.73828125,6.73828125,18.0
2015-08-11T13:16:50.000000Z,6.73828125,6.73828125,49.0
2015-08-11T13:17:00.000000Z,6.73828125,6.73828125,57.0
2015-08-11T13:17:10.000000Z,6.73828125,6.73828125,53.0
2015-08-11T13:17:20.000000Z,6.73828125,6.73828125,53.0
2015-08-11T13:17:30.000000Z,6.73828125,6.73828125,81.0
2015-08-11T13:17:40.000000Z,6.73828125,6.73828125,45.0
2015-08-11T13:17:50.000000Z,6.73828125,6.73828125,40.0
2015-08-11T13:18:00.000000Z,6.73828125,6.73828125,29.0
2015-08-11T13:18:10.000000Z,6.73828125,6.73828125,38.0
2015-08-11T13:18:20.000000Z,6.73828125,6.73828125,19.0
2015-08-11T13:18:30.000000Z,6.734375,6.734375,33.0
2015-08-11T13:18:40.000000Z,6.734375,6.734375,44.0
2015-08-11T13:18:50.000000Z,6.734375,6.734375,50.0
2015-08-11T13:19:00.000000Z,6.734375,6.734375,59.0
2015-08-11T13:19:10.000000Z,6.734375,6.734375,51.0
2015-08-11T13:19:20.000000Z,6.734375,6.734375,45.0
2015-08-11T13:19:30.000000Z,6.734375,6.734375,41.0
2015-08-11T13:19:40.000000Z,6.73828125,6.734375,64.0
2015-08-11T13:19:50.000000Z,6.73828125,6.734375,31.0
2015-08-11T13:20:00.000000Z,6.73828125,6.73828125,37.0
2015-08-11T13:20:10.000000Z,6.73828125,6.73828125,37.0
2015-08-11T13:20:20.000000Z,6.73828125,6.73828125,36.0
2015-08-11T13:20:30.000000Z,6.73828125,6.73828125,30.0
2015-08-11T13:20:40.000000Z,6.73828125,6.73828125,38.0
2015-08-11T13:20:50.000000Z,6.73828125,6.734375,33.0
2015-08-11T13:21:00.000000Z,6.73828125,6.73828125,33.0
2015-08-11T13:21:10.000000Z,6.73828125,6.73828125,44.0
2015-08-11T13:21:20.000000Z,6.73828125,6.73828125,44.0
2015-08-11T13:21:30.000000Z,6.73828125,6.734375,53.0
2015-08-11T13:21:40.000000Z,6.73828125,6.734375,38.0
2015-08-11T13:21:50.000000Z,6.73828125,6.73828125,55.0
2015-08-11T13:22:00.000000Z,6.73828125,6.73828125,42.0
2015-08-11T13:22:10.000000Z,6.73828125,6.734375,48.0
2015-08-11T13:22:20.000000Z,6.73828125,6.73828125,31.0
2015-08-11T13:22:30.000000Z,6.73828125,6.73828125,19.0
2015-08-11T13:22:40.000000Z,6.73828125,6.73828125,28.0
2015-08-11T13:22:50.000000Z,6.73828125,6.73828125,27.0
2015-08-11T13:23:00.000000Z,6.73828125,6.73828125,59.0
2015-08-11T13:23:10.000000Z,6.73828125,6.73828125,42.0
2015-08-11T13:23:20.000000Z,6.73828125,6.734375,32.0
2015-08-11T13:23:30.000000Z,6.73828125,6.734375,39.0
2015-08-11T13:23:40.000000Z,6.73828125,6.73828125,29.0
2015-08-11T13:23:50.000000Z,6.734375,6.734375,43.0
2015-08-11T13:24:00.000000Z,6.734375,6.734375,42.0
2015-08-11T13:24:10.000000Z,6.734375,6.734375,33.0
2015-08-11T13:24:20.000000Z,6.734375,6.734375,45.0
2015-08-11T13:24:30.000000Z,6.734375,6.734375,43.0
2015-08-11T13:24:40.000000Z,6.734375,6.734375,48.0
2015-08-11T13:24:50.000000Z,6.734375,6.734375,49.0
2015-08-11T13:25:00.000000Z,6.734375,6.73046875,49.0
2015-08-11T13:25:10.000000Z,6.73046875,6.73046875,68.0
2015-08-11T13:25:20.000000Z,6.734375,6.73046875,83.0
2015-08-11T13:25:30.000000Z,6.73046875,6.73046875,56.0
2015-08-11T13:25:40.000000Z,6.73046875,6.73046875,55.0
2015-08-11T13:25:50.000000Z,6.73046875,6.73046875,47.0
2015-08-11T13:26:00.000000Z,6.73046875,6.73046875,31.0
2015-08-11T13:26:10.000000Z,6.734375,6.73046875,43.0
2015-08-11T13:26:20.000000Z,6.734375,6.73046875,26.0
2015-08-11T13:26:30.000000Z,6.734375,6.73046875,60.0
2015-08-11T13:26:40.000000Z,6.734375,6.73046875,53.0
2015-08-11T13:26:50.000000Z,6.734375,6.73046875,52.0
2015-08-11T13:27:00.000000Z,6.734375,6.734375,57.0
2015-08-11T13:27:10.000000Z,6.734375,6.734375,23.0
2015-08-11T13:27:20.000000Z,6.734375,6.734375,18.0
2015-08-11T13:27:30.000000Z,6.734375,6.734375,23.0
2015-08-11T13:27:40.000000Z,6.734375,6.734375,55.0
2015-08-11T13:27:50.000000Z,6.734375,6.734375,40.0
2015-08-11T13:28:00.000000Z,6.734375,6.734375,38.0
2015-08-11T13:28:10.000000Z,6.734375,6.734375,24.0
2015-08-11T13:28:20.000000Z,6.734375,6.734375,23.0
2015-08-11T13:28:30.000000Z,6.734375,6.734375,51.0
2015-08-11T13:28:40.000000Z,6.734375,6.734375,41.0
2015-08-11T13:28:50.000000Z,6.734375,6.73046875,62.0
2015-08-11T13:29:00.000000Z,6.73046875,6.73046875,38.0
2015-08-11T13:29:10.000000Z,6.73046875,6.73046875,31.0
2015-08-11T13:29:20.000000Z,6.734375,6.73046875,67.0
2015-08-11T13:29:30.000000Z,6.734375,6.73046875,44.0
2015-08-11T13:29:40.000000Z,6.734375,6.73046875,66.0
2015-08-11T13:29:50.000000Z,6.734375,6.73046875,30.0
2015-08-11T13:30:00.000000Z,6.734375,6.73046875,56.0
2015-08-11T13:30:10.000000Z,6.734375,6.734375,53.0
2015-08-11T13:30:20.000000Z,6.734375,6.734375,56.0
2015-08-11T13:30:30.000000Z,6.734375,6.734375,51.0
2015-08-11T13:30:40.000000Z,6.734375,6.734375,52.0
2015-08-11T13:30:50.000000Z,6.734375,6.734375,41.0
2015-08-11T13:31:00.000000Z,6.734375,6.734375,58.0
2015-08-11T13:31:10.000000Z,6.73828125,6.734375,81.0
2015-08-11T13:31:20.000000Z,6.734375,6.734375,65.0
2015-08-11T13:31:30.000000Z,6.734375,6.734375,45.0
2015-08-11T13:31:40.000000Z,6.73828125,6.734375,48.0
2015-08-11T13:31:50.000000Z,6.73828125,6.73828125,41.0
2015-08-11T13:32:00.000000Z,6.73828125,6.73828125,58.0
2015-08-11T13:32:10.000000Z,6.73828125,6.734375,54.0
2015-08-11T13:32:20.000000Z,6.73828125,6.73828125,38.0
2015-08-11T13:32:30.000000Z,6.73828125,6.734375,29.0
2015-08-11T13:32:40.000000Z,6.73828125,6.73828125,56.0
2015-08-11T13:32:50.000000Z,6.73828125,6.73828125,43.0
2015-08-11T13:33:00.000000Z,6.73828125,6.73828125,56.0
2015-08-11T13:33:10.000000Z,6.73828125,6.73828125,31.0
2015-08-11T13:33:20.000000Z,6.73828125,6.73828125,42.0
2015-08-11T13:33:30.000000Z,6.73828125,6.73828125,40.0
2015-08-11T13:33:40.000000Z,6.73828125,6.73828125,52.0
2015-08-11T13:33:50.000000Z,6.73828125,6.73828125,25.0
2015-08-11T13:34:00.000000Z,6.73828125,6.73828125,32.0
2015-08-11T13:34:10.000000Z,6.73828125,6.73828125,42.0
2015-08-11T13:34:20.000000Z,6.7421875,6.73828125,54.0
2015-08-11T13:34:30.000000Z,6.7421875,6.7421875,45.0
2015-08-11T13:34:40.000000Z,6.7421875,6.73828125,54.0
2015-08-11T13:34:50.000000Z,6.7421875,6.73828125,39.0
2015-08-11T13:35:00.000000Z,6.7421875,6.7421875,58.0
2015-08-11T13:35:10.000000Z,6.7421875,6.73828125,35.0
2015-08-11T13:35:20.000000Z,6.73828125,6.73828125,55.0
2015-08-11T13:35:30.000000Z,6.7421875,6.73828125,40.0
2015-08-11T13:35:40.000000Z,6.7421875,6.7421875,33.0
2015-08-11T13:35:50.000000Z,6.7421875,6.7421875,49.0
2015-08-11T13:36:00.000000Z,6.7421875,6.7421875,51.0
2015-08-11T13:36:10.000000Z,6.7421875,6.73828125,52.0
2015-08-11T13:36:20.000000Z,6.7421875,6.7421875,42.0
2015-08-11T13:36:30.000000Z,6.7421875,6.7421875,48.0
2015-08-11T13:36:40.000000Z,6.7421875,6.7421875,43.0
2015-08-11T13:36:50.000000Z,6.7421875,6.7421875,61.0
2015-08-11T13:37:00.000000Z,6.7421875,6.7421875,45.0
2015-08-11T13:37:10.000000Z,6.7421875,6.7421875,20.0
2015-08-11T13:37:20.000000Z,6.7421875,6.7421875,50.0
2015-08-11T13:37:30.000000Z,6.7421875,6.73828125,48.0
2015-08-11T13:37:40.000000Z,6.7421875,6.73828125,60.0
2015-08-11T13:37:50.000000Z,6.7421875,6.7421875,57.0
2015-08-11T13:38:00.000000Z,6.73828125,6.73828125,44.0
2015-08-11T13:38:10.000000Z,6.73828125,6.73828125,47.0
2015-08-11T13:38:20.000000Z,6.73828125,6.73828125,56.0
2015-08-11T13:38:30.000000Z,6.73828125,6.73828125,36.0
2015-08-11T13:38:40.000000Z,6.73828125,6.73828125,60.0
2015-08-11T13:38:50.000000Z,6.73828125,6.73828125,59.0
2015-08-11T13:39:00.000000Z,6.73828125,6.73828125,53.0
2015-08-11T13:39:10.000000Z,6.73828125,6.73828125,58.0
2015-08-11T13:39:20.000000Z,6.73828125,6.73828125,35.0
2015-08-11T13:39:30.000000Z,6.73828125,6.73828125,54.0
2015-08-11T13:39:40.000000Z,6.73828125,6.73828125,43.0
2015-08-11T13:39:50.000000Z,6.73828125,6.73828125,70.0
2015-08-11T13:40:00.000000Z,6.73828125,6.73828125,35.0
2015-08-11T13:40:10.000000Z,6.73828125,6.73828125,61.0
2015-08-11T13:40:20.000000Z,6.73828125,6.73828125,62.0
2015-08-11T13:40:30.000000Z,6.734375,6.734375,55.0
2015-08-11T13:40:40.000000Z,6.734375,6.734375,62.0
2015-08-11T13:40:50.000000Z,6.734375,6.734375,55.0
2015-08-11T13:41:00.000000Z,6.734375,6.734375,59.0
2015-08-11T13:41:10.000000Z,6.73828125,6.73828125,51.0
2015-08-11T13:41:20.000000Z,6.73828125,6.73828125,52.0
2015-08-11T13:41:30.000000Z,6.73828125,6.73828125,84.0
2015-08-11T13:41:40.000000Z,6.73828125,6.73828125,62.0
2015-08-11T13:41:50.000000Z,6.73828125,6.73828125,68.0
2015-08-11T13:42:00.000000Z,6.73828125,6.73828125,56.0
2015-08-11T13:42:10.000000Z,6.7421875,6.73828125,56.0
2015-08-11T13:42:20.000000Z,6.7421875,6.73828125,39.0
2015-08-11T13:42:30.000000Z,6.7421875,6.73828125,31.0
2015-08-11T13:42:40.000000Z,6.7421875,6.7421875,47.0
2015-08-11T13:42:50.000000Z,6.7421875,6.73828125,31.0
2015-08-11T13:43:00.000000Z,6.7421875,6.73828125,17.0
2015-08-11T13:43:10.000000Z,6.7421875,6.7421875,32.0
2015-08-11T13:43:20.000000Z,6.7421875,6.7421875,58.0
2015-08-11T13:43:30.000000Z,6.7421875,6.7421875,66.0
2015-08-11T13:43:40.000000Z,6.7421875,6.7421875,55.0
2015-08-11T13:43:50.000000Z,6.7421875,6.7421875,49.0
2015-08-11T13:44:00.000000Z,6.7421875,6.7421875,69.0
2015-08-11T13:44:10.000000Z,6.7421875,6.7421875,52.0
2015-08-11T13:44:20.000000Z,6.74609375,6.74609375,74.0
2015-08-11T13:44:30.000000Z,6.74609375,6.74609375,41.0
2015-08-11T13:44:40.000000Z,6.74609375,6.74609375,77.0
2015-08-11T13:44:50.000000Z,6.74609375,6.74609375,48.0
2015-08-11T13:45:00.000000Z,6.74609375,6.74609375,52.0
2015-08-11T13:45:10.000000Z,6.74609375,6.7421875,49.0
2015-08-11T13:45:20.000000Z,6.7421875,6.7421875,33.0
2015-08-11T13:45:30.000000Z,6.7421875,6.7421875,44.0
2015-08-11T13:45:40.000000Z,6.7421875,6.7421875,31.0
2015-08-11T13:45:50.000000Z,6.74609375,6.74609375,43.0
2015-08-11T13:46:00.000000Z,6.74609375,6.74609375,49.0
2015-08-11T13:46:10.000000Z,6.74609375,6.74609375,79.0
2015-08-11T13:46:20.000000Z,6.74609375,6.74609375,40.0
2015-08-11T13:46:30.000000Z,6.74609375,6.74609375,48.0
2015-08-11T13:46:40.000000Z,6.74609375,6.74609375,24.0
2015-08-11T13:46:50.000000Z,6.74609375,6.7421875,51.0
2015-08-11T13:47:00.000000Z,6.74609375,6.7421875,34.0
2015-08-11T13:47:10.000000Z,6.74609375,6.74609375,49.0
2015-08-11T13:47:20.000000Z,6.74609375,6.74609375,33.0
2015-08-11T13:47:30.000000Z,6.74609375,6.74609375,35.0
2015-08-11T13:47:40.000000Z,6.74609375,6.74609375,51.0
2015-08-11T13:47:50.000000Z,6.74609375,6.74609375,44.0
2015-08-11T13:48:00.000000Z,6.7421875,6.7421875,37.0
2015-08-11T13:48:10.000000Z,6.7421875,6.7421875,44.0
2015-08-11T13:48:20.000000Z,6.7421875,6.7421875,48.0
2015-08-11T13:48:30.000000Z,6.7421875,6.7421875,37.0
2015-08-11T13:48:40.000000Z,6.7421875,6.7421875,28.0
2015-08-11T13:48:50.000000Z,6.7421875,6.7421875,27.0
2015-08-11T13:49:00.000000Z,6.7421875,6.7421875,37.0
2015-08-11T13:49:10.000000Z,6.7421875,6.7421875,66.0
2015-08-11T13:49:20.000000Z,6.7421875,6.7421875,61.0
2015-08-11T13:49:30.000000Z,6.74609375,6.7421875,49.0
2015-08-11T13:49:40.000000Z,6.74609375,6.7421875,54.0
2015-08-11T13:49:50.000000Z,6.74609375,6.74609375,49.0
2015-08-11T13:50:00.000000Z,6.74609375,6.74609375,57.0
2015-08-11T13:50:10.000000Z,6.74609375,6.74609375,50.0
2015-08-11T13:50:20.000000Z,6.74609375,6.74609375,52.0
2015-08-11T13:50:30.000000Z,6.74609375,6.74609375,47.0
2015-08-11T13:50:40.000000Z,6.74609375,6.74609375,36.0
2015-08-11T13:50:50.000000Z,6.74609375,6.74609375,54.0
2015-08-11T13:51:00.000000Z,6.74609375,6.74609375,48.0
2015-08-11T13:51:10.000000Z,6.74609375,6.74609375,22.0
2015-08-11T13:51:20.000000Z,6.74609375,6.74609375,25.0
2015-08-11T13:51:30.000000Z,6.74609375,6.7421875,36.0
2015-08-11T13:51:40.000000Z,6.74609375,6.7421875,64.0
2015-08-11T13:51:50.000000Z,6.74609375,6.7421875,38.0
2015-08-11T13:52:00.000000Z,6.74609375,6.7421875,41.0
2015-08-11T13:52:10.000000Z,6.7421875,6.7421875,48.0
2015-08-11T13:52:20.000000Z,6.7421875,6.7421875,38.0
2015-08-11T13:52:30.000000Z,6.7421875,6.7421875,34.0
2015-08-11T13:52:40.000000Z,6.7421875,6.7421875,53.0
2015-08-11T13:52:50.000000Z,6.7421875,6.7421875,41.0
2015-08-11T13:53:00.000000Z,6.7421875,6.7421875,41.0
2015-08-11T13:53:10.000000Z,6.7421875,6.7421875,41.0
2015-08-11T13:53:20.000000Z,6.7421875,6.7421875,46.0
2015-08-11T13:53:30.000000Z,6.7421875,6.7421875,48.0
2015-08-11T13:53:40.000000Z,6.7421875,6.7421875,46.0
2015-08-11T13:53:50.000000Z,6.7421875,6.7421875,32.0
2015-08-11T13:54:00.000000Z,6.74609375,6.7421875,49.0
2015-08-11T13:54:10.000000Z,6.74609375,6.7421875,43.0
2015-08-11T13:54:20.000000Z,6.74609375,6.74609375,38.0
2015-08-11T13:54:30.000000Z,6.74609375,6.74609375,55.0
2015-08-11T13:54:40.000000Z,6.74609375,6.74609375,45.0
2015-08-11T13:54:50.000000Z,6.74609375,6.74609375,48.0
2015-08-11T13:55:00.000000Z,6.74609375,6.74609375,38.0
2015-08-11T13:55:10.000000Z,6.74609375,6.74609375,36.0
2015-08-11T13:55:20.000000Z,6.74609375,6.7421875,47.0
2015-08-11T13:55:30.000000Z,6.74609375,6.7421875,50.0
2015-08-11T13:55:40.000000Z,6.74609375,6.74609375,36.0
2015-08-11T13:55:50.000000Z,6.74609375,6.7421875,31.0
2015-08-11T13:56:00.000000Z,6.74609375,6.7421875,14.0
2015-08-11T13:56:10.000000Z,6.74609375,6.74609375,37.0
2015-08-11T13:56:20.000000Z,6.74609375,6.74609375,19.0
2015-08-11T13:56:30.000000Z,6.74609375,6.74609375,15.0
2015-08-11T13:56:40.000000Z,6.74609375,6.7421875,25.0
2015-08-11T13:56:50.000000Z,6.74609375,6.7421875,7.0
2015-08-11T13:57:00.000000Z,6.74609375,6.7421875,19.0
2015-08-11T13:57:10.000000Z,6.74609375,6.7421875,14.0
2015-08-11T13:57:20.000000Z,6.7421875,6.7421875,47.0
2015-08-11T13:57:30.000000Z,6.74609375,6.74609375,48.0
2015-08-11T13:57:40.000000Z,6.74609375,6.7421875,13.0
2015-08-11T13:57:50.000000Z,6.74609375,6.7421875,51.0
2015-08-11T13:58:00.000000Z,6.74609375,6.74609375,35.0
2015-08-11T13:58:10.000000Z,6.74609375,6.74609375,31.0
2015-08-11T13:58:20.000000Z,6.74609375,6.74609375,25.0
2015-08-11T13:58:30.000000Z,6.74609375,6.74609375,24.0
2015-08-11T13:58:40.000000Z,6.74609375,6.74609375,45.0
2015-08-11T13:58:50.000000Z,6.74609375,6.74609375,14.0
2015-08-11T13:59:00.000000Z,6.74609375,6.74609375,50.0
2015-08-11T13:59:10.000000Z,6.74609375,6.74609375,32.0
2015-08-11T13:59:20.000000Z,6.74609375,6.74609375,18.0
2015-08-11T13:59:30.000000Z,6.74609375,6.7421875,30.0
2015-08-11T13:59:40.000000Z,6.74609375,6.7421875,19.0
2015-08-11T13:59:50.000000Z,6.74609375,6.7421875,48.0
2015-08-11T14:00:00.000000Z,6.74609375,6.7421875,39.0
2015-08-11T14:00:10.000000Z,6.7421875,6.7421875,64.0
2015-08-11T14:00:20.000000Z,6.7421875,6.7421875,24.0
2015-08-11T14:00:30.000000Z,6.7421875,6.7421875,47.0
2015-08-11T14:00:40.000000Z,6.7421875,6.7421875,42.0
2015-08-11T14:00:50.000000Z,6.7421875,6.7421875,71.0
2015-08-11T14:01:00.000000Z,6.7421875,6.7421875,50.0
2015-08-11T14:01:10.000000Z,6.74609375,6.7421875,51.0
2015-08-11T14:01:20.000000Z,6.74609375,6.7421875,39.0
2015-08-11T14:01:30.000000Z,6.7421875,6.7421875,27.0
2015-08-11T14:01:40.000000Z,6.7421875,6.7421875,31.0
2015-08-11T14:01:50.000000Z,6.7421875,6.7421875,33.0
2015-08-11T14:02:00.000000Z,6.7421875,6.7421875,34.0
2015-08-11T14:02:10.000000Z,6.74609375,6.7421875,42.0
2015-08-11T14:02:20.000000Z,6.7421875,6.7421875,42.0
2015-08-11T14:02:30.000000Z,6.7421875,6.7421875,52.0
2015-08-11T14:02:40.000000Z,6.7421875,6.7421875,29.0
2015-08-11T14:02:50.000000Z,6.7421875,6.7421875,17.0
2015-08-11T14:03:00.000000Z,6.74609375,6.7421875,66.0
2015-08-11T14:03:10.000000Z,6.74609375,6.7421875,34.0
2015-08-11T14:03:20.000000Z,6.74609375,6.74609375,15.0
2015-08-11T14:03:30.000000Z,6.74609375,6.7421875,41.0
2015-08-11T14:03:40.000000Z,6.7421875,6.7421875,54.0
2015-08-11T14:03:50.000000Z,6.7421875,6.7421875,92.0
2015-08-11T14:04:00.000000Z,6.7421875,6.7421875,61.0
2015-08-11T14:04:10.000000Z,6.7421875,6.7421875,75.0
2015-08-11T14:04:20.000000Z,6.7421875,6.7421875,60.0
2015-08-11T14:04:30.000000Z,6.7421875,6.7421875,47.0
2015-08-11T14:04:40.000000Z,6.7421875,6.7421875,47.0
2015-08-11T14:04:50.000000Z,6.7421875,6.7421875,34.0
2015-08-11T14:05:00.000000Z,6.7421875,6.7421875,29.0
2015-08-11T14:05:10.000000Z,6.7421875,6.73828125,40.0
2015-08-11T14:05:20.000000Z,6.7421875,6.7421875,47.0
2015-08-11T14:05:30.000000Z,6.7421875,6.7421875,38.0
2015-08-11T14:05:40.000000Z,6.7421875,6.7421875,34.0
2015-08-11T14:05:50.000000Z,6.7421875,6.7421875,48.0
2015-08-11T14:06:00.000000Z,6.7421875,6.7421875,24.0
2015-08-11T14:06:10.000000Z,6.7421875,6.7421875,30.0
2015-08-11T14:06:20.000000Z,6.7421875,6.7421875,18.0
2015-08-11T14:06:30.000000Z,6.7421875,6.7421875,44.0
2015-08-11T14:06:40.000000Z,6.7421875,6.7421875,26.0
2015-08-11T14:06:50.000000Z,6.7421875,6.7421875,24.0
2015-08-11T14:07:00.000000Z,6.7421875,6.7421875,43.0
2015-08-11T14:07:10.000000Z,6.7421875,6.7421875,45.0
2015-08-11T14:07:20.000000Z,6.7421875,6.7421875,20.0
2015-08-11T14:07:30.000000Z,6.7421875,6.7421875,40.0
2015-08-11T14:07:40.000000Z,6.7421875,6.7421875,39.0
2015-08-11T14:07:50.000000Z,6.7421875,6.7421875,7.0
2015-08-11T14:08:00.000000Z,6.74609375,6.7421875,43.0
2015-08-11T14:08:10.000000Z,6.74609375,6.7421875,34.0
2015-08-11T14:08:20.000000Z,6.74609375,6.74609375,45.0
2015-08-11T14:08:30.000000Z,6.74609375,6.74609375,43.0
2015-08-11T14:08:40.000000Z,6.74609375,6.74609375,40.0
2015-08-11T14:08:50.000000Z,6.74609375,6.74609375,38.0
2015-08-11T14:09:00.000000Z,6.74609375,6.74609375,33.0
2015-08-11T14:09:10.000000Z,6.74609375,6.74609375,27.0
2015-08-11T14:09:20.000000Z,6.74609375,6.74609375,41.0
2015-08-11T14:09:30.000000Z,6.74609375,6.74609375,46.0
2015-08-11T14:09:40.000000Z,6.74609375,6.74609375,42.0
2015-08-11T14:09:50.000000Z,6.74609375,6.74609375,25.0
2015-08-11T14:10:00.000000Z,6.74609375,6.74609375,37.0
2015-08-11T14:10:10.000000Z,6.74609375,6.74609375,48.0
2015-08-11T14:10:20.000000Z,6.74609375,6.74609375,65.0
2015-08-11T14:10:30.000000Z,6.74609375,6.74609375,54.0
2015-08-11T14:10:40.000000Z,6.74609375,6.74609375,38.0
2015-08-11T14:10:50.000000Z,6.74609375,6.74609375,65.0
2015-08-11T14:11:00.000000Z,6.74609375,6.74609375,51.0
2015-08-11T14:11:10.000000Z,6.74609375,6.74609375,66.0
2015-08-11T14:11:20.000000Z,6.74609375,6.74609375,38.0
2015-08-11T14:11:30.000000Z,6.74609375,6.74609375,47.0
2015-08-11T14:11:40.000000Z,6.74609375,6.7421875,42.0
2015-08-11T14:11:50.000000Z,6.74609375,6.7421875,24.0
2015-08-11T14:12:00.000000Z,6.74609375,6.7421875,15.0
2015-08-11T14:12:10.000000Z,6.74609375,6.74609375,31.0
2015-08-11T14:12:20.000000Z,6.74609375,6.74609375,44.0
2015-08-11T14:12:30.000000Z,6.74609375,6.74609375,42.0
2015-08-11T14:12:40.000000Z,6.74609375,6.74609375,40.0
2015-08-11T14:12:50.000000Z,6.74609375,6.74609375,18.0
2015-08-11T14:13:00.000000Z,6.74609375,6.7421875,18.0
2015-08-11T14:13:10.000000Z,6.74609375,6.7421875,29.0
2015-08-11T14:13:20.000000Z,6.74609375,6.7421875,34.0
2015-08-11T14:13:30.000000Z,6.74609375,6.74609375,56.0
2015-08-11T14:13:40.000000Z,6.74609375,6.74609375,51.0
2015-08-11T14:13:50.000000Z,6.74609375,6.74609375,55.0
2015-08-11T14:14:00.000000Z,6.74609375,6.74609375,34.0
2015-08-11T14:14:10.000000Z,6.74609375,6.7421875,39.0
2015-08-11T14:14:20.000000Z,6.74609375,6.74609375,21.0
2015-08-11T14:14:30.000000Z,6.74609375,6.74609375,42.0
2015-08-11T14:14:40.000000Z,6.74609375,6.7421875,13.0
2015-08-11T14:14:50.000000Z,6.74609375,6.74609375,39.0
2015-08-11T14:15:00.000000Z,6.74609375,6.7421875,50.0
2015-08-11T14:15:10.000000Z,6.74609375,6.7421875,29.0
2015-08-11T14:15:20.000000Z,6.74609375,6.7421875,70.0
2015-08-11T14:15:30.000000Z,6.7421875,6.7421875,44.0
2015-08-11T14:15:40.000000Z,6.7421875,6.7421875,35.0
2015-08-11T14:15:50.000000Z,6.7421875,6.7421875,35.0
2015-08-11T14:16:00.000000Z,6.7421875,6.7421875,37.0
2015-08-11T14:16:10.000000Z,6.7421875,6.7421875,46.0
2015-08-11T14:16:20.000000Z,6.7421875,6.7421875,54.0
2015-08-11T14:16:30.000000Z,6.7421875,6.7421875,31.0
2015-08-11T14:16:40.000000Z,6.7421875,6.7421875,35.0
2015-08-11T14:16:50.000000Z,6.7421875,6.7421875,24.0
2015-08-11T14:17:00.000000Z,6.74609375,6.7421875,26.0
2015-08-11T14:17:10.000000Z,6.74609375,6.7421875,43.0
2015-08-11T14:17:20.000000Z,6.74609375,6.7421875,14.0
2015-08-11T14:17:30.000000Z,6.7421875,6.7421875,34.0
2015-08-11T14:17:40.000000Z,6.7421875,6.7421875,60.0
2015-08-11T14:17:50.000000Z,6.7421875,6.7421875,47.0
2015-08-11T14:18:00.000000Z,6.7421875,6.7421875,31.0
2015-08-11T14:18:10.000000Z,6.7421875,6.73828125,53.0
2015-08-11T14:18:20.000000Z,6.7421875,6.73828125,56.0
2015-08-11T14:18:30.000000Z,6.7421875,6.7421875,49.0
2015-08-11T14:18:40.000000Z,6.7421875,6.7421875,34.0
2015-08-11T14:18:50.000000Z,6.7421875,6.7421875,51.0
2015-08-11T14:19:00.000000Z,6.7421875,6.7421875,52.0
2015-08-11T14:19:10.000000Z,6.7421875,6.7421875,29.0
2015-08-11T14:19:20.000000Z,6.7421875,6.7421875,45.0
2015-08-11T14:19:30.000000Z,6.7421875,6.7421875,34.0
2015-08-11T14:19:40.000000Z,6.74609375,6.74609375,69.0
2015-08-11T14:19:50.000000Z,6.74609375,6.74609375,44.0
2015-08-11T14:20:00.000000Z,6.74609375,6.74609375,38.0
2015-08-11T14:20:10.000000Z,6.74609375,6.74609375,33.0
2015-08-11T14:20:20.000000Z,6.74609375,6.74609375,26.0
2015-08-11T14:20:30.000000Z,6.75,6.74609375,72.0
2015-08-11T14:20:40.000000Z,6.75,6.75,64.0
2015-08-11T14:20:50.000000Z,6.75,6.75,48.0
2015-08-11T14:21:00.000000Z,6.75,6.75,74.0
2015-08-11T14:21:10.000000Z,6.75,6.75,33.0
2015-08-11T14:21:20.000000Z,6.75,6.75,50.0
2015-08-11T14:21:30.000000Z,6.75390625,6.75,96.0
2015-08-11T14:21:40.000000Z,6.75390625,6.75,69.0
2015-08-11T14:21:50.000000Z,6.75390625,6.75,72.0
2015-08-11T14:22:00.000000Z,6.75390625,6.75390625,47.0
2015-08-11T14:22:10.000000Z,6.75390625,6.75,55.0
2015-08-11T14:22:20.000000Z,6.75390625,6.75,58.0
2015-08-11T14:22:30.000000Z,6.75390625,6.75390625,48.0
2015-08-11T14:22:40.000000Z,6.75390625,6.75390625,73.0
2015-08-11T14:22:50.000000Z,6.75390625,6.75390625,51.0
2015-08-11T14:23:00.000000Z,6.75390625,6.75390625,66.0
2015-08-11T14:23:10.000000Z,6.75390625,6.75390625,64.0
2015-08-11T14:23:20.000000Z,6.75390625,6.75390625,44.0
2015-08-11T14:23:30.000000Z,6.75390625,6.75390625,50.0
2015-08-11T14:23:40.000000Z,6.75390625,6.75390625,49.0
2015-08-11T14:23:50.000000Z,6.7578125,6.7578125,98.0
2015-08-11T14:24:00.000000Z,6.7578125,6.7578125,96.0
2015-08-11T14:24:10.000000Z,6.7578125,6.7578125,77.0
2015-08-11T14:24:20.000000Z,6.7578125,6.7578125,75.0
2015-08-11T14:24:30.000000Z,6.7578125,6.75390625,62.0
2015-08-11T14:24:40.000000Z,6.7578125,6.7578125,69.0
2015-08-11T14:24:50.000000Z,6.75390625,6.75390625,43.0
2015-08-11T14:25:00.000000Z,6.7578125,6.75390625,72.0
2015-08-11T14:25:10.000000Z,6.7578125,6.7578125,65.0
2015-08-11T14:25:20.000000Z,6.7578125,6.7578125,66.0
2015-08-11T14:25:30.000000Z,6.7578125,6.7578125,49.0
2015-08-11T14:25:40.000000Z,6.7578125,6.7578125,65.0
2015-08-11T14:25:50.000000Z,6.7578125,6.7578125,52.0
2015-08-11T14:26:00.000000Z,6.7578125,6.7578125,49.0
2015-08-11T14:26:10.000000Z,6.7578125,6.7578125,31.0
2015-08-11T14:26:20.000000Z,6.7578125,6.7578125,50.0
2015-08-11T14:26:30.000000Z,6.7578125,6.75390625,41.0
2015-08-11T14:26:40.000000Z,6.7578125,6.75390625,33.0
2015-08-11T14:26:50.000000Z,6.7578125,6.75390625,46.0
2015-08-11T14:27:00.000000Z,6.75390625,6.75390625,32.0
2015-08-11T14:27:10.000000Z,6.75390625,6.75390625,23.0
2015-08-11T14:27:20.000000Z,6.75390625,6.75390625,55.0
2015-08-11T14:27:30.000000Z,6.75390625,6.75390625,44.0
2015-08-11T14:27:40.000000Z,6.7578125,6.75390625,48.0
2015-08-11T14:27:50.000000Z,6.75390625,6.75390625,18.0
2015-08-11T14:28:00.000000Z,6.75390625,6.75390625,37.0
2015-08-11T14:28:10.000000Z,6.75390625,6.75390625,39.0
2015-08-11T14:28:20.000000Z,6.7578125,6.75390625,62.0
2015-08-11T14:28:30.000000Z,6.75390625,6.75390625,42.0
2015-08-11T14:28:40.000000Z,6.75390625,6.75390625,54.0
2015-08-11T14:28:50.000000Z,6.75390625,6.75390625,26.0
2015-08-11T14:29:00.000000Z,6.7578125,6.75390625,56.0
2015-08-11T14:29:10.000000Z,6.7578125,6.75390625,69.0
2015-08-11T14:29:20.000000Z,6.7578125,6.75390625,30.0
2015-08-11T14:29:30.000000Z,6.7578125,6.75390625,17.0
2015-08-11T14:29:40.000000Z,6.7578125,6.75390625,49.0
2015-08-11T14:29:50.000000Z,6.75390625,6.75390625,23.0
2015-08-11T14:30:00.000000Z,6.75390625,6.75390625,47.0
2015-08-11T14:30:10.000000Z,6.75390625,6.75390625,31.0
2015-08-11T14:30:20.000000Z,6.75390625,6.75390625,28.0
2015-08-11T14:30:30.000000Z,6.75390625,6.75390625,29.0
2015-08-11T14:30:40.000000Z,6.75390625,6.75390625,28.0
2015-08-11T14:30:50.000000Z,6.75390625,6.75390625,18.0
2015-08-11T14:31:00.000000Z,6.75390625,6.75390625,37.0
2015-08-11T14:31:10.000000Z,6.7578125,6.75390625,43.0
2015-08-11T14:31:20.000000Z,6.7578125,6.75390625,32.0
2015-08-11T14:31:30.000000Z,6.7578125,6.75390625,52.0
2015-08-11T14:31:40.000000Z,6.7578125,6.75390625,30.0
2015-08-11T14:31:50.000000Z,6.75390625,6.75390625,27.0
2015-08-11T14:32:00.000000Z,6.75390625,6.75390625,47.0
2015-08-11T14:32:10.000000Z,6.75390625,6.75390625,50.0
2015-08-11T14:32:20.000000Z,6.75390625,6.75390625,34.0
2015-08-11T14:32:30.000000Z,6.75390625,6.75390625,15.0
2015-08-11T14:32:40.000000Z,6.75390625,6.75390625,4.0
2015-08-11T14:32:50.000000Z,6.75390625,6.75390625,49.0
2015-08-11T14:33:00.000000Z,6.75390625,6.75390625,70.0
2015-08-11T14:33:10.000000Z,6.75390625,6.75390625,48.0
2015-08-11T14:33:20.000000Z,6.75390625,6.75390625,22.0
2015-08-11T14:33:30.000000Z,6.75390625,6.75390625,30.0
2015-08-11T14:33:40.000000Z,6.75390625,6.75390625,35.0
2015-08-11T14:33:50.000000Z,6.75390625,6.75390625,22.0
2015-08-11T14:34:00.000000Z,6.75390625,6.75390625,40.0
2015-08-11T14:34:10.000000Z,6.75390625,6.75390625,28.0
2015-08-11T14:34:20.000000Z,6.75390625,6.75390625,16.0
2015-08-11T14:34:30.000000Z,6.75390625,6.75390625,47.0
2015-08-11T14:34:40.000000Z,6.75390625,6.75390625,30.0
2015-08-11T14:34:50.000000Z,6.7578125,6.75390625,37.0
2015-08-11T14:35:00.000000Z,6.7578125,6.75390625,16.0
2015-08-11T14:35:10.000000Z,6.7578125,6.75390625,23.0
2015-08-11T14:35:20.000000Z,6.7578125,6.7578125,30.0
2015-08-11T14:35:30.000000Z,6.7578125,6.7578125,48.0
2015-08-11T14:35:40.000000Z,6.7578125,6.7578125,54.0
2015-08-11T14:35:50.000000Z,6.7578125,6.7578125,28.0
2015-08-11T14:36:00.000000Z,6.7578125,6.7578125,37.0
2015-08-11T14:36:10.000000Z,6.7578125,6.7578125,30.0
2015-08-11T14:36:20.000000Z,6.76171875,6.76171875,74.0
2015-08-11T14:36:30.000000Z,6.76171875,6.76171875,81.0
2015-08-11T14:36:40.000000Z,6.76171875,6.76171875,58.0
2015-08-11T14:36:50.000000Z,6.76171875,6.7578125,58.0
2015-08-11T14:37:00.000000Z,6.7578125,6.7578125,69.0
2015-08-11T14:37:10.000000Z,6.7578125,6.7578125,71.0
2015-08-11T14:37:20.000000Z,6.7578125,6.7578125,25.0
2015-08-11T14:37:30.000000Z,6.7578125,6.7578125,39.0
2015-08-11T14:37:40.000000Z,6.7578125,6.7578125,50.0
2015-08-11T14:37:50.000000Z,6.7578125,6.7578125,44.0
2015-08-11T14:38:00.000000Z,6.7578125,6.7578125,39.0
2015-08-11T14:38:10.000000Z,6.7578125,6.7578125,47.0
2015-08-11T14:38:20.000000Z,6.7578125,6.7578125,33.0
2015-08-11T14:38:30.000000Z,6.7578125,6.7578125,37.0
2015-08-11T14:38:40.000000Z,6.7578125,6.7578125,35.0
2015-08-11T14:38:50.000000Z,6.7578125,6.7578125,60.0
2015-08-11T14:39:00.000000Z,6.7578125,6.7578125,22.0
2015-08-11T14:39:10.000000Z,6.7578125,6.7578125,51.0
2015-08-11T14:39:20.000000Z,6.7578125,6.7578125,52.0
2015-08-11T14:39:30.000000Z,6.7578125,6.7578125,38.0
2015-08-11T14:39:40.000000Z,6.7578125,6.7578125,40.0
2015-08-11T14:39:50.000000Z,6.7578125,6.7578125,48.0
2015-08-11T14:40:00.000000Z,6.7578125,6.7578125,39.0
2015-08-11T14:40:10.000000Z,6.7578125,6.7578125,60.0
2015-08-11T14:40:20.000000Z,6.7578125,6.7578125,41.0
2015-08-11T14:40:30.000000Z,6.7578125,6.7578125,36.0
2015-08-11T14:40:40.000000Z,6.7578125,6.7578125,19.0
2015-08-11T14:40:50.000000Z,6.7578125,6.7578125,36.0
2015-08-11T14:41:00.000000Z,6.7578125,6.7578125,32.0
2015-08-11T14:41:10.000000Z,6.7578125,6.7578125,37.0
2015-08-11T14:41:20.000000Z,6.7578125,6.7578125,35.0
2015-08-11T14:41:30.000000Z,6.7578125,6.7578125,51.0
2015-08-11T14:41:40.000000Z,6.7578125,6.7578125,16.0
2015-08-11T14:41:50.000000Z,6.7578125,6.7578125,10.0
2015-08-11T14:42:00.000000Z,6.7578125,6.7578125,6.0
2015-08-11T14:42:10.000000Z,6.7578125,6.7578125,25.0
2015-08-11T14:42:20.000000Z,6.7578125,6.7578125,25.0
2015-08-11T14:42:30.000000Z,6.7578125,6.7578125,29.0
2015-08-11T14:42:40.000000Z,6.76171875,6.7578125,29.0
2015-08-11T14:42:50.000000Z,6.76171875,6.76171875,40.0
2015-08-11T14:43:00.000000Z,6.76171875,6.76171875,57.0
2015-08-11T14:43:10.000000Z,6.76171875,6.76171875,59.0
2015-08-11T14:43:20.000000Z,6.76171875,6.76171875,36.0
2015-08-11T14:43:30.000000Z,6.76171875,6.76171875,50.0
2015-08-11T14:43:40.000000Z,6.76171875,6.76171875,41.0
2015-08-11T14:43:50.000000Z,6.76171875,6.76171875,18.0
2015-08-11T14:44:00.000000Z,6.76171875,6.76171875,62.0
2015-08-11T14:44:10.000000Z,6.76171875,6.76171875,20.0
2015-08-11T14:44:20.000000Z,6.76171875,6.76171875,14.0
2015-08-11T14:44:30.000000Z,6.76171875,6.76171875,14.0
2015-08-11T14:44:40.000000Z,6.76171875,6.76171875,25.0
2015-08-11T14:44:50.000000Z,6.76171875,6.76171875,41.0
2015-08-11T14:45:00.000000Z,6.76171875,6.76171875,55.0
2015-08-11T14:45:10.000000Z,6.76171875,6.76171875,40.0
2015-08-11T14:45:20.000000Z,6.76171875,6.76171875,13.0
2015-08-11T14:45:30.000000Z,6.76171875,6.76171875,20.0
2015-08-11T14:45:40.000000Z,6.765625,6.76171875,69.0
2015-08-11T14:45:50.000000Z,6.765625,6.765625,44.0
2015-08-11T14:46:00.000000Z,6.765625,6.765625,51.0
2015-08-11T14:46:10.000000Z,6.765625,6.76171875,42.0
2015-08-11T14:46:20.000000Z,6.76171875,6.76171875,39.0
2015-08-11T14:46:30.000000Z,6.765625,6.76171875,45.0
2015-08-11T14:46:40.000000Z,6.765625,6.76171875,52.0
2015-08-11T14:46:50.000000Z,6.76171875,6.76171875,38.0
2015-08-11T14:47:00.000000Z,6.76171875,6.76171875,19.0
2015-08-11T14:47:10.000000Z,6.76171875,6.76171875,16.0
2015-08-11T14:47:20.000000Z,6.765625,6.76171875,35.0
2015-08-11T14:47:30.000000Z,6.765625,6.76171875,32.0
2015-08-11T14:47:40.000000Z,6.765625,6.76171875,5.0
2015-08-11T14:47:50.000000Z,6.765625,6.76171875,15.0
2015-08-11T14:48:00.000000Z,6.765625,6.76171875,25.0
2015-08-11T14:48:10.000000Z,6.765625,6.76171875,18.0
2015-08-11T14:48:20.000000Z,6.765625,6.76171875,9.0
2015-08-11T14:48:30.000000Z,6.76171875,6.76171875,29.0
2015-08-11T14:48:40.000000Z,6.76171875,6.76171875,32.0
2015-08-11T14:48:50.000000Z,6.76171875,6.76171875,34.0
2015-08-11T14:49:00.000000Z,6.76171875,6.76171875,41.0
2015-08-11T14:49:10.000000Z,6.76171875,6.76171875,69.0
2015-08-11T14:49:20.000000Z,6.76171875,6.7578125,39.0
2015-08-11T14:49:30.000000Z,6.76171875,6.76171875,43.0
2015-08-11T14:49:40.000000Z,6.76171875,6.76171875,38.0
2015-08-11T14:49:50.000000Z,6.76171875,6.76171875,26.0
2015-08-11T14:50:00.000000Z,6.76171875,6.76171875,39.0
2015-08-11T14:50:10.000000Z,6.76171875,6.76171875,23.0
2015-08-11T14:50:20.000000Z,6.76171875,6.76171875,53.0
2015-08-11T14:50:30.000000Z,6.76171875,6.76171875,37.0
2015-08-11T14:50:40.000000Z,6.76171875,6.76171875,36.0
2015-08-11T14:50:50.000000Z,6.7578125,6.7578125,50.0
2015-08-11T14:51:00.000000Z,6.7578125,6.7578125,41.0
2015-08-11T14:51:10.000000Z,6.7578125,6.7578125,37.0
2015-08-11T14:51:20.000000Z,6.7578125,6.7578125,43.0
2015-08-11T14:51:30.000000Z,6.7578125,6.7578125,33.0
2015-08-11T14:51:40.000000Z,6.7578125,6.7578125,23.0
2015-08-11T14:51:50.000000Z,6.76171875,6.7578125,32.0
2015-08-11T14:52:00.000000Z,6.7578125,6.7578125,48.0
2015-08-11T14:52:10.000000Z,6.7578125,6.7578125,39.0
2015-08-11T14:52:20.000000Z,6.7578125,6.7578125,19.0
2015-08-11T14:52:30.000000Z,6.7578125,6.7578125,10.0
2015-08-11T14:52:40.000000Z,6.7578125,6.7578125,7.0
2015-08-11T14:52:50.000000Z,6.7578125,6.7578125,25.0
2015-08-11T14:53:00.000000Z,6.7578125,6.7578125,15.0
2015-08-11T14:53:10.000000Z,6.7578125,6.7578125,13.0
2015-08-11T14:53:20.000000Z,6.7578125,6.7578125,28.0
2015-08-11T14:53:30.000000Z,6.7578125,6.7578125,54.0
2015-08-11T14:53:40.000000Z,6.7578125,6.7578125,32.0
2015-08-11T14:53:50.000000Z,6.7578125,6.7578125,25.0
2015-08-11T14:54:00.000000Z,6.7578125,6.7578125,32.0
2015-08-11T14:54:10.000000Z,6.7578125,6.7578125,40.0
2015-08-11T14:54:20.000000Z,6.7578125,6.7578125,44.0
2015-08-11T14:54:30.000000Z,6.7578125,6.75390625,47.0
2015-08-11T14:54:40.000000Z,6.7578125,6.75390625,24.0
2015-08-11T14:54:50.000000Z,6.7578125,6.7578125,35.0
2015-08-11T14:55:00.000000Z,6.7578125,6.7578125,51.0
2015-08-11T14:55:10.000000Z,6.7578125,6.75390625,49.0
2015-08-11T14:55:20.000000Z,6.7578125,6.75390625,14.0
2015-08-11T14:55:30.000000Z,6.75390625,6.75390625,34.0
2015-08-11T14:55:40.000000Z,6.7578125,6.75390625,34.0
2015-08-11T14:55:50.000000Z,6.7578125,6.75390625,23.0
2015-08-11T14:56:00.000000Z,6.75390625,6.75390625,43.0
2015-08-11T14:56:10.000000Z,6.75390625,6.75390625,46.0
2015-08-11T14:56:20.000000Z,6.75390625,6.75390625,42.0
2015-08-11T14:56:30.000000Z,6.75390625,6.75390625,68.0
2015-08-11T14:56:40.000000Z,6.75390625,6.75390625,36.0
2015-08-11T14:56:50.000000Z,6.75390625,6.75390625,26.0
2015-08-11T14:57:00.000000Z,6.75390625,6.75390625,39.0
2015-08-11T14:57:10.000000Z,6.75390625,6.75390625,33.0
2015-08-11T14:57:20.000000Z,6.75390625,6.75390625,49.0
2015-08-11T14:57:30.000000Z,6.75390625,6.75390625,50.0
2015-08-11T14:57:40.000000Z,6.75390625,6.75390625,46.0
2015-08-11T14:57:50.000000Z,6.75390625,6.75390625,36.0
2015-08-11T14:58:00.000000Z,6.75390625,6.75390625,44.0
2015-08-11T14:58:10.000000Z,6.75390625,6.75390625,21.0
2015-08-11T14:58:20.000000Z,6.75390625,6.75390625,83.0
2015-08-11T14:58:30.000000Z,6.75390625,6.75390625,68.0
2015-08-11T14:58:40.000000Z,6.75390625,6.75390625,40.0
2015-08-11T14:58:50.000000Z,6.75390625,6.75390625,62.0
2015-08-11T14:59:00.000000Z,6.75390625,6.75390625,37.0
2015-08-11T14:59:10.000000Z,6.75390625,6.75390625,38.0
2015-08-11T14:59:20.000000Z,6.7578125,6.75390625,49.0
2015-08-11T14:59:30.000000Z,6.75390625,6.75390625,55.0
2015-08-11T14:59:40.000000Z,6.75390625,6.75390625,49.0
2015-08-11T14:59:50.000000Z,6.7578125,6.7578125,52.0
2015-08-11T15:00:00.000000Z,6.7578125,6.75390625,33.0
2015-08-11T15:00:10.000000Z,6.7578125,6.75390625,48.0
2015-08-11T15:00:20.000000Z,6.7578125,6.75390625,30.0
2015-08-11T15:00:30.000000Z,6.75390625,6.75390625,33.0
2015-08-11T15:00:40.000000Z,6.75390625,6.75390625,53.0
2015-08-11T15:00:50.000000Z,6.7578125,6.7578125,53.0
2015-08-11T15:01:00.000000Z,6.7578125,6.7578125,57.0
2015-08-11T15:01:10.000000Z,6.7578125,6.7578125,79.0
2015-08-11T15:01:20.000000Z,6.7578125,6.75390625,58.0
2015-08-11T15:01:30.000000Z,6.75390625,6.75390625,51.0
2015-08-11T15:01:40.000000Z,6.75390625,6.75390625,31.0
2015-08-11T15:01:50.000000Z,6.75390625,6.75390625,48.0
2015-08-11T15:02:00.000000Z,6.7578125,6.7578125,54.0
2015-08-11T15:02:10.000000Z,6.7578125,6.7578125,52.0
2015-08-11T15:02:20.000000Z,6.7578125,6.75390625,43.0
2015-08-11T15:02:30.000000Z,6.75390625,6.75390625,44.0
2015-08-11T15:02:40.000000Z,6.75390625,6.75390625,52.0
2015-08-11T15:02:50.000000Z,6.75390625,6.75390625,20.0
2015-08-11T15:03:00.000000Z,6.75390625,6.75390625,33.0
2015-08-11T15:03:10.000000Z,6.75390625,6.75390625,35.0
2015-08-11T15:03:20.000000Z,6.75390625,6.75390625,62.0
2015-08-11T15:03:30.000000Z,6.75390625,6.75390625,51.0
2015-08-11T15:03:40.000000Z,6.75390625,6.75390625,40.0
2015-08-11T15:03:50.000000Z,6.7578125,6.75390625,50.0
2015-08-11T15:04:00.000000Z,6.7578125,6.7578125,35.0
2015-08-11T15:04:10.000000Z,6.7578125,6.7578125,46.0
2015-08-11T15:04:20.000000Z,6.7578125,6.7578125,45.0
2015-08-11T15:04:30.000000Z,6.7578125,6.7578125,40.0
2015-08-11T15:04:40.000000Z,6.7578125,6.7578125,25.0
2015-08-11T15:04:50.000000Z,6.7578125,6.7578125,36.0
2015-08-11T15:05:00.000000Z,6.7578125,6.75390625,46.0
2015-08-11T15:05:10.000000Z,6.7578125,6.7578125,40.0
2015-08-11T15:05:20.000000Z,6.7578125,6.7578125,34.0
2015-08-11T15:05:30.000000Z,6.7578125,6.7578125,22.0
2015-08-11T15:05:40.000000Z,6.7578125,6.7578125,30.0
2015-08-11T15:05:50.000000Z,6.7578125,6.7578125,14.0
2015-08-11T15:06:00.000000Z,6.7578125,6.7578125,38.0
2015-08-11T15:06:10.000000Z,6.7578125,6.7578125,51.0
2015-08-11T15:06:20.000000Z,6.7578125,6.7578125,28.0
2015-08-11T15:06:30.000000Z,6.7578125,6.7578125,15.0
2015-08-11T15:06:40.000000Z,6.7578125,6.75390625,49.0
2015-08-11T15:06:50.000000Z,6.75390625,6.75390625,82.0
2015-08-11T15:07:00.000000Z,6.75390625,6.75390625,91.0
2015-08-11T15:07:10.000000Z,6.75390625,6.75390625,57.0
2015-08-11T15:07:20.000000Z,6.75390625,6.75390625,24.0
2015-08-11T15:07:30.000000Z,6.75390625,6.75390625,26.0
2015-08-11T15:07:40.000000Z,6.75390625,6.75390625,51.0
2015-08-11T15:07:50.000000Z,6.7578125,6.75390625,36.0
2015-08-11T15:08:00.000000Z,6.7578125,6.75390625,41.0
2015-08-11T15:08:10.000000Z,6.75390625,6.75390625,24.0
2015-08-11T15:08:20.000000Z,6.75390625,6.75390625,23.0
2015-08-11T15:08:30.000000Z,6.75390625,6.75390625,10.0
2015-08-11T15:08:40.000000Z,6.75390625,6.75390625,21.0
2015-08-11T15:08:50.000000Z,6.75390625,6.75390625,37.0
2015-08-11T15:09:00.000000Z,6.75390625,6.75390625,21.0
2015-08-11T15:09:10.000000Z,6.75390625,6.75390625,21.0
2015-08-11T15:09:20.000000Z,6.75390625,6.75390625,27.0
2015-08-11T15:09:30.000000Z,6.75390625,6.75390625,10.0
2015-08-11T15:09:40.000000Z,6.75390625,6.75390625,14.0
2015-08-11T15:09:50.000000Z,6.75390625,6.75390625,20.0
2015-08-11T15:10:00.000000Z,6.75390625,6.75390625,24.0
2015-08-11T15:10:10.000000Z,6.75390625,6.75390625,25.0
2015-08-11T15:10:20.000000Z,6.75390625,6.75390625,11.0
2015-08-11T15:10:30.000000Z,6.75390625,6.75390625,19.0
2015-08-11T15:10:40.000000Z,6.75390625,6.75390625,39.0
2015-08-11T15:10:50.000000Z,6.75390625,6.75390625,13.0
2015-08-11T15:11:00.000000Z,6.75390625,6.75390625,10.0
2015-08-11T15:11:10.000000Z,6.75390625,6.75390625,27.0
2015-08-11T15:11:20.000000Z,6.75390625,6.75390625,32.0
2015-08-11T15:11:30.000000Z,6.75390625,6.75390625,26.0
2015-08-11T15:11:40.000000Z,6.75390625,6.75390625,12.0
2015-08-11T15:11:50.000000Z,6.75390625,6.75390625,32.0
2015-08-11T15:12:00.000000Z,6.75390625,6.75390625,16.0
2015-08-11T15:12:10.000000Z,6.75390625,6.75390625,38.0
2015-08-11T15:12:20.000000Z,6.75390625,6.75390625,40.0
2015-08-11T15:12:30.000000Z,6.75390625,6.75390625,13.0
2015-08-11T15:12:40.000000Z,6.75390625,6.75390625,13.0
2015-08-11T15:12:50.000000Z,6.75390625,6.75390625,52.0
2015-08-11T15:13:00.000000Z,6.75390625,6.75,36.0
2015-08-11T15:13:10.000000Z,6.75390625,6.75,33.0
2015-08-11T15:13:20.000000Z,6.75390625,6.75,43.0
2015-08-11T15:13:30.000000Z,6.75,6.75,41.0
2015-08-11T15:13:40.000000Z,6.75,6.75,24.0
2015-08-11T15:13:50.000000Z,6.75390625,6.75,48.0
2015-08-11T15:14:00.000000Z,6.75,6.75,33.0
2015-08-11T15:14:10.000000Z,6.75,6.75,32.0
2015-08-11T15:14:20.000000Z,6.75,6.75,29.0
2015-08-11T15:14:30.000000Z,6.75,6.75,49.0
2015-08-11T15:14:40.000000Z,6.75,6.75,41.0
2015-08-11T15:14:50.000000Z,6.75,6.75,41.0
2015-08-11T15:15:00.000000Z,6.75,6.75,38.0
2015-08-11T15:15:10.000000Z,6.75,6.75,44.0
2015-08-11T15:15:20.000000Z,6.75,6.75,41.0
2015-08-11T15:15:30.000000Z,6.75,6.75,32.0
2015-08-11T15:15:40.000000Z,6.75,6.75,6.0
2015-08-11T15:15:50.000000Z,6.75,6.75,50.0
2015-08-11T15:16:00.000000Z,6.75,6.75,19.0
2015-08-11T15:16:10.000000Z,6.75,6.75,35.0
2015-08-11T15:16:20.000000Z,6.75,6.75,34.0
2015-08-11T15:16:30.000000Z,6.75,6.75,40.0
2015-08-11T15:16:40.000000Z,6.75,6.75,42.0
2015-08-11T15:16:50.000000Z,6.75,6.75,30.0
2015-08-11T15:17:00.000000Z,6.75,6.75,41.0
2015-08-11T15:17:10.000000Z,6.75390625,6.75,38.0
2015-08-11T15:17:20.000000Z,6.75390625,6.75,44.0
2015-08-11T15:17:30.000000Z,6.75390625,6.75,36.0
2015-08-11T15:17:40.000000Z,6.75390625,6.75,22.0
2015-08-11T15:17:50.000000Z,6.75390625,6.75,44.0
2015-08-11T15:18:00.000000Z,6.75390625,6.75,53.0
2015-08-11T15:18:10.000000Z,6.75390625,6.75390625,43.0
2015-08-11T15:18:20.000000Z,6.75390625,6.75390625,38.0
2015-08-11T15:18:30.000000Z,6.75390625,6.75390625,49.0
2015-08-11T15:18:40.000000Z,6.75390625,6.75390625,28.0
2015-08-11T15:18:50.000000Z,6.75390625,6.75390625,24.0
2015-08-11T15:19:00.000000Z,6.75390625,6.75,31.0
2015-08-11T15:19:10.000000Z,6.75390625,6.75,37.0
2015-08-11T15:19:20.000000Z,6.75,6.75,49.0
2015-08-11T15:19:30.000000Z,6.75,6.75,41.0
2015-08-11T15:19:40.000000Z,6.75390625,6.75,30.0
2015-08-11T15:19:50.000000Z,6.75390625,6.75390625,45.0
2015-08-11T15:20:00.000000Z,6.75390625,6.75,51.0
2015-08-11T15:20:10.000000Z,6.75390625,6.75,63.0
2015-08-11T15:20:20.000000Z,6.75390625,6.75390625,49.0
2015-08-11T15:20:30.000000Z,6.75390625,6.75390625,51.0
2015-08-11T15:20:40.000000Z,6.75390625,6.75390625,25.0
2015-08-11T15:20:50.000000Z,6.75390625,6.75390625,33.0
2015-08-11T15:21:00.000000Z,6.75390625,6.75,70.0
2015-08-11T15:21:10.000000Z,6.75,6.75,44.0
2015-08-11T15:21:20.000000Z,6.75,6.75,44.0
2015-08-11T15:21:30.000000Z,6.75,6.75,31.0
2015-08-11T15:21:40.000000Z,6.75,6.75,14.0
2015-08-11T15:21:50.000000Z,6.75,6.75,12.0
2015-08-11T15:22:00.000000Z,6.75,6.75,32.0
2015-08-11T15:22:10.000000Z,6.75,6.75,19.0
2015-08-11T15:22:20.000000Z,6.75,6.75,26.0
2015-08-11T15:22:30.000000Z,6.75,6.75,17.0
2015-08-11T15:22:40.000000Z,6.75,6.75,36.0
2015-08-11T15:22:50.000000Z,6.75,6.75,76.0
2015-08-11T15:23:00.000000Z,6.75,6.75,30.0
2015-08-11T15:23:10.000000Z,6.75,6.75,38.0
2015-08-11T15:23:20.000000Z,6.75,6.75,36.0
2015-08-11T15:23:30.000000Z,6.75,6.75,11.0
2015-08-11T15:23:40.000000Z,6.75,6.75,16.0
2015-08-11T15:23:50.000000Z,6.75,6.75,13.0
2015-08-11T15:24:00.000000Z,6.75,6.75,26.0
2015-08-11T15:24:10.000000Z,6.75,6.75,25.0
2015-08-11T15:24:20.000000Z,6.75,6.75,14.0
2015-08-11T15:24:30.000000Z,6.74609375,6.74609375,64.0
2015-08-11T15:24:40.000000Z,6.74609375,6.74609375,56.0
2015-08-11T15:24:50.000000Z,6.75,6.74609375,44.0
2015-08-11T15:25:00.000000Z,6.75,6.74609375,51.0
2015-08-11T15:25:10.000000Z,6.75,6.74609375,25.0
2015-08-11T15:25:20.000000Z,6.74609375,6.74609375,44.0
2015-08-11T15:25:30.000000Z,6.75,6.74609375,17.0
2015-08-11T15:25:40.000000Z,6.75,6.74609375,43.0
2015-08-11T15:25:50.000000Z,6.75,6.74609375,78.0
2015-08-11T15:26:00.000000Z,6.75,6.75,45.0
2015-08-11T15:26:10.000000Z,6.75,6.75,12.0
2015-08-11T15:26:20.000000Z,6.75,6.74609375,58.0
2015-08-11T15:26:30.000000Z,6.75,6.74609375,34.0
2015-08-11T15:26:40.000000Z,6.75,6.75,20.0
2015-08-11T15:26:50.000000Z,6.75,6.74609375,14.0
2015-08-11T15:27:00.000000Z,6.75,6.75,31.0
2015-08-11T15:27:10.000000Z,6.75,6.75,25.0
2015-08-11T15:27:20.000000Z,6.75,6.75,58.0
2015-08-11T15:27:30.000000Z,6.75,6.75,42.0
2015-08-11T15:27:40.000000Z,6.75,6.75,57.0
2015-08-11T15:27:50.000000Z,6.75,6.75,28.0
2015-08-11T15:28:00.000000Z,6.75,6.75,15.0
2015-08-11T15:28:10.000000Z,6.75,6.75,6.0
2015-08-11T15:28:20.000000Z,6.75,6.75,25.0
2015-08-11T15:28:30.000000Z,6.75,6.74609375,48.0
2015-08-11T15:28:40.000000Z,6.75,6.75,19.0
2015-08-11T15:28:50.000000Z,6.75,6.75,18.0
2015-08-11T15:29:00.000000Z,6.75,6.74609375,24.0
2015-08-11T15:29:10.000000Z,6.74609375,6.74609375,58.0
2015-08-11T15:29:20.000000Z,6.75,6.74609375,46.0
2015-08-11T15:29:30.000000Z,6.75,6.74609375,17.0
2015-08-11T15:29:40.000000Z,6.75,6.75,47.0
2015-08-11T15:29:50.000000Z,6.74609375,6.74609375,83.0
2015-08-11T15:30:00.000000Z,6.74609375,6.74609375,65.0
2015-08-11T15:30:10.000000Z,6.74609375,6.74609375,47.0
2015-08-11T15:30:20.000000Z,6.74609375,6.74609375,42.0
2015-08-11T15:30:30.000000Z,6.74609375,6.74609375,36.0
2015-08-11T15:30:40.000000Z,6.74609375,6.74609375,30.0
2015-08-11T15:30:50.000000Z,6.74609375,6.74609375,10.0
2015-08-11T15:31:00.000000Z,6.74609375,6.74609375,26.0
2015-08-11T15:31:10.000000Z,6.74609375,6.74609375,37.0
2015-08-11T15:31:20.000000Z,6.75,6.74609375,28.0
2015-08-11T15:31:30.000000Z,6.74609375,6.74609375,50.0
2015-08-11T15:31:40.000000Z,6.74609375,6.74609375,34.0
2015-08-11T15:31:50.000000Z,6.74609375,6.74609375,25.0
2015-08-11T15:32:00.000000Z,6.74609375,6.74609375,10.0
2015-08-11T15:32:10.000000Z,6.74609375,6.74609375,49.0
2015-08-11T15:32:20.000000Z,6.75,6.74609375,44.0
2015-08-11T15:32:30.000000Z,6.75,6.74609375,28.0
2015-08-11T15:32:40.000000Z,6.74609375,6.74609375,59.0
2015-08-11T15:32:50.000000Z,6.74609375,6.74609375,28.0
2015-08-11T15:33:00.000000Z,6.75,6.74609375,44.0
2015-08-11T15:33:10.000000Z,6.75,6.74609375,15.0
2015-08-11T15:33:20.000000Z,6.75,6.74609375,3.0
2015-08-11T15:33:30.000000Z,6.75,6.74609375,28.0
2015-08-11T15:33:40.000000Z,6.75,6.74609375,17.0
2015-08-11T15:33:50.000000Z,6.74609375,6.74609375,26.0
2015-08-11T15:34:00.000000Z,6.74609375,6.74609375,19.0
2015-08-11T15:34:10.000000Z,6.74609375,6.74609375,19.0
2015-08-11T15:34:20.000000Z,6.74609375,6.74609375,30.0
2015-08-11T15:34:30.000000Z,6.74609375,6.74609375,25.0
2015-08-11T15:34:40.000000Z,6.74609375,6.74609375,32.0
2015-08-11T15:34:50.000000Z,6.74609375,6.74609375,34.0
2015-08-11T15:35:00.000000Z,6.74609375,6.74609375,29.0
2015-08-11T15:35:10.000000Z,6.74609375,6.74609375,34.0
2015-08-11T15:35:20.000000Z,6.74609375,6.74609375,37.0
2015-08-11T15:35:30.000000Z,6.74609375,6.74609375,22.0
2015-08-11T15:35:40.000000Z,6.74609375,6.74609375,33.0
2015-08-11T15:35:50.000000Z,6.74609375,6.74609375,11.0
2015-08-11T15:36:00.000000Z,6.74609375,6.74609375,27.0
2015-08-11T15:36:10.000000Z,6.74609375,6.74609375,28.0
2015-08-11T15:36:20.000000Z,6.74609375,6.74609375,13.0
2015-08-11T15:36:30.000000Z,6.74609375,6.74609375,29.0
2015-08-11T15:36:40.000000Z,6.74609375,6.74609375,14.0
2015-08-11T15:36:50.000000Z,6.74609375,6.74609375,22.0
2015-08-11T15:37:00.000000Z,6.74609375,6.74609375,5.0
2015-08-11T15:37:10.000000Z,6.74609375,6.74609375,10.0
2015-08-11T15:37:20.000000Z,6.74609375,6.74609375,27.0
2015-08-11T15:37:30.000000Z,6.74609375,6.74609375,25.0
2015-08-11T15:37:40.000000Z,6.74609375,6.74609375,11.0
2015-08-11T15:37:50.000000Z,6.74609375,6.74609375,20.0
2015-08-11T15:38:00.000000Z,6.74609375,6.74609375,8.0
2015-08-11T15:38:10.000000Z,6.75,6.74609375,23.0
2015-08-11T15:38:20.000000Z,6.75,6.74609375,18.0
2015-08-11T15:38:30.000000Z,6.75,6.75,44.0
2015-08-11T15:38:40.000000Z,6.75,6.74609375,46.0
2015-08-11T15:38:50.000000Z,6.74609375,6.74609375,44.0
2015-08-11T15:39:00.000000Z,6.74609375,6.74609375,40.0
2015-08-11T15:39:10.000000Z,6.74609375,6.74609375,41.0
2015-08-11T15:39:20.000000Z,6.74609375,6.74609375,37.0
2015-08-11T15:39:30.000000Z,6.74609375,6.74609375,28.0
2015-08-11T15:39:40.000000Z,6.74609375,6.74609375,49.0
2015-08-11T15:39:50.000000Z,6.74609375,6.74609375,42.0
2015-08-11T15:40:00.000000Z,6.74609375,6.74609375,48.0
2015-08-11T15:40:10.000000Z,6.74609375,6.7421875,50.0
2015-08-11T15:40:20.000000Z,6.7421875,6.7421875,35.0
2015-08-11T15:40:30.000000Z,6.7421875,6.7421875,46.0
2015-08-11T15:40:40.000000Z,6.7421875,6.7421875,17.0
2015-08-11T15:40:50.000000Z,6.7421875,6.7421875,14.0
2015-08-11T15:41:00.000000Z,6.7421875,6.7421875,55.0
2015-08-11T15:41:10.000000Z,6.7421875,6.7421875,13.0
2015-08-11T15:41:20.000000Z,6.74609375,6.7421875,23.0
2015-08-11T15:41:30.000000Z,6.74609375,6.7421875,26.0
2015-08-11T15:41:40.000000Z,6.74609375,6.7421875,5.0
2015-08-11T15:41:50.000000Z,6.74609375,6.7421875,36.0
2015-08-11T15:42:00.000000Z,6.74609375,6.7421875,38.0
2015-08-11T15:42:10.000000Z,6.74609375,6.7421875,26.0
2015-08-11T15:42:20.000000Z,6.74609375,6.7421875,49.0
2015-08-11T15:42:30.000000Z,6.74609375,6.7421875,44.0
2015-08-11T15:42:40.000000Z,6.74609375,6.74609375,40.0
2015-08-11T15:42:50.000000Z,6.74609375,6.74609375,11.0
2015-08-11T15:43:00.000000Z,6.74609375,6.7421875,33.0
2015-08-11T15:43:10.000000Z,6.74609375,6.7421875,37.0
2015-08-11T15:43:20.000000Z,6.74609375,6.74609375,22.0
2015-08-11T15:43:30.000000Z,6.74609375,6.74609375,14.0
2015-08-11T15:43:40.000000Z,6.74609375,6.7421875,31.0
2015-08-11T15:43:50.000000Z,6.7421875,6.7421875,14.0
2015-08-11T15:44:00.000000Z,6.74609375,6.7421875,29.0
2015-08-11T15:44:10.000000Z,6.74609375,6.74609375,48.0
2015-08-11T15:44:20.000000Z,6.74609375,6.74609375,8.0
2015-08-11T15:44:30.000000Z,6.74609375,6.74609375,41.0
2015-08-11T15:44:40.000000Z,6.74609375,6.74609375,44.0
2015-08-11T15:44:50.000000Z,6.74609375,6.74609375,30.0
2015-08-11T15:45:00.000000Z,6.74609375,6.74609375,27.0
2015-08-11T15:45:10.000000Z,6.74609375,6.74609375,32.0
2015-08-11T15:45:20.000000Z,6.74609375,6.74609375,31.0
2015-08-11T15:45:30.000000Z,6.74609375,6.74609375,44.0
2015-08-11T15:45:40.000000Z,6.74609375,6.74609375,24.0
2015-08-11T15:45:50.000000Z,6.74609375,6.74609375,35.0
2015-08-11T15:46:00.000000Z,6.74609375,6.74609375,5.0
2015-08-11T15:46:10.000000Z,6.74609375,6.74609375,32.0
2015-08-11T15:46:20.000000Z,6.74609375,6.74609375,35.0
2015-08-11T15:46:30.000000Z,6.74609375,6.74609375,7.0
2015-08-11T15:46:40.000000Z,6.74609375,6.74609375,47.0
2015-08-11T15:46:50.000000Z,6.74609375,6.74609375,40.0
2015-08-11T15:47:00.000000Z,6.74609375,6.74609375,47.0
2015-08-11T15:47:10.000000Z,6.74609375,6.74609375,40.0
2015-08-11T15:47:20.000000Z,6.75,6.74609375,36.0
2015-08-11T15:47:30.000000Z,6.75,6.74609375,56.0
2015-08-11T15:47:40.000000Z,6.74609375,6.74609375,29.0
2015-08-11T15:47:50.000000Z,6.74609375,6.74609375,21.0
2015-08-11T15:48:00.000000Z,6.74609375,6.74609375,28.0
2015-08-11T15:48:10.000000Z,6.74609375,6.74609375,29.0
2015-08-11T15:48:20.000000Z,6.75,6.74609375,45.0
2015-08-11T15:48:30.000000Z,6.75,6.74609375,51.0
2015-08-11T15:48:40.000000Z,6.75,6.74609375,25.0
2015-08-11T15:48:50.000000Z,6.75,6.74609375,23.0
2015-08-11T15:49:00.000000Z,6.74609375,6.74609375,35.0
2015-08-11T15:49:10.000000Z,6.75,6.74609375,47.0
2015-08-11T15:49:20.000000Z,6.75,6.75,26.0
2015-08-11T15:49:30.000000Z,6.75,6.75,1.0
2015-08-11T15:49:40.000000Z,6.75,6.75,44.0
2015-08-11T15:49:50.000000Z,6.75,6.75,47.0
2015-08-11T15:50:00.000000Z,6.75,6.75,47.0
2015-08-11T15:50:10.000000Z,6.75,6.75,42.0
2015-08-11T15:50:20.000000Z,6.75,6.75,24.0
2015-08-11T15:50:30.000000Z,6.75,6.75,23.0
2015-08-11T15:50:40.000000Z,6.75,6.75,32.0
2015-08-11T15:50:50.000000Z,6.75,6.75,14.0
2015-08-11T15:51:00.000000Z,6.75,6.75,53.0
2015-08-11T15:51:10.000000Z,6.75,6.75,37.0
2015-08-11T15:51:20.000000Z,6.75,6.75,31.0
2015-08-11T15:51:30.000000Z,6.75,6.75,12.0
2015-08-11T15:51:40.000000Z,6.75,6.75,20.0
2015-08-11T15:51:50.000000Z,6.75390625,6.75,37.0
2015-08-11T15:52:00.000000Z,6.75390625,6.75,66.0
2015-08-11T15:52:10.000000Z,6.75390625,6.75390625,45.0
2015-08-11T15:52:20.000000Z,6.75390625,6.75390625,38.0
2015-08-11T15:52:30.000000Z,6.75390625,6.75390625,34.0
2015-08-11T15:52:40.000000Z,6.75390625,6.75390625,7.0
2015-08-11T15:52:50.000000Z,6.75390625,6.75390625,39.0
2015-08-11T15:53:00.000000Z,6.75390625,6.75390625,35.0
2015-08-11T15:53:10.000000Z,6.75390625,6.75390625,39.0
2015-08-11T15:53:20.000000Z,6.75390625,6.75390625,17.0
2015-08-11T15:53:30.000000Z,6.75390625,6.75390625,39.0
2015-08-11T15:53:40.000000Z,6.75390625,6.75390625,64.0
2015-08-11T15:53:50.000000Z,6.75390625,6.75390625,30.0
2015-08-11T15:54:00.000000Z,6.7578125,6.75390625,46.0
2015-08-11T15:54:10.000000Z,6.7578125,6.75390625,20.0
2015-08-11T15:54:20.000000Z,6.7578125,6.7578125,55.0
2015-08-11T15:54:30.000000Z,6.7578125,6.7578125,52.0
2015-08-11T15:54:40.000000Z,6.7578125,6.7578125,51.0
2015-08-11T15:54:50.000000Z,6.7578125,6.7578125,26.0
2015-08-11T15:55:00.000000Z,6.7578125,6.7578125,60.0
2015-08-11T15:55:10.000000Z,6.7578125,6.7578125,53.0
2015-08-11T15:55:20.000000Z,6.7578125,6.7578125,15.0
2015-08-11T15:55:30.000000Z,6.7578125,6.7578125,30.0
2015-08-11T15:55:40.000000Z,6.7578125,6.7578125,52.0
2015-08-11T15:55:50.000000Z,6.7578125,6.7578125,18.0
2015-08-11T15:56:00.000000Z,6.7578125,6.7578125,47.0
2015-08-11T15:56:10.000000Z,6.7578125,6.7578125,30.0
2015-08-11T15:56:20.000000Z,6.7578125,6.7578125,24.0
2015-08-11T15:56:30.000000Z,6.7578125,6.7578125,14.0
2015-08-11T15:56:40.000000Z,6.7578125,6.7578125,4.0
2015-08-11T15:56:50.000000Z,6.7578125,6.7578125,42.0
2015-08-11T15:57:00.000000Z,6.7578125,6.7578125,24.0
2015-08-11T15:57:10.000000Z,6.7578125,6.7578125,53.0
2015-08-11T15:57:20.000000Z,6.7578125,6.7578125,21.0
2015-08-11T15:57:30.000000Z,6.7578125,6.7578125,17.0
2015-08-11T15:57:40.000000Z,6.7578125,6.7578125,36.0
2015-08-11T15:57:50.000000Z,6.7578125,6.7578125,39.0
2015-08-11T15:58:00.000000Z,6.7578125,6.7578125,17.0
2015-08-11T15:58:10.000000Z,6.7578125,6.7578125,38.0
2015-08-11T15:58:20.000000Z,6.7578125,6.7578125,21.0
2015-08-11T15:58:30.000000Z,6.7578125,6.7578125,6.0
2015-08-11T15:58:40.000000Z,6.7578125,6.7578125,10.0
2015-08-11T15:58:50.000000Z,6.7578125,6.7578125,18.0
2015-08-11T15:59:00.000000Z,6.7578125,6.7578125,32.0
2015-08-11T15:59:10.000000Z,6.7578125,6.7578125,16.0
2015-08-11T15:59:20.000000Z,6.7578125,6.7578125,16.0
2015-08-11T15:59:30.000000Z,6.7578125,6.7578125,26.0
2015-08-11T15:59:40.000000Z,6.76171875,6.7578125,58.0
2015-08-11T15:59:50.000000Z,6.76171875,6.7578125,29.0
2015-08-11T16:00:00.000000Z,6.7578125,6.7578125,57.0
2015-08-11T16:00:10.000000Z,6.7578125,6.7578125,44.0
2015-08-11T16:00:20.000000Z,6.7578125,6.7578125,21.0
2015-08-11T16:00:30.000000Z,6.7578125,6.7578125,44.0
2015-08-11T16:00:40.000000Z,6.76171875,6.7578125,39.0
2015-08-11T16:00:50.000000Z,6.7578125,6.7578125,22.0
2015-08-11T16:01:00.000000Z,6.7578125,6.7578125,37.0
2015-08-11T16:01:10.000000Z,6.7578125,6.7578125,23.0
2015-08-11T16:01:20.000000Z,6.7578125,6.7578125,25.0
2015-08-11T16:01:30.000000Z,6.7578125,6.7578125,11.0
2015-08-11T16:01:40.000000Z,6.7578125,6.7578125,36.0
2015-08-11T16:01:50.000000Z,6.7578125,6.7578125,24.0
2015-08-11T16:02:00.000000Z,6.7578125,6.7578125,18.0
2015-08-11T16:02:10.000000Z,6.7578125,6.7578125,12.0
2015-08-11T16:02:20.000000Z,6.7578125,6.7578125,26.0
2015-08-11T16:02:30.000000Z,6.7578125,6.7578125,31.0
2015-08-11T16:02:40.000000Z,6.7578125,6.7578125,37.0
2015-08-11T16:02:50.000000Z,6.7578125,6.7578125,25.0
2015-08-11T16:03:00.000000Z,6.7578125,6.7578125,40.0
2015-08-11T16:03:10.000000Z,6.7578125,6.7578125,8.0
2015-08-11T16:03:20.000000Z,6.7578125,6.75390625,44.0
2015-08-11T16:03:30.000000Z,6.7578125,6.75390625,22.0
2015-08-11T16:03:40.000000Z,6.7578125,6.75390625,18.0
2015-08-11T16:03:50.000000Z,6.7578125,6.75390625,8.0
2015-08-11T16:04:00.000000Z,6.75390625,6.75390625,39.0
2015-08-11T16:04:10.000000Z,6.7578125,6.75390625,23.0
2015-08-11T16:04:20.000000Z,6.75390625,6.75390625,45.0
2015-08-11T16:04:30.000000Z,6.75390625,6.75390625,4.0
2015-08-11T16:04:40.000000Z,6.75390625,6.75390625,31.0
2015-08-11T16:04:50.000000Z,6.75390625,6.75390625,34.0
2015-08-11T16:05:00.000000Z,6.75390625,6.75390625,17.0
2015-08-11T16:05:10.000000Z,6.75390625,6.75390625,20.0
2015-08-11T16:05:20.000000Z,6.75390625,6.75390625,30.0
2015-08-11T16:05:30.000000Z,6.75390625,6.75390625,17.0
2015-08-11T16:05:40.000000Z,6.75390625,6.75390625,23.0
2015-08-11T16:05:50.000000Z,6.75390625,6.75390625,14.0
2015-08-11T16:06:00.000000Z,6.75390625,6.75390625,14.0
2015-08-11T16:06:10.000000Z,6.75390625,6.75390625,17.0
2015-08-11T16:06:20.000000Z,6.75390625,6.75390625,15.0
2015-08-11T16:06:30.000000Z,6.75390625,6.75390625,17.0
2015-08-11T16:06:40.000000Z,6.75390625,6.75390625,4.0
2015-08-11T16:07:00.000000Z,6.75390625,6.75390625,21.0
2015-08-11T16:07:10.000000Z,6.75390625,6.75390625,43.0
2015-08-11T16:07:20.000000Z,6.75390625,6.75390625,13.0
2015-08-11T16:07:30.000000Z,6.75390625,6.75390625,29.0
2015-08-11T16:07:40.000000Z,6.75390625,6.75390625,11.0
2015-08-11T16:07:50.000000Z,6.75390625,6.75390625,34.0
2015-08-11T16:08:00.000000Z,6.75390625,6.75390625,21.0
2015-08-11T16:08:10.000000Z,6.75390625,6.75390625,18.0
2015-08-11T16:08:20.000000Z,6.75390625,6.75390625,26.0
2015-08-11T16:08:30.000000Z,6.75390625,6.75390625,11.0
2015-08-11T16:08:40.000000Z,6.75390625,6.75390625,12.0
2015-08-11T16:08:50.000000Z,6.75390625,6.75390625,26.0
2015-08-11T16:09:00.000000Z,6.75390625,6.75390625,16.0
2015-08-11T16:09:10.000000Z,6.75390625,6.75390625,13.0
2015-08-11T16:09:20.000000Z,6.75390625,6.75390625,25.0
2015-08-11T16:09:30.000000Z,6.75390625,6.75390625,20.0
2015-08-11T16:09:40.000000Z,6.75390625,6.75390625,22.0
2015-08-11T16:09:50.000000Z,6.75390625,6.75390625,23.0
2015-08-11T16:10:00.000000Z,6.75390625,6.75390625,20.0
2015-08-11T16:10:10.000000Z,6.75390625,6.75390625,26.0
2015-08-11T16:10:20.000000Z,6.7578125,6.7578125,46.0
2015-08-11T16:10:30.000000Z,6.7578125,6.7578125,20.0
2015-08-11T16:10:40.000000Z,6.7578125,6.7578125,33.0
2015-08-11T16:10:50.000000Z,6.7578125,6.7578125,24.0
2015-08-11T16:11:00.000000Z,6.7578125,6.7578125,19.0
2015-08-11T16:11:10.000000Z,6.7578125,6.7578125,22.0
2015-08-11T16:11:20.000000Z,6.7578125,6.7578125,37.0
2015-08-11T16:11:30.000000Z,6.7578125,6.7578125,23.0
2015-08-11T16:11:40.000000Z,6.76171875,6.76171875,68.0
2015-08-11T16:11:50.000000Z,6.76171875,6.76171875,41.0
2015-08-11T16:12:00.000000Z,6.76171875,6.76171875,22.0
2015-08-11T16:12:10.000000Z,6.76171875,6.76171875,60.0
2015-08-11T16:12:20.000000Z,6.76171875,6.76171875,23.0
2015-08-11T16:12:30.000000Z,6.76171875,6.76171875,19.0
2015-08-11T16:12:40.000000Z,6.76171875,6.76171875,25.0
2015-08-11T16:12:50.000000Z,6.76171875,6.76171875,15.0
2015-08-11T16:13:00.000000Z,6.76171875,6.76171875,26.0
2015-08-11T16:13:10.000000Z,6.76171875,6.76171875,6.0
2015-08-11T16:13:20.000000Z,6.76171875,6.76171875,14.0
2015-08-11T16:13:30.000000Z,6.76171875,6.76171875,51.0
2015-08-11T16:13:40.000000Z,6.76171875,6.76171875,21.0
2015-08-11T16:13:50.000000Z,6.76171875,6.76171875,24.0
2015-08-11T16:14:00.000000Z,6.76171875,6.76171875,12.0
2015-08-11T16:14:10.000000Z,6.76171875,6.76171875,38.0
2015-08-11T16:14:20.000000Z,6.76171875,6.76171875,22.0
2015-08-11T16:14:30.000000Z,6.76171875,6.76171875,23.0
2015-08-11T16:14:40.000000Z,6.76171875,6.76171875,9.0
2015-08-11T16:14:50.000000Z,6.76171875,6.76171875,20.0
2015-08-11T16:15:00.000000Z,6.76171875,6.76171875,30.0
2015-08-11T16:15:10.000000Z,6.76171875,6.76171875,26.0
2015-08-11T16:15:20.000000Z,6.76171875,6.76171875,7.0
2015-08-11T16:15:30.000000Z,6.76171875,6.76171875,5.0
2015-08-11T16:15:40.000000Z,6.76171875,6.76171875,20.0
2015-08-11T16:16:00.000000Z,6.76171875,6.76171875,6.0
2015-08-11T16:16:10.000000Z,6.76171875,6.76171875,38.0
2015-08-11T16:16:20.000000Z,6.76171875,6.76171875,4.0
2015-08-11T16:16:30.000000Z,6.76171875,6.76171875,5.0
2015-08-11T16:16:40.000000Z,6.76171875,6.76171875,22.0
2015-08-11T16:16:50.000000Z,6.76171875,6.76171875,21.0
2015-08-11T16:17:00.000000Z,6.76171875,6.76171875,12.0
2015-08-11T16:17:10.000000Z,6.76171875,6.76171875,15.0
2015-08-11T16:17:20.000000Z,6.76171875,6.76171875,19.0
2015-08-11T16:17:30.000000Z,6.76171875,6.76171875,23.0
2015-08-11T16:17:40.000000Z,6.76171875,6.76171875,9.0
2015-08-11T16:17:50.000000Z,6.76171875,6.76171875,21.0
2015-08-11T16:18:00.000000Z,6.76171875,6.76171875,22.0
2015-08-11T16:18:10.000000Z,6.76171875,6.76171875,13.0
2015-08-11T16:18:20.000000Z,6.76171875,6.76171875,1.0
2015-08-11T16:18:30.000000Z,6.76171875,6.76171875,21.0
2015-08-11T16:18:40.000000Z,6.76171875,6.76171875,23.0
2015-08-11T16:18:50.000000Z,6.76171875,6.76171875,1.0
2015-08-11T16:19:00.000000Z,6.76171875,6.76171875,16.0
2015-08-11T16:19:10.000000Z,6.76171875,6.76171875,1.0
2015-08-11T16:19:20.000000Z,6.76171875,6.76171875,26.0
2015-08-11T16:19:30.000000Z,6.76171875,6.76171875,18.0
2015-08-11T16:19:40.000000Z,6.76171875,6.76171875,26.0
2015-08-11T16:19:50.000000Z,6.76171875,6.76171875,34.0
2015-08-11T16:20:00.000000Z,6.76171875,6.76171875,22.0
2015-08-11T16:20:10.000000Z,6.76171875,6.76171875,17.0
2015-08-11T16:20:20.000000Z,6.76171875,6.76171875,41.0
2015-08-11T16:20:30.000000Z,6.76171875,6.76171875,22.0
2015-08-11T16:20:40.000000Z,6.76171875,6.76171875,7.0
2015-08-11T16:20:50.000000Z,6.76171875,6.76171875,30.0
2015-08-11T16:21:00.000000Z,6.76171875,6.76171875,42.0
2015-08-11T16:21:10.000000Z,6.76171875,6.76171875,24.0
2015-08-11T16:21:20.000000Z,6.765625,6.765625,44.0
2015-08-11T16:21:30.000000Z,6.765625,6.76171875,38.0
2015-08-11T16:21:40.000000Z,6.765625,6.765625,63.0
2015-08-11T16:21:50.000000Z,6.765625,6.765625,45.0
2015-08-11T16:22:00.000000Z,6.765625,6.765625,29.0
2015-08-11T16:22:10.000000Z,6.765625,6.765625,20.0
2015-08-11T16:22:20.000000Z,6.765625,6.76171875,26.0
2015-08-11T16:22:30.000000Z,6.765625,6.765625,28.0
2015-08-11T16:22:40.000000Z,6.765625,6.765625,22.0
2015-08-11T16:22:50.000000Z,6.765625,6.765625,8.0
2015-08-11T16:23:00.000000Z,6.765625,6.765625,25.0
2015-08-11T16:23:10.000000Z,6.765625,6.765625,31.0
2015-08-11T16:23:20.000000Z,6.765625,6.765625,35.0
2015-08-11T16:23:30.000000Z,6.765625,6.765625,44.0
2015-08-11T16:23:40.000000Z,6.765625,6.765625,22.0
2015-08-11T16:23:50.000000Z,6.765625,6.76171875,32.0
2015-08-11T16:24:00.000000Z,6.765625,6.76171875,12.0
2015-08-11T16:24:10.000000Z,6.765625,6.765625,37.0
2015-08-11T16:24:20.000000Z,6.765625,6.765625,18.0
2015-08-11T16:24:30.000000Z,6.765625,6.765625,40.0
2015-08-11T16:24:40.000000Z,6.765625,6.765625,10.0
2015-08-11T16:24:50.000000Z,6.765625,6.765625,11.0
2015-08-11T16:25:00.000000Z,6.765625,6.765625,25.0
2015-08-11T16:25:10.000000Z,6.765625,6.765625,13.0
2015-08-11T16:25:20.000000Z,6.765625,6.765625,4.0
2015-08-11T16:25:30.000000Z,6.765625,6.765625,14.0
2015-08-11T16:25:40.000000Z,6.765625,6.765625,27.0
2015-08-11T16:25:50.000000Z,6.76953125,6.765625,82.0
2015-08-11T16:26:00.000000Z,6.76953125,6.76953125,76.0
2015-08-11T16:26:10.000000Z,6.76953125,6.765625,53.0
2015-08-11T16:26:20.000000Z,6.76953125,6.765625,53.0
2015-08-11T16:26:30.000000Z,6.765625,6.765625,35.0
2015-08-11T16:26:40.000000Z,6.765625,6.765625,6.0
2015-08-11T16:26:50.000000Z,6.765625,6.765625,32.0
2015-08-11T16:27:00.000000Z,6.765625,6.765625,16.0
2015-08-11T16:27:10.000000Z,6.76953125,6.765625,34.0
2015-08-11T16:27:20.000000Z,6.76953125,6.765625,7.0
2015-08-11T16:27:30.000000Z,6.76953125,6.765625,16.0
2015-08-11T16:27:40.000000Z,6.765625,6.765625,20.0
2015-08-11T16:27:50.000000Z,6.765625,6.765625,3.0
2015-08-11T16:28:00.000000Z,6.765625,6.765625,33.0
2015-08-11T16:28:10.000000Z,6.76953125,6.765625,30.0
2015-08-11T16:28:20.000000Z,6.76953125,6.765625,46.0
2015-08-11T16:28:30.000000Z,6.76953125,6.765625,25.0
2015-08-11T16:28:40.000000Z,6.76953125,6.765625,13.0
2015-08-11T16:28:50.000000Z,6.76953125,6.76953125,31.0
2015-08-11T16:29:00.000000Z,6.76953125,6.76953125,45.0
2015-08-11T16:29:10.000000Z,6.76953125,6.76953125,21.0
2015-08-11T16:29:20.000000Z,6.76953125,6.76953125,32.0
2015-08-11T16:29:30.000000Z,6.76953125,6.765625,45.0
2015-08-11T16:29:40.000000Z,6.76953125,6.76953125,40.0
2015-08-11T16:29:50.000000Z,6.76953125,6.76953125,14.0
2015-08-11T16:30:00.000000Z,6.76953125,6.765625,66.0
2015-08-11T16:30:10.000000Z,6.76953125,6.76953125,59.0
2015-08-11T16:30:20.000000Z,6.76953125,6.76953125,21.0
2015-08-11T16:30:30.000000Z,6.76953125,6.765625,33.0
2015-08-11T16:30:40.000000Z,6.76953125,6.76953125,13.0
2015-08-11T16:30:50.000000Z,6.76953125,6.76953125,30.0
2015-08-11T16:31:00.000000Z,6.76953125,6.76953125,42.0
2015-08-11T16:31:10.000000Z,6.76953125,6.76953125,55.0
2015-08-11T16:31:20.000000Z,6.76953125,6.76953125,32.0
2015-08-11T16:31:30.000000Z,6.76953125,6.76953125,50.0
2015-08-11T16:31:40.000000Z,6.76953125,6.76953125,37.0
2015-08-11T16:31:50.000000Z,6.76953125,6.76953125,32.0
2015-08-11T16:32:00.000000Z,6.76953125,6.76953125,30.0
2015-08-11T16:32:10.000000Z,6.76953125,6.76953125,23.0
2015-08-11T16:32:20.000000Z,6.76953125,6.76953125,49.0
2015-08-11T16:32:30.000000Z,6.76953125,6.76953125,33.0
2015-08-11T16:32:40.000000Z,6.76953125,6.76953125,17.0
2015-08-11T16:32:50.000000Z,6.76953125,6.76953125,8.0
2015-08-11T16:33:00.000000Z,6.76953125,6.76953125,35.0
2015-08-11T16:33:10.000000Z,6.76953125,6.76953125,26.0
2015-08-11T16:33:20.000000Z,6.76953125,6.76953125,27.0
2015-08-11T16:33:30.000000Z,6.76953125,6.76953125,16.0
2015-08-11T16:33:40.000000Z,6.76953125,6.76953125,19.0
2015-08-11T16:33:50.000000Z,6.76953125,6.76953125,42.0
2015-08-11T16:34:00.000000Z,6.76953125,6.76953125,27.0
2015-08-11T16:34:10.000000Z,6.76953125,6.76953125,20.0
2015-08-11T16:34:20.000000Z,6.76953125,6.76953125,30.0
2015-08-11T16:34:30.000000Z,6.76953125,6.76953125,23.0
2015-08-11T16:34:40.000000Z,6.76953125,6.76953125,4.0
2015-08-11T16:34:50.000000Z,6.76953125,6.765625,17.0
2015-08-11T16:35:00.000000Z,6.76953125,6.765625,6.0
2015-08-11T16:35:10.000000Z,6.76953125,6.765625,19.0
2015-08-11T16:35:20.000000Z,6.76953125,6.76953125,14.0
2015-08-11T16:35:30.000000Z,6.76953125,6.76953125,35.0
2015-08-11T16:35:40.000000Z,6.76953125,6.765625,21.0
2015-08-11T16:35:50.000000Z,6.76953125,6.765625,24.0
2015-08-11T16:36:00.000000Z,6.76953125,6.765625,7.0
2015-08-11T16:36:10.000000Z,6.765625,6.765625,22.0
2015-08-11T16:36:20.000000Z,6.765625,6.765625,21.0
2015-08-11T16:36:30.000000Z,6.765625,6.765625,35.0
2015-08-11T16:36:40.000000Z,6.765625,6.765625,19.0
2015-08-11T16:36:50.000000Z,6.765625,6.765625,13.0
2015-08-11T16:37:00.000000Z,6.765625,6.765625,6.0
2015-08-11T16:37:10.000000Z,6.765625,6.765625,6.0
2015-08-11T16:37:20.000000Z,6.765625,6.765625,20.0
2015-08-11T16:37:30.000000Z,6.765625,6.765625,15.0
2015-08-11T16:37:40.000000Z,6.765625,6.765625,50.0
2015-08-11T16:37:50.000000Z,6.765625,6.765625,49.0
2015-08-11T16:38:00.000000Z,6.765625,6.765625,23.0
2015-08-11T16:38:10.000000Z,6.765625,6.765625,23.0
2015-08-11T16:38:20.000000Z,6.76953125,6.765625,21.0
2015-08-11T16:38:30.000000Z,6.76953125,6.765625,6.0
2015-08-11T16:38:40.000000Z,6.76953125,6.765625,45.0
2015-08-11T16:38:50.000000Z,6.765625,6.765625,33.0
2015-08-11T16:39:00.000000Z,6.76953125,6.765625,13.0
2015-08-11T16:39:10.000000Z,6.765625,6.765625,7.0
2015-08-11T16:39:20.000000Z,6.765625,6.765625,8.0
2015-08-11T16:39:30.000000Z,6.765625,6.765625,12.0
2015-08-11T16:39:40.000000Z,6.76953125,6.765625,39.0
2015-08-11T16:39:50.000000Z,6.76953125,6.765625,51.0
2015-08-11T16:40:00.000000Z,6.76953125,6.765625,24.0
2015-08-11T16:40:10.000000Z,6.76953125,6.765625,19.0
2015-08-11T16:40:20.000000Z,6.76953125,6.765625,23.0
2015-08-11T16:40:30.000000Z,6.76953125,6.765625,17.0
2015-08-11T16:40:40.000000Z,6.76953125,6.765625,51.0
2015-08-11T16:40:50.000000Z,6.76953125,6.765625,26.0
2015-08-11T16:41:00.000000Z,6.76953125,6.765625,32.0
2015-08-11T16:41:10.000000Z,6.76953125,6.765625,22.0
2015-08-11T16:41:20.000000Z,6.76953125,6.765625,6.0
2015-08-11T16:41:30.000000Z,6.76953125,6.765625,5.0
2015-08-11T16:41:40.000000Z,6.76953125,6.765625,2.0
2015-08-11T16:41:50.000000Z,6.76953125,6.765625,4.0
2015-08-11T16:42:00.000000Z,6.76953125,6.765625,6.0
2015-08-11T16:42:10.000000Z,6.76953125,6.765625,4.0
2015-08-11T16:42:20.000000Z,6.76953125,6.765625,28.0
2015-08-11T16:42:30.000000Z,6.765625,6.765625,20.0
2015-08-11T16:42:40.000000Z,6.765625,6.765625,11.0
2015-08-11T16:42:50.000000Z,6.765625,6.765625,9.0
2015-08-11T16:43:00.000000Z,6.76953125,6.765625,27.0
2015-08-11T16:43:10.000000Z,6.76953125,6.765625,31.0
2015-08-11T16:43:20.000000Z,6.76953125,6.765625,10.0
2015-08-11T16:43:30.000000Z,6.76953125,6.765625,12.0
2015-08-11T16:43:40.000000Z,6.76953125,6.76953125,29.0
2015-08-11T16:43:50.000000Z,6.76953125,6.765625,29.0
2015-08-11T16:44:00.000000Z,6.76953125,6.765625,36.0
2015-08-11T16:44:10.000000Z,6.76953125,6.765625,25.0
2015-08-11T16:44:20.000000Z,6.76953125,6.765625,26.0
2015-08-11T16:44:30.000000Z,6.76953125,6.765625,5.0
2015-08-11T16:44:40.000000Z,6.76953125,6.765625,4.0
2015-08-11T16:44:50.000000Z,6.76953125,6.76953125,44.0
2015-08-11T16:45:00.000000Z,6.76953125,6.76953125,13.0
2015-08-11T16:45:10.000000Z,6.76953125,6.76953125,26.0
2015-08-11T16:45:20.000000Z,6.76953125,6.76953125,18.0
2015-08-11T16:45:30.000000Z,6.76953125,6.76953125,5.0
2015-08-11T16:45:40.000000Z,6.76953125,6.76953125,28.0
2015-08-11T16:45:50.000000Z,6.76953125,6.76953125,7.0
2015-08-11T16:46:00.000000Z,6.76953125,6.76953125,4.0
2015-08-11T16:46:10.000000Z,6.76953125,6.76953125,11.0
2015-08-11T16:46:20.000000Z,6.76953125,6.76953125,20.0
2015-08-11T16:46:30.000000Z,6.76953125,6.76953125,8.0
2015-08-11T16:46:40.000000Z,6.76953125,6.76953125,24.0
2015-08-11T16:46:50.000000Z,6.76953125,6.76953125,26.0
2015-08-11T16:47:00.000000Z,6.76953125,6.76953125,10.0
2015-08-11T16:47:10.000000Z,6.76953125,6.76953125,48.0
2015-08-11T16:47:20.000000Z,6.76953125,6.76953125,37.0
2015-08-11T16:47:30.000000Z,6.76953125,6.76953125,29.0
2015-08-11T16:47:40.000000Z,6.76953125,6.76953125,49.0
2015-08-11T16:47:50.000000Z,6.76953125,6.76953125,32.0
2015-08-11T16:48:00.000000Z,6.76953125,6.76953125,31.0
2015-08-11T16:48:10.000000Z,6.7734375,6.76953125,34.0
2015-08-11T16:48:20.000000Z,6.7734375,6.76953125,44.0
2015-08-11T16:48:30.000000Z,6.7734375,6.76953125,23.0
2015-08-11T16:48:40.000000Z,6.7734375,6.76953125,15.0
2015-08-11T16:48:50.000000Z,6.7734375,6.7734375,98.0
2015-08-11T16:49:00.000000Z,6.7734375,6.7734375,33.0
2015-08-11T16:49:10.000000Z,6.7734375,6.7734375,50.0
2015-08-11T16:49:20.000000Z,6.7734375,6.7734375,65.0
2015-08-11T16:49:30.000000Z,6.7734375,6.7734375,51.0
2015-08-11T16:49:40.000000Z,6.7734375,6.7734375,17.0
2015-08-11T16:49:50.000000Z,6.7734375,6.7734375,45.0
2015-08-11T16:50:00.000000Z,6.77734375,6.7734375,36.0
2015-08-11T16:50:10.000000Z,6.77734375,6.77734375,65.0
2015-08-11T16:50:20.000000Z,6.77734375,6.77734375,55.0
2015-08-11T16:50:30.000000Z,6.77734375,6.77734375,49.0
2015-08-11T16:50:40.000000Z,6.77734375,6.77734375,28.0
2015-08-11T16:50:50.000000Z,6.77734375,6.7734375,21.0
2015-08-11T16:51:00.000000Z,6.77734375,6.7734375,16.0
2015-08-11T16:51:10.000000Z,6.77734375,6.7734375,27.0
2015-08-11T16:51:20.000000Z,6.77734375,6.7734375,16.0
2015-08-11T16:51:30.000000Z,6.77734375,6.7734375,29.0
2015-08-11T16:51:40.000000Z,6.77734375,6.7734375,28.0
2015-08-11T16:51:50.000000Z,6.77734375,6.77734375,32.0
2015-08-11T16:52:00.000000Z,6.77734375,6.77734375,33.0
2015-08-11T16:52:10.000000Z,6.77734375,6.7734375,26.0
2015-08-11T16:52:20.000000Z,6.77734375,6.7734375,28.0
2015-08-11T16:52:30.000000Z,6.7734375,6.7734375,29.0
2015-08-11T16:52:40.000000Z,6.7734375,6.7734375,17.0
2015-08-11T16:52:50.000000Z,6.77734375,6.7734375,22.0
2015-08-11T16:53:00.000000Z,6.77734375,6.7734375,29.0
2015-08-11T16:53:10.000000Z,6.7734375,6.7734375,26.0
2015-08-11T16:53:20.000000Z,6.77734375,6.7734375,38.0
2015-08-11T16:53:30.000000Z,6.7734375,6.7734375,35.0
2015-08-11T16:53:40.000000Z,6.7734375,6.7734375,35.0
2015-08-11T16:53:50.000000Z,6.7734375,6.7734375,28.0
2015-08-11T16:54:00.000000Z,6.77734375,6.77734375,57.0
2015-08-11T16:54:10.000000Z,6.77734375,6.77734375,43.0
2015-08-11T16:54:20.000000Z,6.77734375,6.7734375,48.0
2015-08-11T16:54:30.000000Z,6.77734375,6.77734375,66.0
2015-08-11T16:54:40.000000Z,6.77734375,6.77734375,45.0
2015-08-11T16:54:50.000000Z,6.77734375,6.77734375,47.0
2015-08-11T16:55:00.000000Z,6.77734375,6.77734375,48.0
2015-08-11T16:55:10.000000Z,6.77734375,6.77734375,20.0
2015-08-11T16:55:20.000000Z,6.77734375,6.7734375,58.0
2015-08-11T16:55:30.000000Z,6.77734375,6.7734375,20.0
2015-08-11T16:55:40.000000Z,6.77734375,6.7734375,3.0
2015-08-11T16:55:50.000000Z,6.77734375,6.7734375,19.0
2015-08-11T16:56:00.000000Z,6.77734375,6.7734375,50.0
2015-08-11T16:56:10.000000Z,6.7734375,6.7734375,23.0
2015-08-11T16:56:20.000000Z,6.7734375,6.7734375,28.0
2015-08-11T16:56:30.000000Z,6.7734375,6.7734375,18.0
2015-08-11T16:56:40.000000Z,6.7734375,6.7734375,40.0
2015-08-11T16:56:50.000000Z,6.7734375,6.7734375,27.0
2015-08-11T16:57:00.000000Z,6.7734375,6.7734375,22.0
2015-08-11T16:57:10.000000Z,6.7734375,6.7734375,22.0
2015-08-11T16:57:20.000000Z,6.7734375,6.7734375,27.0
2015-08-11T16:57:30.000000Z,6.7734375,6.7734375,27.0
2015-08-11T16:57:40.000000Z,6.7734375,6.7734375,16.0
2015-08-11T16:57:50.000000Z,6.7734375,6.7734375,12.0
2015-08-11T16:58:00.000000Z,6.7734375,6.7734375,30.0
2015-08-11T16:58:10.000000Z,6.7734375,6.7734375,22.0
2015-08-11T16:58:20.000000Z,6.7734375,6.7734375,40.0
2015-08-11T16:58:30.000000Z,6.7734375,6.7734375,24.0
2015-08-11T16:58:40.000000Z,6.7734375,6.7734375,7.0
2015-08-11T16:58:50.000000Z,6.7734375,6.7734375,7.0
2015-08-11T16:59:00.000000Z,6.7734375,6.7734375,21.0
2015-08-11T16:59:10.000000Z,6.7734375,6.7734375,12.0
2015-08-11T16:59:20.000000Z,6.7734375,6.7734375,20.0
2015-08-11T16:59:30.000000Z,6.7734375,6.7734375,8.0
2015-08-11T16:59:40.000000Z,6.7734375,6.7734375,9.0
2015-08-11T16:59:50.000000Z,6.7734375,6.7734375,36.0
2015-08-11T17:00:00.000000Z,6.7734375,6.7734375,21.0
2015-08-11T17:00:10.000000Z,6.7734375,6.7734375,19.0
2015-08-11T17:00:20.000000Z,6.7734375,6.7734375,16.0
2015-08-11T17:00:30.000000Z,6.7734375,6.7734375,27.0
2015-08-11T17:00:40.000000Z,6.7734375,6.7734375,27.0
2015-08-11T17:00:50.000000Z,6.7734375,6.7734375,32.0
2015-08-11T17:01:00.000000Z,6.7734375,6.7734375,15.0
2015-08-11T17:01:10.000000Z,6.7734375,6.7734375,24.0
2015-08-11T17:01:20.000000Z,6.7734375,6.76953125,29.0
2015-08-11T17:01:30.000000Z,6.7734375,6.7734375,27.0
2015-08-11T17:01:40.000000Z,6.7734375,6.7734375,10.0
2015-08-11T17:01:50.000000Z,6.7734375,6.7734375,35.0
2015-08-11T17:02:00.000000Z,6.7734375,6.7734375,8.0
2015-08-11T17:02:10.000000Z,6.7734375,6.7734375,7.0
2015-08-11T17:02:20.000000Z,6.7734375,6.7734375,1.0
2015-08-11T17:02:30.000000Z,6.7734375,6.7734375,20.0
2015-08-11T17:02:40.000000Z,6.7734375,6.7734375,2.0
2015-08-11T17:02:50.000000Z,6.7734375,6.7734375,4.0
2015-08-11T17:03:00.000000Z,6.7734375,6.7734375,9.0
2015-08-11T17:03:10.000000Z,6.7734375,6.76953125,32.0
2015-08-11T17:03:20.000000Z,6.76953125,6.76953125,48.0
2015-08-11T17:03:30.000000Z,6.76953125,6.76953125,52.0
2015-08-11T17:03:40.000000Z,6.76953125,6.76953125,28.0
2015-08-11T17:03:50.000000Z,6.76953125,6.76953125,25.0
2015-08-11T17:04:00.000000Z,6.76953125,6.76953125,35.0
2015-08-11T17:04:10.000000Z,6.76953125,6.76953125,28.0
2015-08-11T17:04:20.000000Z,6.76953125,6.76953125,53.0
2015-08-11T17:04:30.000000Z,6.76953125,6.76953125,28.0
2015-08-11T17:04:40.000000Z,6.76953125,6.76953125,22.0
2015-08-11T17:04:50.000000Z,6.76953125,6.76953125,36.0
2015-08-11T17:05:00.000000Z,6.76953125,6.76953125,28.0
2015-08-11T17:05:10.000000Z,6.76953125,6.76953125,27.0
2015-08-11T17:05:20.000000Z,6.76953125,6.76953125,15.0
2015-08-11T17:05:30.000000Z,6.76953125,6.76953125,4.0
2015-08-11T17:05:40.000000Z,6.76953125,6.765625,29.0
2015-08-11T17:05:50.000000Z,6.76953125,6.76953125,32.0
2015-08-11T17:06:00.000000Z,6.76953125,6.76953125,25.0
2015-08-11T17:06:10.000000Z,6.76953125,6.76953125,26.0
2015-08-11T17:06:20.000000Z,6.76953125,6.76953125,10.0
2015-08-11T17:06:30.000000Z,6.76953125,6.76953125,3.0
2015-08-11T17:06:40.000000Z,6.76953125,6.76953125,24.0
2015-08-11T17:06:50.000000Z,6.76953125,6.76953125,20.0
2015-08-11T17:07:00.000000Z,6.76953125,6.76953125,4.0
2015-08-11T17:07:10.000000Z,6.76953125,6.76953125,16.0
2015-08-11T17:07:20.000000Z,6.76953125,6.76953125,15.0
2015-08-11T17:07:30.000000Z,6.76953125,6.76953125,25.0
2015-08-11T17:07:40.000000Z,6.76953125,6.76953125,23.0
2015-08-11T17:07:50.000000Z,6.76953125,6.76953125,8.0
2015-08-11T17:08:00.000000Z,6.76953125,6.76953125,8.0
2015-08-11T17:08:10.000000Z,6.76953125,6.76953125,5.0
2015-08-11T17:08:20.000000Z,6.76953125,6.76953125,3.0
2015-08-11T17:08:30.000000Z,6.76953125,6.76953125,15.0
2015-08-11T17:08:40.000000Z,6.76953125,6.76953125,8.0
2015-08-11T17:08:50.000000Z,6.76953125,6.76953125,6.0
2015-08-11T17:09:00.000000Z,6.76953125,6.76953125,4.0
2015-08-11T17:09:10.000000Z,6.76953125,6.76953125,32.0
2015-08-11T17:09:20.000000Z,6.76953125,6.76953125,19.0
2015-08-11T17:09:30.000000Z,6.76953125,6.76953125,11.0
2015-08-11T17:09:40.000000Z,6.76953125,6.76953125,13.0
2015-08-11T17:09:50.000000Z,6.76953125,6.76953125,21.0
2015-08-11T17:10:00.000000Z,6.76953125,6.76953125,33.0
2015-08-11T17:10:10.000000Z,6.76953125,6.76953125,13.0
2015-08-11T17:10:20.000000Z,6.76953125,6.76953125,15.0
2015-08-11T17:10:30.000000Z,6.76953125,6.76953125,19.0
2015-08-11T17:10:40.000000Z,6.76953125,6.76953125,9.0
2015-08-11T17:10:50.000000Z,6.76953125,6.76953125,20.0
2015-08-11T17:11:00.000000Z,6.76953125,6.76953125,11.0
2015-08-11T17:11:10.000000Z,6.76953125,6.76953125,13.0
2015-08-11T17:11:20.000000Z,6.76953125,6.76953125,15.0
2015-08-11T17:11:30.000000Z,6.76953125,6.76953125,4.0
2015-08-11T17:11:50.000000Z,6.765625,6.765625,37.0
2015-08-11T17:12:00.000000Z,6.765625,6.765625,52.0
2015-08-11T17:12:10.000000Z,6.765625,6.765625,21.0
2015-08-11T17:12:20.000000Z,6.765625,6.765625,26.0
2015-08-11T17:12:30.000000Z,6.765625,6.765625,29.0
2015-08-11T17:12:40.000000Z,6.765625,6.765625,43.0
2015-08-11T17:12:50.000000Z,6.765625,6.765625,37.0
2015-08-11T17:13:00.000000Z,6.765625,6.765625,36.0
2015-08-11T17:13:10.000000Z,6.765625,6.765625,19.0
2015-08-11T17:13:20.000000Z,6.765625,6.765625,9.0
2015-08-11T17:13:30.000000Z,6.765625,6.765625,46.0
2015-08-11T17:13:40.000000Z,6.765625,6.765625,8.0
2015-08-11T17:13:50.000000Z,6.765625,6.765625,28.0
2015-08-11T17:14:00.000000Z,6.765625,6.765625,16.0
2015-08-11T17:14:10.000000Z,6.765625,6.765625,21.0
2015-08-11T17:14:20.000000Z,6.765625,6.765625,4.0
2015-08-11T17:14:30.000000Z,6.765625,6.765625,29.0
2015-08-11T17:14:40.000000Z,6.765625,6.765625,12.0
2015-08-11T17:14:50.000000Z,6.76953125,6.765625,33.0
2015-08-11T17:15:00.000000Z,6.765625,6.765625,14.0
2015-08-11T17:15:10.000000Z,6.765625,6.765625,25.0
2015-08-11T17:15:20.000000Z,6.76953125,6.765625,14.0
2015-08-11T17:15:30.000000Z,6.765625,6.765625,9.0
2015-08-11T17:15:40.000000Z,6.76953125,6.765625,22.0
2015-08-11T17:15:50.000000Z,6.76953125,6.765625,3.0
2015-08-11T17:16:00.000000Z,6.76953125,6.765625,21.0
2015-08-11T17:16:10.000000Z,6.76953125,6.76953125,21.0
2015-08-11T17:16:20.000000Z,6.76953125,6.76953125,21.0
2015-08-11T17:16:30.000000Z,6.76953125,6.765625,31.0
2015-08-11T17:16:40.000000Z,6.765625,6.765625,26.0
2015-08-11T17:16:50.000000Z,6.765625,6.765625,39.0
2015-08-11T17:17:00.000000Z,6.765625,6.765625,12.0
2015-08-11T17:17:10.000000Z,6.765625,6.765625,17.0
2015-08-11T17:17:20.000000Z,6.765625,6.765625,21.0
2015-08-11T17:17:30.000000Z,6.765625,6.765625,43.0
2015-08-11T17:17:40.000000Z,6.765625,6.76171875,67.0
2015-08-11T17:17:50.000000Z,6.765625,6.76171875,26.0
2015-08-11T17:18:00.000000Z,6.765625,6.765625,16.0
2015-08-11T17:18:10.000000Z,6.765625,6.765625,42.0
2015-08-11T17:18:20.000000Z,6.765625,6.765625,22.0
2015-08-11T17:18:30.000000Z,6.765625,6.765625,3.0
2015-08-11T17:18:40.000000Z,6.765625,6.765625,5.0
2015-08-11T17:18:50.000000Z,6.76171875,6.76171875,18.0
2015-08-11T17:19:00.000000Z,6.76171875,6.76171875,8.0
2015-08-11T17:19:10.000000Z,6.76171875,6.76171875,23.0
2015-08-11T17:19:20.000000Z,6.76171875,6.76171875,30.0
2015-08-11T17:19:30.000000Z,6.76171875,6.76171875,7.0
2015-08-11T17:19:40.000000Z,6.76171875,6.76171875,19.0
2015-08-11T17:19:50.000000Z,6.76171875,6.76171875,4.0
2015-08-11T17:20:00.000000Z,6.765625,6.76171875,33.0
2015-08-11T17:20:10.000000Z,6.765625,6.76171875,6.0
2015-08-11T17:20:20.000000Z,6.765625,6.76171875,29.0
2015-08-11T17:20:30.000000Z,6.765625,6.765625,39.0
2015-08-11T17:20:40.000000Z,6.765625,6.76171875,18.0
2015-08-11T17:20:50.000000Z,6.765625,6.76171875,17.0
2015-08-11T17:21:00.000000Z,6.765625,6.76171875,24.0
2015-08-11T17:21:10.000000Z,6.765625,6.76171875,20.0
2015-08-11T17:21:20.000000Z,6.76171875,6.76171875,22.0
2015-08-11T17:21:30.000000Z,6.765625,6.76171875,23.0
2015-08-11T17:21:40.000000Z,6.765625,6.76171875,17.0
2015-08-11T17:21:50.000000Z,6.765625,6.76171875,24.0
2015-08-11T17:22:00.000000Z,6.765625,6.76171875,21.0
2015-08-11T17:22:10.000000Z,6.765625,6.76171875,26.0
2015-08-11T17:22:20.000000Z,6.765625,6.76171875,6.0
2015-08-11T17:22:30.000000Z,6.765625,6.76171875,14.0
2015-08-11T17:22:40.000000Z,6.765625,6.76171875,16.0
2015-08-11T17:22:50.000000Z,6.765625,6.765625,20.0
2015-08-11T17:23:00.000000Z,6.765625,6.765625,13.0
2015-08-11T17:23:10.000000Z,6.765625,6.765625,28.0
2015-08-11T17:23:20.000000Z,6.765625,6.765625,27.0
2015-08-11T17:23:30.000000Z,6.765625,6.765625,9.0
2015-08-11T17:23:40.000000Z,6.765625,6.765625,13.0
2015-08-11T17:23:50.000000Z,6.765625,6.765625,6.0
2015-08-11T17:24:00.000000Z,6.765625,6.765625,11.0
2015-08-11T17:24:10.000000Z,6.765625,6.765625,5.0
2015-08-11T17:24:30.000000Z,6.765625,6.765625,1.0
2015-08-11T17:24:50.000000Z,6.765625,6.765625,7.0
2015-08-11T17:25:00.000000Z,6.765625,6.765625,13.0
2015-08-11T17:25:10.000000Z,6.765625,6.765625,2.0
2015-08-11T17:25:20.000000Z,6.765625,6.765625,1.0
2015-08-11T17:25:30.000000Z,6.765625,6.765625,23.0
2015-08-11T17:25:40.000000Z,6.765625,6.765625,13.0
2015-08-11T17:25:50.000000Z,6.765625,6.765625,3.0
2015-08-11T17:26:00.000000Z,6.765625,6.765625,10.0
2015-08-11T17:26:10.000000Z,6.765625,6.765625,15.0
2015-08-11T17:26:20.000000Z,6.765625,6.765625,23.0
2015-08-11T17:26:30.000000Z,6.765625,6.765625,6.0
2015-08-11T17:26:40.000000Z,6.765625,6.765625,1.0
2015-08-11T17:26:50.000000Z,6.765625,6.765625,17.0
2015-08-11T17:27:00.000000Z,6.765625,6.765625,6.0
2015-08-11T17:27:10.000000Z,6.765625,6.765625,18.0
2015-08-11T17:27:20.000000Z,6.765625,6.765625,10.0
2015-08-11T17:27:30.000000Z,6.765625,6.765625,4.0
2015-08-11T17:27:40.000000Z,6.765625,6.765625,4.0
2015-08-11T17:27:50.000000Z,6.765625,6.765625,16.0
2015-08-11T17:28:00.000000Z,6.765625,6.765625,6.0
2015-08-11T17:28:10.000000Z,6.765625,6.765625,20.0
2015-08-11T17:28:20.000000Z,6.765625,6.765625,4.0
2015-08-11T17:28:30.000000Z,6.765625,6.765625,17.0
2015-08-11T17:28:40.000000Z,6.765625,6.765625,14.0
2015-08-11T17:28:50.000000Z,6.765625,6.765625,12.0
2015-08-11T17:29:00.000000Z,6.765625,6.765625,13.0
2015-08-11T17:29:10.000000Z,6.765625,6.765625,22.0
2015-08-11T17:29:20.000000Z,6.765625,6.765625,20.0
2015-08-11T17:29:30.000000Z,6.765625,6.765625,42.0
2015-08-11T17:29:40.000000Z,6.765625,6.765625,17.0
2015-08-11T17:29:50.000000Z,6.765625,6.765625,2.0
2015-08-11T17:30:00.000000Z,6.765625,6.765625,3.0
2015-08-11T17:30:10.000000Z,6.765625,6.765625,19.0
2015-08-11T17:30:20.000000Z,6.765625,6.765625,20.0
2015-08-11T17:30:30.000000Z,6.765625,6.765625,10.0
2015-08-11T17:30:40.000000Z,6.765625,6.765625,5.0
2015-08-11T17:30:50.000000Z,6.765625,6.765625,10.0
2015-08-11T17:31:00.000000Z,6.765625,6.765625,26.0
2015-08-11T17:31:10.000000Z,6.76953125,6.765625,32.0
2015-08-11T17:31:20.000000Z,6.76953125,6.76953125,14.0
2015-08-11T17:31:30.000000Z,6.76953125,6.76953125,2.0
2015-08-11T17:31:40.000000Z,6.76953125,6.76953125,31.0
2015-08-11T17:31:50.000000Z,6.76953125,6.76953125,43.0
2015-08-11T17:32:00.000000Z,6.76953125,6.76953125,26.0
2015-08-11T17:32:10.000000Z,6.76953125,6.76953125,22.0
2015-08-11T17:32:20.000000Z,6.76953125,6.76953125,28.0
2015-08-11T17:32:30.000000Z,6.76953125,6.76953125,42.0
2015-08-11T17:32:40.000000Z,6.76953125,6.76953125,20.0
2015-08-11T17:32:50.000000Z,6.76953125,6.76953125,4.0
2015-08-11T17:33:00.000000Z,6.76953125,6.76953125,22.0
2015-08-11T17:33:10.000000Z,6.76953125,6.76953125,11.0
2015-08-11T17:33:20.000000Z,6.76953125,6.76953125,1.0
2015-08-11T17:33:30.000000Z,6.76953125,6.76953125,5.0
2015-08-11T17:33:40.000000Z,6.76953125,6.76953125,8.0
2015-08-11T17:33:50.000000Z,6.76953125,6.76953125,6.0
2015-08-11T17:34:00.000000Z,6.76953125,6.76953125,4.0
2015-08-11T17:34:10.000000Z,6.76953125,6.76953125,6.0
2015-08-11T17:34:20.000000Z,6.76953125,6.76953125,6.0
2015-08-11T17:34:30.000000Z,6.76953125,6.76953125,2.0
2015-08-11T17:34:40.000000Z,6.76953125,6.76953125,2.0
2015-08-11T17:35:00.000000Z,6.76953125,6.76953125,4.0
2015-08-11T17:35:10.000000Z,6.76953125,6.76953125,31.0
2015-08-11T17:35:30.000000Z,6.76953125,6.76953125,10.0
2015-08-11T17:35:40.000000Z,6.76953125,6.76953125,14.0
2015-08-11T17:35:50.000000Z,6.76953125,6.76953125,2.0
2015-08-11T17:36:00.000000Z,6.76953125,6.76953125,4.0
2015-08-11T17:36:10.000000Z,6.76953125,6.76953125,21.0
2015-08-11T17:36:20.000000Z,6.76953125,6.76953125,19.0
2015-08-11T17:36:30.000000Z,6.76953125,6.76953125,4.0
2015-08-11T17:36:40.000000Z,6.76953125,6.76953125,17.0
2015-08-11T17:36:50.000000Z,6.76953125,6.76953125,3.0
2015-08-11T17:37:00.000000Z,6.76953125,6.76953125,5.0
2015-08-11T17:37:20.000000Z,6.7734375,6.76953125,12.0
2015-08-11T17:37:30.000000Z,6.7734375,6.76953125,19.0
2015-08-11T17:37:40.000000Z,6.7734375,6.76953125,2.0
2015-08-11T17:37:50.000000Z,6.76953125,6.76953125,15.0
2015-08-11T17:38:00.000000Z,6.76953125,6.76953125,11.0
2015-08-11T17:38:10.000000Z,6.76953125,6.76953125,11.0
2015-08-11T17:38:20.000000Z,6.76953125,6.76953125,10.0
2015-08-11T17:38:30.000000Z,6.76953125,6.76953125,15.0
2015-08-11T17:38:40.000000Z,6.76953125,6.76953125,10.0
2015-08-11T17:39:00.000000Z,6.76953125,6.76953125,7.0
2015-08-11T17:39:10.000000Z,6.76953125,6.76953125,6.0
2015-08-11T17:39:20.000000Z,6.76953125,6.76953125,5.0
2015-08-11T17:39:30.000000Z,6.76953125,6.76953125,22.0
2015-08-11T17:39:40.000000Z,6.76953125,6.76953125,10.0
2015-08-11T17:39:50.000000Z,6.76953125,6.76953125,7.0
2015-08-11T17:40:00.000000Z,6.76953125,6.76953125,3.0
2015-08-11T17:40:10.000000Z,6.76953125,6.76953125,2.0
2015-08-11T17:40:20.000000Z,6.76953125,6.76953125,6.0
2015-08-11T17:40:30.000000Z,6.76953125,6.76953125,10.0
2015-08-11T17:40:40.000000Z,6.76953125,6.765625,22.0
2015-08-11T17:40:50.000000Z,6.76953125,6.765625,28.0
2015-08-11T17:41:00.000000Z,6.76953125,6.765625,10.0
2015-08-11T17:41:10.000000Z,6.76953125,6.765625,9.0
2015-08-11T17:41:20.000000Z,6.76953125,6.765625,5.0
2015-08-11T17:41:30.000000Z,6.765625,6.765625,23.0
2015-08-11T17:41:40.000000Z,6.76953125,6.765625,10.0
2015-08-11T17:41:50.000000Z,6.765625,6.765625,25.0
2015-08-11T17:42:00.000000Z,6.765625,6.765625,41.0
2015-08-11T17:42:10.000000Z,6.765625,6.765625,16.0
2015-08-11T17:42:20.000000Z,6.765625,6.765625,4.0
2015-08-11T17:42:30.000000Z,6.765625,6.765625,5.0
2015-08-11T17:42:40.000000Z,6.765625,6.765625,27.0
2015-08-11T17:42:50.000000Z,6.765625,6.765625,15.0
2015-08-11T17:43:00.000000Z,6.765625,6.765625,36.0
2015-08-11T17:43:10.000000Z,6.765625,6.765625,42.0
2015-08-11T17:43:20.000000Z,6.765625,6.765625,7.0
2015-08-11T17:43:30.000000Z,6.765625,6.765625,12.0
2015-08-11T17:43:40.000000Z,6.765625,6.765625,8.0
2015-08-11T17:43:50.000000Z,6.765625,6.765625,19.0
2015-08-11T17:44:00.000000Z,6.765625,6.765625,14.0
2015-08-11T17:44:10.000000Z,6.765625,6.765625,16.0
2015-08-11T17:44:20.000000Z,6.765625,6.765625,16.0
2015-08-11T17:44:30.000000Z,6.765625,6.765625,6.0
2015-08-11T17:44:40.000000Z,6.765625,6.765625,1.0
2015-08-11T17:44:50.000000Z,6.765625,6.76171875,16.0
2015-08-11T17:45:00.000000Z,6.765625,6.76171875,8.0
2015-08-11T17:45:10.000000Z,6.765625,6.76171875,38.0
2015-08-11T17:45:20.000000Z,6.76171875,6.76171875,17.0
2015-08-11T17:45:30.000000Z,6.76171875,6.76171875,2.0
2015-08-11T17:45:40.000000Z,6.76171875,6.76171875,16.0
2015-08-11T17:45:50.000000Z,6.76171875,6.76171875,3.0
2015-08-11T17:46:00.000000Z,6.76171875,6.76171875,2.0
2015-08-11T17:46:10.000000Z,6.76171875,6.76171875,2.0
2015-08-11T17:46:20.000000Z,6.76171875,6.76171875,1.0
2015-08-11T17:46:30.000000Z,6.765625,6.76171875,16.0
2015-08-11T17:46:40.000000Z,6.765625,6.76171875,6.0
2015-08-11T17:46:50.000000Z,6.765625,6.765625,8.0
2015-08-11T17:47:00.000000Z,6.765625,6.765625,1.0
2015-08-11T17:47:10.000000Z,6.765625,6.765625,3.0
2015-08-11T17:47:20.000000Z,6.765625,6.765625,1.0
2015-08-11T17:47:30.000000Z,6.765625,6.765625,3.0
2015-08-11T17:47:40.000000Z,6.765625,6.765625,6.0
2015-08-11T17:47:50.000000Z,6.765625,6.765625,5.0
2015-08-11T17:48:00.000000Z,6.765625,6.765625,3.0
2015-08-11T17:48:10.000000Z,6.765625,6.765625,10.0
2015-08-11T17:48:20.000000Z,6.765625,6.765625,3.0
2015-08-11T17:48:40.000000Z,6.765625,6.765625,4.0
2015-08-11T17:48:50.000000Z,6.765625,6.76171875,10.0
2015-08-11T17:49:00.000000Z,6.765625,6.76171875,2.0
2015-08-11T17:49:10.000000Z,6.765625,6.76171875,4.0
2015-08-11T17:49:20.000000Z,6.765625,6.765625,12.0
2015-08-11T17:49:30.000000Z,6.765625,6.765625,4.0
2015-08-11T17:49:40.000000Z,6.765625,6.765625,3.0
2015-08-11T17:49:50.000000Z,6.765625,6.765625,1.0
2015-08-11T17:50:00.000000Z,6.765625,6.76171875,10.0
2015-08-11T17:50:10.000000Z,6.765625,6.765625,33.0
2015-08-11T17:50:20.000000Z,6.765625,6.765625,2.0
2015-08-11T17:50:30.000000Z,6.765625,6.76171875,11.0
2015-08-11T17:50:40.000000Z,6.765625,6.76171875,4.0
2015-08-11T17:50:50.000000Z,6.765625,6.76171875,27.0
2015-08-11T17:51:00.000000Z,6.765625,6.76171875,23.0
2015-08-11T17:51:10.000000Z,6.765625,6.76171875,9.0
2015-08-11T17:51:20.000000Z,6.765625,6.76171875,22.0
2015-08-11T17:51:30.000000Z,6.765625,6.76171875,15.0
2015-08-11T17:51:40.000000Z,6.765625,6.76171875,16.0
2015-08-11T17:51:50.000000Z,6.765625,6.76171875,6.0
2015-08-11T17:52:00.000000Z,6.765625,6.76171875,6.0
2015-08-11T17:52:10.000000Z,6.765625,6.76171875,11.0
2015-08-11T17:52:20.000000Z,6.765625,6.76171875,7.0
2015-08-11T17:52:30.000000Z,6.765625,6.76171875,12.0
2015-08-11T17:52:40.000000Z,6.765625,6.76171875,2.0
2015-08-11T17:52:50.000000Z,6.76171875,6.76171875,13.0
2015-08-11T17:53:00.000000Z,6.76171875,6.76171875,12.0
2015-08-11T17:53:10.000000Z,6.76171875,6.76171875,20.0
2015-08-11T17:53:20.000000Z,6.765625,6.76171875,16.0
2015-08-11T17:53:30.000000Z,6.765625,6.76171875,8.0
2015-08-11T17:53:40.000000Z,6.765625,6.76171875,3.0
2015-08-11T17:53:50.000000Z,6.765625,6.76171875,19.0
2015-08-11T17:54:00.000000Z,6.765625,6.765625,21.0
2015-08-11T17:54:10.000000Z,6.765625,6.765625,19.0
2015-08-11T17:54:20.000000Z,6.765625,6.765625,3.0
2015-08-11T17:54:30.000000Z,6.765625,6.765625,1.0
2015-08-11T17:54:40.000000Z,6.765625,6.765625,15.0
2015-08-11T17:54:50.000000Z,6.765625,6.765625,23.0
2015-08-11T17:55:00.000000Z,6.765625,6.765625,12.0
2015-08-11T17:55:10.000000Z,6.76953125,6.765625,17.0
2015-08-11T17:55:20.000000Z,6.76953125,6.765625,18.0
2015-08-11T17:55:30.000000Z,6.76953125,6.765625,1.0
2015-08-11T17:55:40.000000Z,6.765625,6.765625,14.0
2015-08-11T17:55:50.000000Z,6.765625,6.765625,18.0
2015-08-11T17:56:00.000000Z,6.765625,6.765625,25.0
2015-08-11T17:56:10.000000Z,6.765625,6.765625,2.0
2015-08-11T17:56:20.000000Z,6.765625,6.765625,1.0
2015-08-11T17:56:30.000000Z,6.765625,6.765625,1.0
2015-08-11T17:56:40.000000Z,6.765625,6.765625,1.0
2015-08-11T17:57:00.000000Z,6.765625,6.765625,19.0
2015-08-11T17:57:10.000000Z,6.765625,6.765625,26.0
2015-08-11T17:57:20.000000Z,6.765625,6.765625,4.0
2015-08-11T17:57:30.000000Z,6.765625,6.765625,6.0
2015-08-11T17:57:40.000000Z,6.765625,6.765625,13.0
2015-08-11T17:57:50.000000Z,6.765625,6.765625,11.0
2015-08-11T17:58:00.000000Z,6.765625,6.765625,18.0
2015-08-11T17:58:10.000000Z,6.765625,6.765625,26.0
2015-08-11T17:58:20.000000Z,6.765625,6.765625,4.0
2015-08-11T17:58:30.000000Z,6.765625,6.765625,18.0
2015-08-11T17:58:40.000000Z,6.765625,6.765625,10.0
2015-08-11T17:58:50.000000Z,6.765625,6.765625,5.0
2015-08-11T17:59:00.000000Z,6.765625,6.765625,3.0
2015-08-11T17:59:10.000000Z,6.765625,6.765625,25.0
2015-08-11T17:59:20.000000Z,6.765625,6.765625,34.0
2015-08-11T17:59:30.000000Z,6.765625,6.765625,16.0
2015-08-11T17:59:40.000000Z,6.765625,6.765625,8.0
2015-08-11T17:59:50.000000Z,6.765625,6.765625,18.0
2015-08-11T18:00:00.000000Z,6.765625,6.765625,16.0
2015-08-11T18:00:10.000000Z,6.765625,6.765625,14.0
2015-08-11T18:00:20.000000Z,6.765625,6.765625,1.0
2015-08-11T18:00:30.000000Z,6.765625,6.765625,5.0
2015-08-11T18:00:40.000000Z,6.765625,6.765625,18.0
2015-08-11T18:00:50.000000Z,6.765625,6.765625,23.0
2015-08-11T18:01:00.000000Z,6.765625,6.765625,12.0
2015-08-11T18:01:10.000000Z,6.765625,6.765625,7.0
2015-08-11T18:01:20.000000Z,6.765625,6.765625,11.0
2015-08-11T18:01:30.000000Z,6.765625,6.765625,1.0
2015-08-11T18:01:40.000000Z,6.765625,6.765625,15.0
2015-08-11T18:01:50.000000Z,6.765625,6.765625,1.0
2015-08-11T18:02:00.000000Z,6.765625,6.765625,19.0
2015-08-11T18:02:10.000000Z,6.765625,6.765625,2.0
2015-08-11T18:02:20.000000Z,6.765625,6.765625,10.0
2015-08-11T18:02:30.000000Z,6.765625,6.765625,12.0
2015-08-11T18:02:40.000000Z,6.765625,6.765625,27.0
2015-08-11T18:02:50.000000Z,6.765625,6.765625,32.0
2015-08-11T18:03:00.000000Z,6.765625,6.765625,8.0
2015-08-11T18:03:10.000000Z,6.765625,6.765625,3.0
2015-08-11T18:03:20.000000Z,6.765625,6.765625,26.0
2015-08-11T18:03:30.000000Z,6.765625,6.765625,17.0
2015-08-11T18:03:40.000000Z,6.765625,6.765625,12.0
2015-08-11T18:03:50.000000Z,6.765625,6.765625,4.0
2015-08-11T18:04:00.000000Z,6.765625,6.765625,19.0
2015-08-11T18:04:10.000000Z,6.765625,6.765625,10.0
2015-08-11T18:04:20.000000Z,6.765625,6.765625,11.0
2015-08-11T18:04:30.000000Z,6.765625,6.765625,5.0
2015-08-11T18:04:40.000000Z,6.765625,6.765625,20.0
2015-08-11T18:04:50.000000Z,6.765625,6.765625,5.0
2015-08-11T18:05:00.000000Z,6.765625,6.765625,36.0
2015-08-11T18:05:10.000000Z,6.765625,6.765625,20.0
2015-08-11T18:05:20.000000Z,6.765625,6.76171875,5.0
2015-08-11T18:05:30.000000Z,6.765625,6.76171875,1.0
2015-08-11T18:05:40.000000Z,6.765625,6.76171875,21.0
2015-08-11T18:05:50.000000Z,6.765625,6.76171875,36.0
2015-08-11T18:06:00.000000Z,6.765625,6.76171875,26.0
2015-08-11T18:06:10.000000Z,6.765625,6.76171875,6.0
2015-08-11T18:06:20.000000Z,6.765625,6.765625,23.0
2015-08-11T18:06:30.000000Z,6.765625,6.765625,27.0
2015-08-11T18:06:40.000000Z,6.765625,6.765625,18.0
2015-08-11T18:06:50.000000Z,6.765625,6.765625,4.0
2015-08-11T18:07:00.000000Z,6.765625,6.765625,7.0
2015-08-11T18:07:10.000000Z,6.765625,6.765625,43.0
2015-08-11T18:07:20.000000Z,6.765625,6.765625,8.0
2015-08-11T18:07:30.000000Z,6.765625,6.765625,8.0
2015-08-11T18:07:40.000000Z,6.765625,6.765625,3.0
2015-08-11T18:07:50.000000Z,6.765625,6.765625,7.0
2015-08-11T18:08:00.000000Z,6.765625,6.765625,22.0
2015-08-11T18:08:10.000000Z,6.765625,6.765625,18.0
2015-08-11T18:08:20.000000Z,6.765625,6.765625,20.0
2015-08-11T18:08:30.000000Z,6.765625,6.765625,9.0
2015-08-11T18:08:40.000000Z,6.765625,6.765625,15.0
2015-08-11T18:08:50.000000Z,6.765625,6.765625,9.0
2015-08-11T18:09:00.000000Z,6.765625,6.765625,11.0
2015-08-11T18:09:20.000000Z,6.765625,6.765625,1.0
2015-08-11T18:09:30.000000Z,6.765625,6.765625,19.0
2015-08-11T18:09:40.000000Z,6.765625,6.765625,13.0
2015-08-11T18:09:50.000000Z,6.765625,6.765625,4.0
2015-08-11T18:10:00.000000Z,6.765625,6.765625,23.0
2015-08-11T18:10:10.000000Z,6.765625,6.765625,15.0
2015-08-11T18:10:20.000000Z,6.765625,6.765625,1.0
2015-08-11T18:10:30.000000Z,6.765625,6.765625,14.0
2015-08-11T18:10:40.000000Z,6.765625,6.765625,6.0
2015-08-11T18:10:50.000000Z,6.765625,6.765625,2.0
2015-08-11T18:11:00.000000Z,6.765625,6.765625,14.0
2015-08-11T18:11:10.000000Z,6.765625,6.765625,3.0
2015-08-11T18:11:20.000000Z,6.765625,6.765625,1.0
2015-08-11T18:11:30.000000Z,6.765625,6.765625,3.0
2015-08-11T18:11:40.000000Z,6.765625,6.765625,1.0
2015-08-11T18:12:00.000000Z,6.765625,6.765625,5.0
2015-08-11T18:12:10.000000Z,6.765625,6.765625,14.0
2015-08-11T18:12:20.000000Z,6.765625,6.765625,23.0
2015-08-11T18:12:30.000000Z,6.765625,6.765625,25.0
2015-08-11T18:12:40.000000Z,6.765625,6.765625,17.0
2015-08-11T18:12:50.000000Z,6.765625,6.765625,1.0
2015-08-11T18:13:00.000000Z,6.765625,6.765625,9.0
2015-08-11T18:13:10.000000Z,6.765625,6.765625,8.0
2015-08-11T18:13:20.000000Z,6.765625,6.765625,14.0
2015-08-11T18:13:30.000000Z,6.765625,6.765625,14.0
2015-08-11T18:13:40.000000Z,6.765625,6.765625,1.0
2015-08-11T18:13:50.000000Z,6.765625,6.765625,2.0
2015-08-11T18:14:00.000000Z,6.765625,6.765625,16.0
2015-08-11T18:14:10.000000Z,6.765625,6.765625,4.0
2015-08-11T18:14:20.000000Z,6.765625,6.765625,2.0
2015-08-11T18:14:40.000000Z,6.765625,6.765625,2.0
2015-08-11T18:14:50.000000Z,6.765625,6.765625,19.0
2015-08-11T18:15:00.000000Z,6.765625,6.765625,5.0
2015-08-11T18:15:10.000000Z,6.765625,6.765625,7.0
2015-08-11T18:15:20.000000Z,6.765625,6.765625,12.0
2015-08-11T18:15:30.000000Z,6.765625,6.765625,13.0
2015-08-11T18:15:40.000000Z,6.765625,6.765625,1.0
2015-08-11T18:15:50.000000Z,6.765625,6.765625,8.0
2015-08-11T18:16:00.000000Z,6.765625,6.765625,15.0
2015-08-11T18:16:10.000000Z,6.765625,6.765625,7.0
2015-08-11T18:16:20.000000Z,6.765625,6.76171875,9.0
2015-08-11T18:16:30.000000Z,6.765625,6.765625,22.0
2015-08-11T18:16:40.000000Z,6.765625,6.765625,7.0
2015-08-11T18:16:50.000000Z,6.765625,6.765625,18.0
2015-08-11T18:17:00.000000Z,6.765625,6.765625,8.0
2015-08-11T18:17:10.000000Z,6.765625,6.765625,14.0
2015-08-11T18:17:30.000000Z,6.765625,6.765625,4.0
2015-08-11T18:17:40.000000Z,6.765625,6.765625,2.0
2015-08-11T18:17:50.000000Z,6.765625,6.765625,15.0
2015-08-11T18:18:00.000000Z,6.765625,6.765625,23.0
2015-08-11T18:18:10.000000Z,6.765625,6.765625,15.0
2015-08-11T18:18:20.000000Z,6.765625,6.765625,17.0
2015-08-11T18:18:30.000000Z,6.765625,6.765625,5.0
2015-08-11T18:18:40.000000Z,6.765625,6.765625,3.0
2015-08-11T18:19:00.000000Z,6.765625,6.765625,3.0
2015-08-11T18:19:10.000000Z,6.76953125,6.765625,10.0
2015-08-11T18:19:20.000000Z,6.76953125,6.765625,19.0
2015-08-11T18:19:30.000000Z,6.76953125,6.765625,1.0
2015-08-11T18:19:40.000000Z,6.76953125,6.765625,23.0
2015-08-11T18:19:50.000000Z,6.76953125,6.76953125,8.0
2015-08-11T18:20:00.000000Z,6.76953125,6.765625,15.0
2015-08-11T18:20:10.000000Z,6.76953125,6.765625,16.0
2015-08-11T18:20:20.000000Z,6.76953125,6.765625,1.0
2015-08-11T18:20:30.000000Z,6.76953125,6.76953125,24.0
2015-08-11T18:20:40.000000Z,6.76953125,6.765625,13.0
2015-08-11T18:20:50.000000Z,6.76953125,6.76953125,8.0
2015-08-11T18:21:00.000000Z,6.76953125,6.76953125,5.0
2015-08-11T18:21:20.000000Z,6.76953125,6.76953125,15.0
2015-08-11T18:21:30.000000Z,6.76953125,6.76953125,25.0
2015-08-11T18:21:40.000000Z,6.76953125,6.76953125,12.0
2015-08-11T18:21:50.000000Z,6.76953125,6.76953125,12.0
2015-08-11T18:22:00.000000Z,6.76953125,6.76953125,9.0
2015-08-11T18:22:20.000000Z,6.76953125,6.76953125,11.0
2015-08-11T18:22:30.000000Z,6.76953125,6.76953125,23.0
2015-08-11T18:22:40.000000Z,6.76953125,6.76953125,28.0
2015-08-11T18:22:50.000000Z,6.76953125,6.76953125,27.0
2015-08-11T18:23:00.000000Z,6.76953125,6.76953125,24.0
2015-08-11T18:23:10.000000Z,6.76953125,6.76953125,21.0
2015-08-11T18:23:20.000000Z,6.76953125,6.76953125,12.0
2015-08-11T18:23:30.000000Z,6.76953125,6.76953125,8.0
2015-08-11T18:23:40.000000Z,6.76953125,6.76953125,3.0
2015-08-11T18:23:50.000000Z,6.76953125,6.76953125,23.0
2015-08-11T18:24:00.000000Z,6.76953125,6.76953125,9.0
2015-08-11T18:24:10.000000Z,6.76953125,6.76953125,5.0
2015-08-11T18:24:20.000000Z,6.76953125,6.76953125,17.0
2015-08-11T18:24:30.000000Z,6.76953125,6.76953125,8.0
2015-08-11T18:24:50.000000Z,6.76953125,6.76953125,6.0
2015-08-11T18:25:00.000000Z,6.76953125,6.76953125,7.0
2015-08-11T18:25:10.000000Z,6.76953125,6.76953125,14.0
2015-08-11T18:25:20.000000Z,6.76953125,6.76953125,1.0
2015-08-11T18:25:30.000000Z,6.76953125,6.76953125,21.0
2015-08-11T18:25:40.000000Z,6.76953125,6.76953125,29.0
2015-08-11T18:25:50.000000Z,6.76953125,6.76953125,12.0
2015-08-11T18:26:00.000000Z,6.76953125,6.76953125,13.0
2015-08-11T18:26:10.000000Z,6.76953125,6.76953125,4.0
2015-08-11T18:26:20.000000Z,6.76953125,6.76953125,3.0
2015-08-11T18:26:30.000000Z,6.76953125,6.76953125,10.0
2015-08-11T18:26:40.000000Z,6.76953125,6.76953125,16.0
2015-08-11T18:26:50.000000Z,6.76953125,6.76953125,7.0
2015-08-11T18:27:00.000000Z,6.76953125,6.76953125,13.0
2015-08-11T18:27:10.000000Z,6.76953125,6.76953125,18.0
2015-08-11T18:27:20.000000Z,6.76953125,6.76953125,20.0
2015-08-11T18:27:30.000000Z,6.76953125,6.76953125,12.0
2015-08-11T18:27:40.000000Z,6.76953125,6.76953125,19.0
2015-08-11T18:27:50.000000Z,6.76953125,6.76953125,27.0
2015-08-11T18:28:00.000000Z,6.76953125,6.76953125,5.0
2015-08-11T18:28:10.000000Z,6.76953125,6.76953125,17.0
2015-08-11T18:28:20.000000Z,6.7734375,6.76953125,26.0
