time,closeAsk,closeBid,volume
2015-08-11T00:55:00.000000Z,0.982421875,0.982421875,5.0
2015-08-11T00:55:10.000000Z,0.982421875,0.982421875,2.0
2015-08-11T00:55:50.000000Z,0.982421875,0.982421875,2.0
2015-08-11T00:56:00.000000Z,0.982421875,0.982421875,1.0
2015-08-11T00:56:40.000000Z,0.982421875,0.982421875,3.0
2015-08-11T00:56:50.000000Z,0.982421875,0.98193359375,3.0
2015-08-11T00:58:50.000000Z,0.982421875,0.982421875,1.0
2015-08-11T01:00:00.000000Z,0.982421875,0.982421875,2.0
2015-08-11T01:00:40.000000Z,0.982421875,0.982421875,1.0
2015-08-11T01:00:50.000000Z,0.982421875,0.982421875,1.0
2015-08-11T01:01:00.000000Z,0.982421875,0.982421875,2.0
2015-08-11T01:02:10.000000Z,0.982421875,0.982421875,1.0
2015-08-11T01:02:20.000000Z,0.982421875,0.982421875,2.0
2015-08-11T01:03:30.000000Z,0.982421875,0.982421875,1.0
2015-08-11T01:03:40.000000Z,0.98291015625,0.982421875,1.0
2015-08-11T01:04:40.000000Z,0.982421875,0.982421875,1.0
2015-08-11T01:05:30.000000Z,0.982421875,0.982421875,7.0
2015-08-11T01:05:40.000000Z,0.982421875,0.982421875,2.0
2015-08-11T01:06:00.000000Z,0.982421875,0.982421875,1.0
2015-08-11T01:07:00.000000Z,0.982421875,0.982421875,1.0
2015-08-11T01:10:00.000000Z,0.982421875,0.982421875,1.0
2015-08-11T01:10:30.000000Z,0.982421875,0.982421875,1.0
2015-08-11T01:10:50.000000Z,0.982421875,0.982421875,1.0
2015-08-11T01:11:50.000000Z,0.98291015625,0.982421875,8.0
2015-08-11T01:14:40.000000Z,0.982421875,0.982421875,1.0
2015-08-11T01:15:00.000000Z,0.982421875,0.982421875,1.0
2015-08-11T01:16:00.000000Z,0.982421875,0.982421875,1.0
2015-08-11T01:16:20.000000Z,0.982421875,0.982421875,1.0
2015-08-11T01:16:30.000000Z,0.98291015625,0.982421875,1.0
2015-08-11T01:16:40.000000Z,0.98291015625,0.982421875,3.0
2015-08-11T01:16:50.000000Z,0.98291015625,0.982421875,8.0
2015-08-11T01:17:00.000000Z,0.98291015625,0.98291015625,3.0
2015-08-11T01:17:10.000000Z,0.98291015625,0.98291015625,5.0
2015-08-11T01:17:20.000000Z,0.9833984375,0.98291015625,6.0
2015-08-11T01:17:30.000000Z,0.9833984375,0.98291015625,4.0
2015-08-11T01:17:40.000000Z,0.9833984375,0.98291015625,2.0
2015-08-11T01:18:00.000000Z,0.9833984375,0.9833984375,2.0
2015-08-11T01:18:10.000000Z,0.98388671875,0.9833984375,3.0
2015-08-11T01:18:20.000000Z,0.98388671875,0.9833984375,3.0
2015-08-11T01:19:00.000000Z,0.98388671875,0.9833984375,2.0
2015-08-11T01:19:10.000000Z,0.98388671875,0.9833984375,19.0
2015-08-11T01:19:20.000000Z,0.98388671875,0.9833984375,1.0
2015-08-11T01:19:50.000000Z,0.98388671875,0.9833984375,1.0
2015-08-11T01:20:00.000000Z,0.98388671875,0.9833984375,7.0
2015-08-11T01:20:10.000000Z,0.98388671875,0.9833984375,1.0
2015-08-11T01:20:40.000000Z,0.98388671875,0.9833984375,2.0
2015-08-11T01:20:50.000000Z,0.984375,0.98388671875,6.0
2015-08-11T01:21:00.000000Z,0.984375,0.98388671875,11.0
2015-08-11T01:21:10.000000Z,0.98388671875,0.98388671875,8.0
2015-08-11T01:21:20.000000Z,0.984375,0.98388671875,3.0
2015-08-11T01:21:30.000000Z,0.98388671875,0.98388671875,1.0
2015-08-11T01:21:40.000000Z,0.98388671875,0.98388671875,1.0
2015-08-11T01:22:00.000000Z,0.98388671875,0.98388671875,1.0
2015-08-11T01:22:10.000000Z,0.98388671875,0.9833984375,4.0
2015-08-11T01:22:20.000000Z,0.98388671875,0.98388671875,1.0
2015-08-11T01:22:50.000000Z,0.98388671875,0.98388671875,4.0
2015-08-11T01:23:00.000000Z,0.98388671875,0.9833984375,8.0
2015-08-11T01:23:10.000000Z,0.98388671875,0.9833984375,4.0
2015-08-11T01:23:20.000000Z,0.98388671875,0.9833984375,1.0
2015-08-11T01:23:30.000000Z,0.98388671875,0.9833984375,1.0
2015-08-11T01:23:40.000000Z,0.98388671875,0.9833984375,3.0
2015-08-11T01:23:50.000000Z,0.98388671875,0.9833984375,1.0
2015-08-11T01:24:00.000000Z,0.98388671875,0.9833984375,4.0
2015-08-11T01:24:10.000000Z,0.98388671875,0.9833984375,4.0
2015-08-11T01:24:40.000000Z,0.98388671875,0.9833984375,6.0
2015-08-11T01:24:50.000000Z,0.98388671875,0.9833984375,1.0
2015-08-11T01:25:10.000000Z,0.98388671875,0.9833984375,2.0
2015-08-11T01:25:30.000000Z,0.98388671875,0.9833984375,3.0
2015-08-11T01:25:40.000000Z,0.98388671875,0.9833984375,2.0
2015-08-11T01:26:00.000000Z,0.98388671875,0.9833984375,1.0
2015-08-11T01:26:10.000000Z,0.98388671875,0.9833984375,1.0
2015-08-11T01:26:20.000000Z,0.98388671875,0.9833984375,1.0
2015-08-11T01:26:40.000000Z,0.98388671875,0.98388671875,1.0
2015-08-11T01:26:50.000000Z,0.98388671875,0.98388671875,2.0
2015-08-11T01:27:10.000000Z,0.98388671875,0.98388671875,1.0
2015-08-11T01:27:20.000000Z,0.984375,0.98388671875,15.0
2015-08-11T01:27:30.000000Z,0.984375,0.98388671875,3.0
2015-08-11T01:27:40.000000Z,0.984375,0.984375,6.0
2015-08-11T01:28:00.000000Z,0.98486328125,0.984375,1.0
2015-08-11T01:28:10.000000Z,0.98486328125,0.984375,1.0
2015-08-11T01:28:40.000000Z,0.98486328125,0.984375,5.0
2015-08-11T01:28:50.000000Z,0.98486328125,0.984375,3.0
2015-08-11T01:29:00.000000Z,0.98486328125,0.984375,1.0
2015-08-11T01:29:20.000000Z,0.98486328125,0.984375,3.0
2015-08-11T01:29:30.000000Z,0.98486328125,0.984375,4.0
2015-08-11T01:29:40.000000Z,0.98486328125,0.984375,2.0
2015-08-11T01:30:10.000000Z,0.984375,0.98388671875,6.0
2015-08-11T01:30:50.000000Z,0.984375,0.98388671875,1.0
2015-08-11T01:31:10.000000Z,0.984375,0.98388671875,1.0
2015-08-11T01:31:20.000000Z,0.984375,0.98388671875,5.0
2015-08-11T01:31:30.000000Z,0.984375,0.98388671875,1.0
2015-08-11T01:31:40.000000Z,0.984375,0.98388671875,1.0
2015-08-11T01:31:50.000000Z,0.984375,0.98388671875,5.0
2015-08-11T01:32:00.000000Z,0.984375,0.98388671875,3.0
2015-08-11T01:32:10.000000Z,0.984375,0.98388671875,1.0
2015-08-11T01:32:20.000000Z,0.984375,0.98388671875,2.0
2015-08-11T01:32:30.000000Z,0.984375,0.98388671875,1.0
2015-08-11T01:32:40.000000Z,0.984375,0.98388671875,5.0
2015-08-11T01:32:50.000000Z,0.984375,0.98388671875,1.0
2015-08-11T01:33:00.000000Z,0.984375,0.98388671875,2.0
2015-08-11T01:33:20.000000Z,0.984375,0.98388671875,7.0
2015-08-11T01:33:40.000000Z,0.98388671875,0.98388671875,1.0
2015-08-11T01:33:50.000000Z,0.98388671875,0.9833984375,4.0
2015-08-11T01:34:00.000000Z,0.98388671875,0.9833984375,4.0
2015-08-11T01:34:10.000000Z,0.9833984375,0.9833984375,1.0
2015-08-11T01:34:20.000000Z,0.9833984375,0.9833984375,1.0
2015-08-11T01:34:30.000000Z,0.9833984375,0.98291015625,2.0
2015-08-11T01:34:40.000000Z,0.9833984375,0.98291015625,2.0
2015-08-11T01:34:50.000000Z,0.9833984375,0.98291015625,2.0
2015-08-11T01:35:00.000000Z,0.9833984375,0.9833984375,5.0
2015-08-11T01:35:10.000000Z,0.9833984375,0.9833984375,2.0
2015-08-11T01:35:20.000000Z,0.9833984375,0.98291015625,4.0
2015-08-11T01:35:40.000000Z,0.9833984375,0.98291015625,5.0
2015-08-11T01:35:50.000000Z,0.9833984375,0.98291015625,4.0
2015-08-11T01:36:00.000000Z,0.9833984375,0.9833984375,2.0
2015-08-11T01:36:10.000000Z,0.9833984375,0.9833984375,1.0
2015-08-11T01:36:20.000000Z,0.98388671875,0.9833984375,1.0
2015-08-11T01:36:30.000000Z,0.98388671875,0.9833984375,3.0
2015-08-11T01:36:40.000000Z,0.98388671875,0.9833984375,3.0
2015-08-11T01:37:10.000000Z,0.98388671875,0.9833984375,2.0
2015-08-11T01:37:50.000000Z,0.98388671875,0.98388671875,3.0
2015-08-11T01:38:00.000000Z,0.98388671875,0.98388671875,7.0
2015-08-11T01:38:10.000000Z,0.984375,0.98388671875,5.0
2015-08-11T01:38:30.000000Z,0.984375,0.98388671875,2.0
2015-08-11T01:38:40.000000Z,0.984375,0.98388671875,3.0
2015-08-11T01:39:20.000000Z,0.98486328125,0.984375,6.0
2015-08-11T01:39:30.000000Z,0.98486328125,0.984375,4.0
2015-08-11T01:39:40.000000Z,0.98486328125,0.984375,1.0
2015-08-11T01:40:00.000000Z,0.98486328125,0.984375,3.0
2015-08-11T01:40:10.000000Z,0.98486328125,0.984375,2.0
2015-08-11T01:40:30.000000Z,0.98486328125,0.984375,3.0
2015-08-11T01:40:40.000000Z,0.98486328125,0.984375,1.0
2015-08-11T01:40:50.000000Z,0.98486328125,0.984375,3.0
2015-08-11T01:41:00.000000Z,0.98486328125,0.984375,3.0
2015-08-11T01:41:10.000000Z,0.98486328125,0.984375,3.0
2015-08-11T01:41:30.000000Z,0.98486328125,0.98486328125,12.0
2015-08-11T01:41:40.000000Z,0.98486328125,0.984375,4.0
2015-08-11T01:42:00.000000Z,0.98486328125,0.984375,2.0
2015-08-11T01:42:40.000000Z,0.98486328125,0.98486328125,3.0
2015-08-11T01:42:50.000000Z,0.98486328125,0.984375,1.0
2015-08-11T01:43:00.000000Z,0.98486328125,0.984375,2.0
2015-08-11T01:43:10.000000Z,0.98486328125,0.984375,2.0
2015-08-11T01:43:20.000000Z,0.98486328125,0.98486328125,1.0
2015-08-11T01:43:30.000000Z,0.98486328125,0.98486328125,1.0
2015-08-11T01:43:40.000000Z,0.98486328125,0.98486328125,2.0
2015-08-11T01:43:50.000000Z,0.98486328125,0.98486328125,7.0
2015-08-11T01:44:00.000000Z,0.98486328125,0.98486328125,1.0
2015-08-11T01:44:10.000000Z,0.98486328125,0.98486328125,1.0
2015-08-11T01:44:30.000000Z,0.98486328125,0.98486328125,2.0
2015-08-11T01:44:40.000000Z,0.98486328125,0.984375,6.0
2015-08-11T01:45:00.000000Z,0.98486328125,0.984375,7.0
2015-08-11T01:45:20.000000Z,0.98486328125,0.984375,2.0
2015-08-11T01:45:40.000000Z,0.98486328125,0.984375,5.0
2015-08-11T01:45:50.000000Z,0.98486328125,0.984375,1.0
2015-08-11T01:46:10.000000Z,0.984375,0.984375,8.0
2015-08-11T01:46:20.000000Z,0.98486328125,0.984375,27.0
2015-08-11T01:46:30.000000Z,0.98486328125,0.984375,2.0
2015-08-11T01:47:00.000000Z,0.98486328125,0.984375,1.0
2015-08-11T01:47:10.000000Z,0.98486328125,0.984375,3.0
2015-08-11T01:47:20.000000Z,0.98486328125,0.984375,7.0
2015-08-11T01:47:30.000000Z,0.98486328125,0.984375,2.0
2015-08-11T01:47:40.000000Z,0.98486328125,0.984375,1.0
2015-08-11T01:47:50.000000Z,0.98486328125,0.984375,3.0
2015-08-11T01:48:20.000000Z,0.9853515625,0.98486328125,5.0
2015-08-11T01:48:40.000000Z,0.9853515625,0.98486328125,3.0
2015-08-11T01:49:10.000000Z,0.9853515625,0.98486328125,1.0
2015-08-11T01:49:40.000000Z,0.9853515625,0.98486328125,4.0
2015-08-11T01:49:50.000000Z,0.9853515625,0.9853515625,2.0
2015-08-11T01:50:20.000000Z,0.98583984375,0.9853515625,3.0
2015-08-11T01:50:40.000000Z,0.98583984375,0.9853515625,4.0
2015-08-11T01:51:10.000000Z,0.98583984375,0.9853515625,4.0
2015-08-11T01:51:30.000000Z,0.9853515625,0.9853515625,1.0
2015-08-11T01:51:40.000000Z,0.9853515625,0.9853515625,2.0
2015-08-11T01:52:00.000000Z,0.9853515625,0.98486328125,5.0
2015-08-11T01:52:10.000000Z,0.9853515625,0.98486328125,2.0
2015-08-11T01:52:20.000000Z,0.9853515625,0.98486328125,1.0
2015-08-11T01:52:30.000000Z,0.9853515625,0.98486328125,1.0
2015-08-11T01:53:10.000000Z,0.9853515625,0.98486328125,6.0
2015-08-11T01:53:40.000000Z,0.9853515625,0.98486328125,3.0
2015-08-11T01:53:50.000000Z,0.9853515625,0.98486328125,2.0
2015-08-11T01:54:10.000000Z,0.9853515625,0.9853515625,1.0
2015-08-11T01:54:20.000000Z,0.98583984375,0.9853515625,4.0
2015-08-11T01:54:30.000000Z,0.98583984375,0.9853515625,1.0
2015-08-11T01:54:40.000000Z,0.98583984375,0.9853515625,2.0
2015-08-11T01:55:00.000000Z,0.98583984375,0.9853515625,8.0
2015-08-11T01:55:10.000000Z,0.98583984375,0.9853515625,1.0
2015-08-11T01:56:00.000000Z,0.98583984375,0.9853515625,1.0
2015-08-11T01:56:10.000000Z,0.98583984375,0.98583984375,8.0
2015-08-11T01:56:20.000000Z,0.98583984375,0.98583984375,7.0
2015-08-11T01:56:30.000000Z,0.98583984375,0.98583984375,2.0
2015-08-11T01:56:40.000000Z,0.98583984375,0.9853515625,4.0
2015-08-11T01:56:50.000000Z,0.98583984375,0.9853515625,1.0
2015-08-11T01:57:10.000000Z,0.98583984375,0.9853515625,1.0
2015-08-11T01:57:50.000000Z,0.98583984375,0.9853515625,12.0
2015-08-11T01:58:20.000000Z,0.98583984375,0.9853515625,4.0
2015-08-11T01:58:50.000000Z,0.98583984375,0.9853515625,2.0
2015-08-11T01:59:00.000000Z,0.98583984375,0.9853515625,4.0
2015-08-11T01:59:10.000000Z,0.98583984375,0.9853515625,4.0
2015-08-11T01:59:20.000000Z,0.98583984375,0.9853515625,2.0
2015-08-11T02:01:10.000000Z,0.98583984375,0.9853515625,1.0
2015-08-11T02:01:20.000000Z,0.98583984375,0.9853515625,4.0
2015-08-11T02:01:30.000000Z,0.9853515625,0.9853515625,1.0
2015-08-11T02:02:20.000000Z,0.98583984375,0.9853515625,8.0
2015-08-11T02:02:30.000000Z,0.98583984375,0.9853515625,9.0
2015-08-11T02:02:40.000000Z,0.98583984375,0.9853515625,2.0
2015-08-11T02:02:50.000000Z,0.98583984375,0.9853515625,1.0
2015-08-11T02:03:10.000000Z,0.98583984375,0.9853515625,2.0
2015-08-11T02:03:20.000000Z,0.98583984375,0.9853515625,2.0
2015-08-11T02:04:10.000000Z,0.98583984375,0.9853515625,8.0
2015-08-11T02:04:20.000000Z,0.98583984375,0.9853515625,1.0
2015-08-11T02:05:10.000000Z,0.9853515625,0.9853515625,5.0
2015-08-11T02:05:20.000000Z,0.9853515625,0.98486328125,5.0
2015-08-11T02:05:30.000000Z,0.9853515625,0.98486328125,2.0
2015-08-11T02:06:00.000000Z,0.9853515625,0.98486328125,5.0
2015-08-11T02:06:10.000000Z,0.9853515625,0.98486328125,2.0
2015-08-11T02:06:20.000000Z,0.9853515625,0.9853515625,5.0
2015-08-11T02:07:00.000000Z,0.9853515625,0.9853515625,1.0
2015-08-11T02:07:10.000000Z,0.9853515625,0.9853515625,1.0
2015-08-11T02:07:30.000000Z,0.98583984375,0.9853515625,4.0
2015-08-11T02:07:40.000000Z,0.98583984375,0.9853515625,1.0
2015-08-11T02:07:50.000000Z,0.9853515625,0.98486328125,11.0
2015-08-11T02:08:00.000000Z,0.9853515625,0.9853515625,3.0
2015-08-11T02:08:10.000000Z,0.98583984375,0.9853515625,2.0
2015-08-11T02:08:20.000000Z,0.98583984375,0.9853515625,1.0
2015-08-11T02:09:00.000000Z,0.98583984375,0.9853515625,1.0
2015-08-11T02:09:20.000000Z,0.9853515625,0.9853515625,6.0
2015-08-11T02:09:30.000000Z,0.9853515625,0.9853515625,2.0
2015-08-11T02:09:40.000000Z,0.9853515625,0.9853515625,3.0
2015-08-11T02:09:50.000000Z,0.9853515625,0.9853515625,3.0
2015-08-11T02:10:10.000000Z,0.9853515625,0.98486328125,1.0
2015-08-11T02:10:20.000000Z,0.9853515625,0.98486328125,2.0
2015-08-11T02:10:30.000000Z,0.9853515625,0.98486328125,2.0
2015-08-11T02:11:40.000000Z,0.9853515625,0.98486328125,2.0
2015-08-11T02:12:00.000000Z,0.98486328125,0.98486328125,1.0
2015-08-11T02:12:50.000000Z,0.9853515625,0.98486328125,2.0
2015-08-11T02:14:30.000000Z,0.9853515625,0.98486328125,2.0
2015-08-11T02:14:40.000000Z,0.9853515625,0.9853515625,1.0
2015-08-11T02:15:10.000000Z,0.9853515625,0.9853515625,6.0
2015-08-11T02:15:20.000000Z,0.9853515625,0.98486328125,2.0
2015-08-11T02:15:30.000000Z,0.9853515625,0.98486328125,1.0
2015-08-11T02:15:40.000000Z,0.9853515625,0.9853515625,7.0
2015-08-11T02:15:50.000000Z,0.9853515625,0.9853515625,1.0
2015-08-11T02:16:00.000000Z,0.9853515625,0.9853515625,5.0
2015-08-11T02:16:10.000000Z,0.9853515625,0.9853515625,3.0
2015-08-11T02:16:20.000000Z,0.98583984375,0.9853515625,3.0
2015-08-11T02:16:40.000000Z,0.98583984375,0.9853515625,1.0
2015-08-11T02:17:10.000000Z,0.98583984375,0.9853515625,1.0
2015-08-11T02:17:20.000000Z,0.98583984375,0.9853515625,5.0
2015-08-11T02:17:40.000000Z,0.9853515625,0.9853515625,3.0
2015-08-11T02:18:40.000000Z,0.98583984375,0.9853515625,4.0
2015-08-11T02:18:50.000000Z,0.9853515625,0.9853515625,1.0
2015-08-11T02:19:10.000000Z,0.9853515625,0.9853515625,2.0
2015-08-11T02:19:20.000000Z,0.9853515625,0.98486328125,11.0
2015-08-11T02:19:30.000000Z,0.9853515625,0.98486328125,9.0
2015-08-11T02:19:40.000000Z,0.9853515625,0.98486328125,1.0
2015-08-11T02:20:00.000000Z,0.9853515625,0.98486328125,1.0
2015-08-11T02:20:10.000000Z,0.9853515625,0.98486328125,1.0
2015-08-11T02:20:20.000000Z,0.9853515625,0.98486328125,1.0
2015-08-11T02:20:30.000000Z,0.9853515625,0.9853515625,1.0
2015-08-11T02:20:40.000000Z,0.9853515625,0.98486328125,2.0
2015-08-11T02:21:20.000000Z,0.9853515625,0.98486328125,2.0
2015-08-11T02:21:30.000000Z,0.9853515625,0.98486328125,1.0
2015-08-11T02:22:20.000000Z,0.9853515625,0.98486328125,4.0
2015-08-11T02:22:30.000000Z,0.9853515625,0.98486328125,4.0
2015-08-11T02:22:40.000000Z,0.98486328125,0.98486328125,1.0
2015-08-11T02:23:50.000000Z,0.98486328125,0.98486328125,2.0
2015-08-11T02:24:20.000000Z,0.98486328125,0.98486328125,1.0
2015-08-11T02:24:40.000000Z,0.98486328125,0.98486328125,2.0
2015-08-11T02:25:10.000000Z,0.98486328125,0.98486328125,3.0
2015-08-11T02:25:20.000000Z,0.98486328125,0.98486328125,3.0
2015-08-11T02:26:10.000000Z,0.98486328125,0.984375,2.0
2015-08-11T02:26:20.000000Z,0.98486328125,0.984375,2.0
2015-08-11T02:27:20.000000Z,0.984375,0.984375,3.0
2015-08-11T02:27:30.000000Z,0.984375,0.984375,3.0
2015-08-11T02:27:40.000000Z,0.98486328125,0.984375,6.0
2015-08-11T02:28:20.000000Z,0.98486328125,0.984375,1.0
2015-08-11T02:28:40.000000Z,0.98486328125,0.984375,4.0
2015-08-11T02:28:50.000000Z,0.98486328125,0.984375,1.0
2015-08-11T02:29:10.000000Z,0.98486328125,0.984375,1.0
2015-08-11T02:29:30.000000Z,0.98486328125,0.984375,2.0
2015-08-11T02:30:00.000000Z,0.98486328125,0.984375,7.0
2015-08-11T02:30:10.000000Z,0.98486328125,0.984375,1.0
2015-08-11T02:31:00.000000Z,0.98486328125,0.984375,12.0
2015-08-11T02:32:10.000000Z,0.98486328125,0.984375,6.0
2015-08-11T02:32:50.000000Z,0.98486328125,0.984375,5.0
2015-08-11T02:33:00.000000Z,0.98486328125,0.984375,1.0
2015-08-11T02:33:10.000000Z,0.98486328125,0.984375,4.0
2015-08-11T02:34:40.000000Z,0.98486328125,0.984375,1.0
2015-08-11T02:35:10.000000Z,0.98486328125,0.984375,2.0
2015-08-11T02:35:20.000000Z,0.98486328125,0.984375,1.0
2015-08-11T02:35:30.000000Z,0.98486328125,0.984375,2.0
2015-08-11T02:36:00.000000Z,0.98486328125,0.984375,2.0
2015-08-11T02:36:30.000000Z,0.98486328125,0.984375,1.0
2015-08-11T02:37:30.000000Z,0.98486328125,0.98486328125,1.0
2015-08-11T02:38:30.000000Z,0.98486328125,0.984375,2.0
2015-08-11T02:38:40.000000Z,0.98486328125,0.984375,1.0
2015-08-11T02:39:20.000000Z,0.98486328125,0.984375,1.0
2015-08-11T02:39:30.000000Z,0.98486328125,0.98486328125,1.0
2015-08-11T02:39:40.000000Z,0.98486328125,0.98486328125,2.0
2015-08-11T02:39:50.000000Z,0.9853515625,0.98486328125,1.0
2015-08-11T02:40:00.000000Z,0.9853515625,0.98486328125,2.0
2015-08-11T02:40:10.000000Z,0.9853515625,0.98486328125,1.0
2015-08-11T02:40:20.000000Z,0.9853515625,0.98486328125,1.0
2015-08-11T02:40:30.000000Z,0.9853515625,0.98486328125,6.0
2015-08-11T02:40:50.000000Z,0.98486328125,0.98486328125,4.0
2015-08-11T02:41:20.000000Z,0.98486328125,0.984375,2.0
2015-08-11T02:41:30.000000Z,0.98486328125,0.98486328125,9.0
2015-08-11T02:41:40.000000Z,0.98486328125,0.98486328125,11.0
2015-08-11T02:42:00.000000Z,0.9853515625,0.98486328125,4.0
2015-08-11T02:42:20.000000Z,0.9853515625,0.98486328125,2.0
2015-08-11T02:42:30.000000Z,0.9853515625,0.98486328125,1.0
2015-08-11T02:42:40.000000Z,0.9853515625,0.98486328125,3.0
2015-08-11T02:43:00.000000Z,0.9853515625,0.98486328125,11.0
2015-08-11T02:43:20.000000Z,0.98486328125,0.98486328125,7.0
2015-08-11T02:43:30.000000Z,0.98486328125,0.98486328125,2.0
2015-08-11T02:43:40.000000Z,0.98486328125,0.98486328125,3.0
2015-08-11T02:43:50.000000Z,0.98486328125,0.98486328125,1.0
2015-08-11T02:44:10.000000Z,0.98486328125,0.98486328125,3.0
2015-08-11T02:44:20.000000Z,0.9853515625,0.98486328125,4.0
2015-08-11T02:44:40.000000Z,0.9853515625,0.98486328125,1.0
2015-08-11T02:45:30.000000Z,0.9853515625,0.98486328125,1.0
2015-08-11T02:46:00.000000Z,0.9853515625,0.98486328125,1.0
2015-08-11T02:46:10.000000Z,0.9853515625,0.98486328125,4.0
2015-08-11T02:46:30.000000Z,0.9853515625,0.98486328125,1.0
2015-08-11T02:46:40.000000Z,0.9853515625,0.98486328125,1.0
2015-08-11T02:47:50.000000Z,0.9853515625,0.98486328125,1.0
2015-08-11T02:49:00.000000Z,0.9853515625,0.98486328125,1.0
2015-08-11T02:50:20.000000Z,0.9853515625,0.98486328125,1.0
2015-08-11T02:50:30.000000Z,0.9853515625,0.98486328125,1.0
2015-08-11T02:51:10.000000Z,0.9853515625,0.98486328125,3.0
2015-08-11T02:51:20.000000Z,0.98486328125,0.98486328125,1.0
2015-08-11T02:51:40.000000Z,0.98486328125,0.98486328125,2.0
2015-08-11T02:52:00.000000Z,0.98486328125,0.98486328125,1.0
2015-08-11T02:52:40.000000Z,0.98486328125,0.98486328125,2.0
2015-08-11T02:52:50.000000Z,0.98486328125,0.984375,1.0
2015-08-11T02:53:10.000000Z,0.98486328125,0.984375,1.0
2015-08-11T02:53:40.000000Z,0.98486328125,0.984375,2.0
2015-08-11T02:53:50.000000Z,0.98486328125,0.984375,2.0
2015-08-11T02:54:00.000000Z,0.98486328125,0.984375,1.0
2015-08-11T02:54:40.000000Z,0.98486328125,0.984375,1.0
2015-08-11T02:54:50.000000Z,0.98486328125,0.984375,1.0
2015-08-11T02:55:00.000000Z,0.98486328125,0.984375,1.0
2015-08-11T02:55:10.000000Z,0.98486328125,0.984375,5.0
2015-08-11T02:55:30.000000Z,0.98486328125,0.984375,3.0
2015-08-11T02:55:40.000000Z,0.984375,0.984375,2.0
2015-08-11T02:56:10.000000Z,0.984375,0.984375,1.0
2015-08-11T02:56:20.000000Z,0.984375,0.984375,1.0
2015-08-11T02:57:00.000000Z,0.984375,0.984375,1.0
2015-08-11T02:57:30.000000Z,0.984375,0.984375,2.0
2015-08-11T02:58:10.000000Z,0.984375,0.984375,1.0
2015-08-11T02:58:40.000000Z,0.98486328125,0.984375,2.0
2015-08-11T02:59:40.000000Z,0.98486328125,0.984375,1.0
2015-08-11T02:59:50.000000Z,0.98486328125,0.984375,7.0
2015-08-11T03:00:10.000000Z,0.98486328125,0.984375,1.0
2015-08-11T03:00:20.000000Z,0.98486328125,0.984375,1.0
2015-08-11T03:00:30.000000Z,0.98486328125,0.984375,1.0
2015-08-11T03:00:40.000000Z,0.98486328125,0.984375,2.0
2015-08-11T03:01:00.000000Z,0.98486328125,0.984375,2.0
2015-08-11T03:01:30.000000Z,0.98486328125,0.984375,1.0
2015-08-11T03:01:40.000000Z,0.98486328125,0.984375,3.0
2015-08-11T03:02:00.000000Z,0.98486328125,0.984375,3.0
2015-08-11T03:03:10.000000Z,0.98486328125,0.984375,2.0
2015-08-11T03:03:20.000000Z,0.98486328125,0.984375,1.0
2015-08-11T03:03:30.000000Z,0.98486328125,0.984375,1.0
2015-08-11T03:03:50.000000Z,0.98486328125,0.984375,1.0
2015-08-11T03:04:10.000000Z,0.98486328125,0.984375,1.0
2015-08-11T03:04:30.000000Z,0.98486328125,0.984375,1.0
2015-08-11T03:04:40.000000Z,0.98486328125,0.984375,1.0
2015-08-11T03:05:00.000000Z,0.984375,0.984375,1.0
2015-08-11T03:05:10.000000Z,0.984375,0.984375,1.0
2015-08-11T03:05:40.000000Z,0.984375,0.984375,4.0
2015-08-11T03:05:50.000000Z,0.984375,0.984375,5.0
2015-08-11T03:06:00.000000Z,0.984375,0.984375,1.0
2015-08-11T03:06:20.000000Z,0.984375,0.984375,1.0
2015-08-11T03:07:00.000000Z,0.984375,0.984375,2.0
2015-08-11T03:07:20.000000Z,0.984375,0.984375,2.0
2015-08-11T03:08:30.000000Z,0.984375,0.984375,2.0
2015-08-11T03:09:00.000000Z,0.984375,0.984375,1.0
2015-08-11T03:09:10.000000Z,0.984375,0.98388671875,3.0
2015-08-11T03:09:20.000000Z,0.984375,0.98388671875,2.0
2015-08-11T03:09:40.000000Z,0.984375,0.98388671875,8.0
2015-08-11T03:09:50.000000Z,0.984375,0.98388671875,1.0
2015-08-11T03:10:50.000000Z,0.984375,0.98388671875,6.0
2015-08-11T03:11:00.000000Z,0.984375,0.98388671875,1.0
2015-08-11T03:11:10.000000Z,0.984375,0.98388671875,2.0
2015-08-11T03:11:20.000000Z,0.984375,0.98388671875,2.0
2015-08-11T03:11:30.000000Z,0.984375,0.98388671875,1.0
2015-08-11T03:12:10.000000Z,0.98388671875,0.98388671875,5.0
2015-08-11T03:12:20.000000Z,0.98388671875,0.98388671875,1.0
2015-08-11T03:12:40.000000Z,0.98388671875,0.98388671875,1.0
2015-08-11T03:12:50.000000Z,0.984375,0.98388671875,2.0
2015-08-11T03:13:20.000000Z,0.984375,0.98388671875,1.0
2015-08-11T03:13:50.000000Z,0.984375,0.984375,3.0
2015-08-11T03:15:20.000000Z,0.984375,0.98388671875,1.0
2015-08-11T03:15:40.000000Z,0.984375,0.98388671875,7.0
2015-08-11T03:16:00.000000Z,0.984375,0.98388671875,1.0
2015-08-11T03:16:10.000000Z,0.984375,0.98388671875,4.0
2015-08-11T03:16:30.000000Z,0.984375,0.98388671875,1.0
2015-08-11T03:16:50.000000Z,0.984375,0.98388671875,1.0
2015-08-11T03:17:40.000000Z,0.984375,0.98388671875,2.0
2015-08-11T03:18:20.000000Z,0.984375,0.98388671875,4.0
2015-08-11T03:18:30.000000Z,0.984375,0.98388671875,1.0
2015-08-11T03:18:50.000000Z,0.984375,0.98388671875,1.0
2015-08-11T03:19:50.000000Z,0.984375,0.98388671875,6.0
2015-08-11T03:20:10.000000Z,0.984375,0.984375,2.0
2015-08-11T03:21:10.000000Z,0.984375,0.98388671875,2.0
2015-08-11T03:21:20.000000Z,0.984375,0.98388671875,2.0
2015-08-11T03:21:40.000000Z,0.984375,0.98388671875,3.0
2015-08-11T03:22:20.000000Z,0.984375,0.984375,1.0
2015-08-11T03:24:20.000000Z,0.984375,0.984375,1.0
2015-08-11T03:24:30.000000Z,0.984375,0.984375,1.0
2015-08-11T03:24:50.000000Z,0.984375,0.984375,4.0
2015-08-11T03:25:40.000000Z,0.984375,0.984375,2.0
2015-08-11T03:25:50.000000Z,0.984375,0.984375,2.0
2015-08-11T03:26:10.000000Z,0.98486328125,0.984375,2.0
2015-08-11T03:27:10.000000Z,0.98486328125,0.984375,4.0
2015-08-11T03:27:30.000000Z,0.98486328125,0.984375,2.0
2015-08-11T03:27:50.000000Z,0.98486328125,0.984375,1.0
2015-08-11T03:29:20.000000Z,0.98486328125,0.984375,7.0
2015-08-11T03:29:30.000000Z,0.98486328125,0.984375,1.0
2015-08-11T03:29:50.000000Z,0.984375,0.984375,1.0
2015-08-11T03:30:10.000000Z,0.98486328125,0.984375,1.0
2015-08-11T03:30:50.000000Z,0.98486328125,0.984375,1.0
2015-08-11T03:31:20.000000Z,0.984375,0.984375,1.0
2015-08-11T03:33:40.000000Z,0.984375,0.984375,4.0
2015-08-11T03:33:50.000000Z,0.984375,0.984375,2.0
2015-08-11T03:34:00.000000Z,0.984375,0.984375,1.0
2015-08-11T03:34:10.000000Z,0.984375,0.984375,1.0
2015-08-11T03:35:00.000000Z,0.98486328125,0.984375,4.0
2015-08-11T03:35:40.000000Z,0.98486328125,0.984375,1.0
2015-08-11T03:36:50.000000Z,0.98486328125,0.984375,3.0
2015-08-11T03:37:00.000000Z,0.98486328125,0.98486328125,10.0
2015-08-11T03:37:20.000000Z,0.98486328125,0.98486328125,3.0
2015-08-11T03:37:30.000000Z,0.98486328125,0.98486328125,12.0
2015-08-11T03:37:40.000000Z,0.98486328125,0.98486328125,12.0
2015-08-11T03:38:00.000000Z,0.98486328125,0.98486328125,1.0
2015-08-11T03:38:10.000000Z,0.98486328125,0.98486328125,2.0
2015-08-11T03:38:20.000000Z,0.98486328125,0.984375,5.0
2015-08-11T03:39:00.000000Z,0.98486328125,0.984375,10.0
2015-08-11T03:39:10.000000Z,0.98486328125,0.984375,5.0
2015-08-11T03:39:20.000000Z,0.98486328125,0.984375,2.0
2015-08-11T03:39:40.000000Z,0.98486328125,0.984375,3.0
2015-08-11T03:40:10.000000Z,0.98486328125,0.984375,1.0
2015-08-11T03:42:30.000000Z,0.98486328125,0.98486328125,1.0
2015-08-11T03:42:40.000000Z,0.98486328125,0.98486328125,2.0
2015-08-11T03:42:50.000000Z,0.9853515625,0.98486328125,2.0
2015-08-11T03:44:20.000000Z,0.98486328125,0.98486328125,1.0
2015-08-11T03:47:00.000000Z,0.98486328125,0.984375,6.0
2015-08-11T03:47:10.000000Z,0.98486328125,0.984375,1.0
2015-08-11T03:47:40.000000Z,0.98486328125,0.98486328125,1.0
2015-08-11T03:49:50.000000Z,0.98486328125,0.984375,1.0
2015-08-11T03:54:00.000000Z,0.98486328125,0.984375,2.0
2015-08-11T03:54:10.000000Z,0.98486328125,0.984375,1.0
2015-08-11T03:54:20.000000Z,0.98486328125,0.984375,1.0
2015-08-11T03:54:40.000000Z,0.98486328125,0.984375,4.0
2015-08-11T03:54:50.000000Z,0.98486328125,0.984375,2.0
2015-08-11T03:55:40.000000Z,0.98486328125,0.984375,5.0
2015-08-11T03:56:30.000000Z,0.98486328125,0.984375,1.0
2015-08-11T03:56:50.000000Z,0.98486328125,0.984375,3.0
2015-08-11T03:57:10.000000Z,0.98486328125,0.984375,3.0
2015-08-11T03:57:20.000000Z,0.98486328125,0.984375,1.0
2015-08-11T03:58:00.000000Z,0.98486328125,0.984375,4.0
2015-08-11T04:00:00.000000Z,0.98486328125,0.984375,2.0
2015-08-11T04:01:50.000000Z,0.98486328125,0.984375,4.0
2015-08-11T04:03:00.000000Z,0.98486328125,0.984375,2.0
2015-08-11T04:03:10.000000Z,0.98486328125,0.984375,3.0
2015-08-11T04:03:40.000000Z,0.98486328125,0.984375,1.0
2015-08-11T04:04:40.000000Z,0.98486328125,0.984375,2.0
2015-08-11T04:05:30.000000Z,0.984375,0.984375,2.0
2015-08-11T04:06:10.000000Z,0.984375,0.984375,1.0
2015-08-11T04:06:50.000000Z,0.98486328125,0.984375,2.0
2015-08-11T04:07:50.000000Z,0.984375,0.984375,2.0
2015-08-11T04:12:00.000000Z,0.984375,0.984375,1.0
2015-08-11T04:13:30.000000Z,0.984375,0.984375,1.0
2015-08-11T04:13:40.000000Z,0.984375,0.984375,1.0
2015-08-11T04:18:00.000000Z,0.984375,0.984375,1.0
2015-08-11T04:18:10.000000Z,0.984375,0.984375,3.0
2015-08-11T04:18:20.000000Z,0.984375,0.984375,1.0
2015-08-11T04:18:40.000000Z,0.984375,0.984375,1.0
2015-08-11T04:19:10.000000Z,0.984375,0.984375,1.0
2015-08-11T04:20:00.000000Z,0.984375,0.984375,1.0
2015-08-11T04:22:40.000000Z,0.98486328125,0.984375,5.0
2015-08-11T04:25:00.000000Z,0.98486328125,0.984375,1.0
2015-08-11T04:27:30.000000Z,0.98486328125,0.984375,1.0
2015-08-11T04:29:20.000000Z,0.98486328125,0.984375,1.0
2015-08-11T04:30:50.000000Z,0.98486328125,0.984375,1.0
2015-08-11T04:31:30.000000Z,0.98486328125,0.984375,1.0
2015-08-11T04:32:30.000000Z,0.98486328125,0.984375,1.0
2015-08-11T04:35:30.000000Z,0.984375,0.984375,4.0
2015-08-11T04:35:40.000000Z,0.984375,0.984375,1.0
2015-08-11T04:35:50.000000Z,0.984375,0.984375,1.0
2015-08-11T04:36:30.000000Z,0.984375,0.984375,1.0
2015-08-11T04:38:50.000000Z,0.984375,0.984375,1.0
2015-08-11T04:39:40.000000Z,0.984375,0.984375,2.0
2015-08-11T04:39:50.000000Z,0.984375,0.984375,4.0
2015-08-11T04:41:50.000000Z,0.984375,0.984375,1.0
2015-08-11T04:42:00.000000Z,0.98486328125,0.984375,1.0
2015-08-11T04:42:10.000000Z,0.98486328125,0.984375,3.0
2015-08-11T04:42:20.000000Z,0.98486328125,0.984375,1.0
2015-08-11T04:42:30.000000Z,0.98486328125,0.984375,3.0
2015-08-11T04:42:40.000000Z,0.98486328125,0.984375,3.0
2015-08-11T04:42:50.000000Z,0.98486328125,0.984375,6.0
2015-08-11T04:43:00.000000Z,0.98486328125,0.984375,3.0
2015-08-11T04:43:10.000000Z,0.98486328125,0.984375,6.0
2015-08-11T04:43:20.000000Z,0.98486328125,0.984375,3.0
2015-08-11T04:44:10.000000Z,0.98486328125,0.984375,2.0
2015-08-11T04:46:00.000000Z,0.98486328125,0.984375,1.0
2015-08-11T04:46:30.000000Z,0.98486328125,0.984375,4.0
2015-08-11T04:46:50.000000Z,0.98486328125,0.984375,2.0
2015-08-11T04:47:00.000000Z,0.98486328125,0.984375,1.0
2015-08-11T04:47:10.000000Z,0.98486328125,0.984375,2.0
2015-08-11T04:47:30.000000Z,0.98486328125,0.984375,1.0
2015-08-11T04:48:10.000000Z,0.98486328125,0.984375,3.0
2015-08-11T04:51:10.000000Z,0.98486328125,0.984375,1.0
2015-08-11T04:51:20.000000Z,0.98486328125,0.984375,1.0
2015-08-11T04:51:30.000000Z,0.98486328125,0.984375,2.0
2015-08-11T04:53:20.000000Z,0.98486328125,0.98486328125,1.0
2015-08-11T04:57:10.000000Z,0.98486328125,0.984375,3.0
2015-08-11T04:57:20.000000Z,0.98486328125,0.984375,1.0
2015-08-11T04:58:30.000000Z,0.98486328125,0.984375,1.0
2015-08-11T04:59:00.000000Z,0.98486328125,0.98486328125,2.0
2015-08-11T04:59:10.000000Z,0.98486328125,0.98486328125,3.0
2015-08-11T04:59:30.000000Z,0.98486328125,0.98486328125,2.0
2015-08-11T04:59:50.000000Z,0.98486328125,0.984375,2.0
2015-08-11T05:00:00.000000Z,0.98486328125,0.984375,1.0
2015-08-11T05:00:30.000000Z,0.98486328125,0.984375,1.0
2015-08-11T05:03:20.000000Z,0.98486328125,0.98486328125,1.0
2015-08-11T05:03:50.000000Z,0.98486328125,0.98486328125,3.0
2015-08-11T05:04:00.000000Z,0.98486328125,0.98486328125,1.0
2015-08-11T05:04:40.000000Z,0.98486328125,0.98486328125,1.0
2015-08-11T05:04:50.000000Z,0.9853515625,0.98486328125,1.0
2015-08-11T05:05:00.000000Z,0.98486328125,0.98486328125,2.0
2015-08-11T05:06:00.000000Z,0.98486328125,0.98486328125,2.0
2015-08-11T05:08:00.000000Z,0.98486328125,0.98486328125,2.0
2015-08-11T05:08:10.000000Z,0.9853515625,0.98486328125,6.0
2015-08-11T05:08:20.000000Z,0.9853515625,0.98486328125,11.0
2015-08-11T05:08:30.000000Z,0.9853515625,0.98486328125,1.0
2015-08-11T05:08:40.000000Z,0.9853515625,0.98486328125,2.0
2015-08-11T05:09:10.000000Z,0.9853515625,0.98486328125,2.0
2015-08-11T05:09:50.000000Z,0.98486328125,0.98486328125,2.0
2015-08-11T05:12:20.000000Z,0.98486328125,0.98486328125,5.0
2015-08-11T05:12:30.000000Z,0.98486328125,0.984375,2.0
2015-08-11T05:14:20.000000Z,0.98486328125,0.984375,1.0
2015-08-11T05:14:30.000000Z,0.98486328125,0.984375,1.0
2015-08-11T05:14:40.000000Z,0.98486328125,0.984375,1.0
2015-08-11T05:15:10.000000Z,0.98486328125,0.984375,1.0
2015-08-11T05:16:10.000000Z,0.98486328125,0.984375,1.0
2015-08-11T05:16:30.000000Z,0.98486328125,0.984375,1.0
2015-08-11T05:16:40.000000Z,0.98486328125,0.98486328125,6.0
2015-08-11T05:17:00.000000Z,0.98486328125,0.98486328125,1.0
2015-08-11T05:17:20.000000Z,0.98486328125,0.98486328125,1.0
2015-08-11T05:17:30.000000Z,0.98486328125,0.98486328125,1.0
2015-08-11T05:19:00.000000Z,0.98486328125,0.98486328125,1.0
2015-08-11T05:19:10.000000Z,0.9853515625,0.98486328125,2.0
2015-08-11T05:20:00.000000Z,0.98486328125,0.98486328125,3.0
2015-08-11T05:20:10.000000Z,0.98486328125,0.98486328125,1.0
2015-08-11T05:22:40.000000Z,0.98486328125,0.98486328125,4.0
2015-08-11T05:23:00.000000Z,0.98486328125,0.98486328125,1.0
2015-08-11T05:23:20.000000Z,0.98486328125,0.984375,1.0
2015-08-11T05:23:50.000000Z,0.98486328125,0.984375,3.0
2015-08-11T05:25:50.000000Z,0.98486328125,0.984375,2.0
2015-08-11T05:26:50.000000Z,0.98486328125,0.984375,2.0
2015-08-11T05:27:10.000000Z,0.98486328125,0.984375,5.0
2015-08-11T05:27:20.000000Z,0.98486328125,0.984375,1.0
2015-08-11T05:30:10.000000Z,0.98486328125,0.984375,2.0
2015-08-11T05:30:40.000000Z,0.98486328125,0.984375,2.0
2015-08-11T05:31:20.000000Z,0.98486328125,0.98486328125,1.0
2015-08-11T05:31:50.000000Z,0.98486328125,0.98486328125,1.0
2015-08-11T05:32:00.000000Z,0.9853515625,0.98486328125,2.0
2015-08-11T05:32:20.000000Z,0.9853515625,0.98486328125,1.0
2015-08-11T05:32:30.000000Z,0.9853515625,0.98486328125,6.0
2015-08-11T05:32:40.000000Z,0.98486328125,0.98486328125,2.0
2015-08-11T05:32:50.000000Z,0.9853515625,0.98486328125,1.0
2015-08-11T05:33:10.000000Z,0.9853515625,0.98486328125,3.0
2015-08-11T05:33:20.000000Z,0.98486328125,0.98486328125,2.0
2015-08-11T05:33:30.000000Z,0.9853515625,0.98486328125,1.0
2015-08-11T05:33:40.000000Z,0.98486328125,0.98486328125,2.0
2015-08-11T05:35:20.000000Z,0.98486328125,0.98486328125,5.0
2015-08-11T05:35:30.000000Z,0.98486328125,0.98486328125,5.0
2015-08-11T05:36:00.000000Z,0.98486328125,0.98486328125,1.0
2015-08-11T05:36:10.000000Z,0.98486328125,0.98486328125,7.0
2015-08-11T05:36:20.000000Z,0.98486328125,0.98486328125,4.0
2015-08-11T05:36:30.000000Z,0.98486328125,0.98486328125,5.0
2015-08-11T05:36:40.000000Z,0.98486328125,0.98486328125,1.0
2015-08-11T05:38:00.000000Z,0.98486328125,0.98486328125,2.0
2015-08-11T05:38:20.000000Z,0.98486328125,0.98486328125,1.0
2015-08-11T05:39:10.000000Z,0.98486328125,0.98486328125,1.0
2015-08-11T05:39:20.000000Z,0.9853515625,0.98486328125,1.0
2015-08-11T05:39:30.000000Z,0.9853515625,0.98486328125,1.0
2015-08-11T05:39:50.000000Z,0.98486328125,0.98486328125,4.0
2015-08-11T05:40:00.000000Z,0.9853515625,0.98486328125,8.0
2015-08-11T05:40:10.000000Z,0.9853515625,0.9853515625,3.0
2015-08-11T05:40:20.000000Z,0.9853515625,0.9853515625,5.0
2015-08-11T05:40:30.000000Z,0.9853515625,0.98486328125,3.0
2015-08-11T05:41:20.000000Z,0.9853515625,0.98486328125,1.0
2015-08-11T05:41:30.000000Z,0.9853515625,0.98486328125,3.0
2015-08-11T05:41:40.000000Z,0.9853515625,0.98486328125,7.0
2015-08-11T05:41:50.000000Z,0.9853515625,0.98486328125,1.0
2015-08-11T05:42:00.000000Z,0.9853515625,0.98486328125,5.0
2015-08-11T05:42:30.000000Z,0.9853515625,0.98486328125,1.0
2015-08-11T05:43:00.000000Z,0.98486328125,0.98486328125,1.0
2015-08-11T05:43:10.000000Z,0.98486328125,0.984375,2.0
2015-08-11T05:43:20.000000Z,0.98486328125,0.984375,3.0
2015-08-11T05:43:30.000000Z,0.98486328125,0.98486328125,4.0
2015-08-11T05:44:50.000000Z,0.98486328125,0.98486328125,1.0
2015-08-11T05:45:00.000000Z,0.98486328125,0.98486328125,6.0
2015-08-11T05:45:40.000000Z,0.98486328125,0.98486328125,1.0
2015-08-11T05:46:00.000000Z,0.98486328125,0.98486328125,1.0
2015-08-11T05:46:10.000000Z,0.98486328125,0.98486328125,3.0
2015-08-11T05:46:30.000000Z,0.98486328125,0.98486328125,1.0
2015-08-11T05:47:00.000000Z,0.98486328125,0.984375,1.0
2015-08-11T05:47:10.000000Z,0.98486328125,0.984375,1.0
2015-08-11T05:47:30.000000Z,0.98486328125,0.984375,1.0
2015-08-11T05:48:50.000000Z,0.98486328125,0.984375,1.0
2015-08-11T05:49:00.000000Z,0.98486328125,0.984375,4.0
2015-08-11T05:49:40.000000Z,0.98486328125,0.984375,6.0
2015-08-11T05:49:50.000000Z,0.98486328125,0.984375,1.0
2015-08-11T05:50:00.000000Z,0.98486328125,0.984375,5.0
2015-08-11T05:50:10.000000Z,0.98486328125,0.984375,1.0
2015-08-11T05:50:20.000000Z,0.98486328125,0.984375,3.0
2015-08-11T05:50:30.000000Z,0.98486328125,0.98486328125,3.0
2015-08-11T05:50:40.000000Z,0.98486328125,0.98486328125,1.0
2015-08-11T05:50:50.000000Z,0.98486328125,0.98486328125,2.0
2015-08-11T05:51:00.000000Z,0.98486328125,0.98486328125,3.0
2015-08-11T05:51:10.000000Z,0.98486328125,0.98486328125,2.0
2015-08-11T05:51:20.000000Z,0.98486328125,0.98486328125,2.0
2015-08-11T05:51:30.000000Z,0.98486328125,0.98486328125,2.0
2015-08-11T05:51:50.000000Z,0.98486328125,0.98486328125,3.0
2015-08-11T05:52:20.000000Z,0.98486328125,0.98486328125,1.0
2015-08-11T05:52:30.000000Z,0.98486328125,0.98486328125,2.0
2015-08-11T05:52:40.000000Z,0.98486328125,0.98486328125,3.0
2015-08-11T05:53:40.000000Z,0.98486328125,0.98486328125,1.0
2015-08-11T05:54:10.000000Z,0.98486328125,0.98486328125,2.0
2015-08-11T05:54:20.000000Z,0.98486328125,0.98486328125,2.0
2015-08-11T05:54:30.000000Z,0.98486328125,0.98486328125,3.0
2015-08-11T05:54:40.000000Z,0.98486328125,0.98486328125,1.0
2015-08-11T05:54:50.000000Z,0.98486328125,0.98486328125,6.0
2015-08-11T05:55:00.000000Z,0.9853515625,0.98486328125,3.0
2015-08-11T05:55:10.000000Z,0.98486328125,0.984375,5.0
2015-08-11T05:55:20.000000Z,0.98486328125,0.984375,3.0
2015-08-11T05:55:50.000000Z,0.98486328125,0.98486328125,11.0
2015-08-11T05:56:00.000000Z,0.98486328125,0.98486328125,1.0
2015-08-11T05:56:10.000000Z,0.98486328125,0.98486328125,1.0
2015-08-11T05:56:20.000000Z,0.98486328125,0.984375,2.0
2015-08-11T05:56:30.000000Z,0.98486328125,0.984375,1.0
2015-08-11T05:56:40.000000Z,0.98486328125,0.984375,3.0
2015-08-11T05:57:20.000000Z,0.98486328125,0.984375,1.0
2015-08-11T05:57:30.000000Z,0.984375,0.984375,7.0
2015-08-11T05:58:50.000000Z,0.984375,0.984375,2.0
2015-08-11T05:59:00.000000Z,0.984375,0.984375,1.0
2015-08-11T05:59:10.000000Z,0.984375,0.984375,2.0
2015-08-11T05:59:20.000000Z,0.984375,0.984375,4.0
2015-08-11T05:59:40.000000Z,0.984375,0.984375,1.0
2015-08-11T06:00:00.000000Z,0.984375,0.984375,1.0
2015-08-11T06:00:20.000000Z,0.984375,0.984375,1.0
2015-08-11T06:00:30.000000Z,0.984375,0.984375,1.0
2015-08-11T06:00:40.000000Z,0.984375,0.984375,1.0
2015-08-11T06:01:00.000000Z,0.984375,0.984375,2.0
2015-08-11T06:01:10.000000Z,0.984375,0.984375,3.0
2015-08-11T06:01:20.000000Z,0.984375,0.984375,2.0
2015-08-11T06:01:30.000000Z,0.98486328125,0.984375,3.0
2015-08-11T06:01:40.000000Z,0.98486328125,0.984375,2.0
2015-08-11T06:02:10.000000Z,0.98486328125,0.984375,5.0
2015-08-11T06:02:30.000000Z,0.984375,0.984375,9.0
2015-08-11T06:02:40.000000Z,0.984375,0.984375,4.0
2015-08-11T06:03:00.000000Z,0.984375,0.984375,5.0
2015-08-11T06:03:40.000000Z,0.984375,0.98388671875,4.0
2015-08-11T06:03:50.000000Z,0.984375,0.98388671875,2.0
2015-08-11T06:04:00.000000Z,0.984375,0.984375,2.0
2015-08-11T06:04:10.000000Z,0.984375,0.984375,1.0
2015-08-11T06:04:20.000000Z,0.984375,0.984375,1.0
2015-08-11T06:04:50.000000Z,0.984375,0.984375,4.0
2015-08-11T06:05:10.000000Z,0.984375,0.984375,6.0
2015-08-11T06:05:40.000000Z,0.984375,0.984375,3.0
2015-08-11T06:05:50.000000Z,0.984375,0.98388671875,4.0
2015-08-11T06:06:30.000000Z,0.984375,0.98388671875,1.0
2015-08-11T06:07:00.000000Z,0.984375,0.98388671875,3.0
2015-08-11T06:07:10.000000Z,0.984375,0.98388671875,1.0
2015-08-11T06:07:20.000000Z,0.984375,0.98388671875,1.0
2015-08-11T06:07:30.000000Z,0.984375,0.98388671875,1.0
2015-08-11T06:07:40.000000Z,0.984375,0.98388671875,1.0
2015-08-11T06:07:50.000000Z,0.984375,0.98388671875,4.0
2015-08-11T06:08:10.000000Z,0.984375,0.98388671875,3.0
2015-08-11T06:08:20.000000Z,0.984375,0.98388671875,1.0
2015-08-11T06:08:50.000000Z,0.984375,0.98388671875,1.0
2015-08-11T06:09:00.000000Z,0.98388671875,0.98388671875,3.0
2015-08-11T06:09:50.000000Z,0.98388671875,0.98388671875,1.0
2015-08-11T06:10:00.000000Z,0.98388671875,0.98388671875,8.0
2015-08-11T06:10:10.000000Z,0.984375,0.98388671875,2.0
2015-08-11T06:10:20.000000Z,0.98388671875,0.98388671875,1.0
2015-08-11T06:10:30.000000Z,0.98388671875,0.98388671875,1.0
2015-08-11T06:10:40.000000Z,0.98388671875,0.98388671875,1.0
2015-08-11T06:10:50.000000Z,0.98388671875,0.98388671875,8.0
2015-08-11T06:11:00.000000Z,0.98388671875,0.98388671875,1.0
2015-08-11T06:11:10.000000Z,0.98388671875,0.98388671875,6.0
2015-08-11T06:11:20.000000Z,0.98388671875,0.98388671875,1.0
2015-08-11T06:11:50.000000Z,0.98388671875,0.98388671875,1.0
2015-08-11T06:12:00.000000Z,0.984375,0.98388671875,2.0
2015-08-11T06:12:10.000000Z,0.98388671875,0.98388671875,1.0
2015-08-11T06:12:20.000000Z,0.98388671875,0.98388671875,4.0
2015-08-11T06:12:30.000000Z,0.984375,0.98388671875,4.0
2015-08-11T06:12:40.000000Z,0.984375,0.98388671875,2.0
2015-08-11T06:12:50.000000Z,0.98388671875,0.98388671875,2.0
2015-08-11T06:13:10.000000Z,0.984375,0.98388671875,4.0
2015-08-11T06:13:20.000000Z,0.984375,0.98388671875,4.0
2015-08-11T06:13:40.000000Z,0.984375,0.984375,11.0
2015-08-11T06:13:50.000000Z,0.984375,0.984375,12.0
2015-08-11T06:14:00.000000Z,0.984375,0.984375,1.0
2015-08-11T06:14:10.000000Z,0.984375,0.98388671875,1.0
2015-08-11T06:14:20.000000Z,0.984375,0.98388671875,1.0
2015-08-11T06:14:30.000000Z,0.984375,0.984375,1.0
2015-08-11T06:15:00.000000Z,0.984375,0.98388671875,2.0
2015-08-11T06:15:10.000000Z,0.984375,0.984375,5.0
2015-08-11T06:15:30.000000Z,0.98486328125,0.984375,4.0
2015-08-11T06:16:00.000000Z,0.984375,0.984375,6.0
2015-08-11T06:16:20.000000Z,0.984375,0.984375,1.0
2015-08-11T06:17:00.000000Z,0.984375,0.984375,5.0
2015-08-11T06:17:30.000000Z,0.984375,0.984375,3.0
2015-08-11T06:17:50.000000Z,0.984375,0.984375,2.0
2015-08-11T06:18:00.000000Z,0.984375,0.98388671875,7.0
2015-08-11T06:18:10.000000Z,0.984375,0.98388671875,3.0
2015-08-11T06:18:30.000000Z,0.984375,0.98388671875,1.0
2015-08-11T06:18:40.000000Z,0.984375,0.98388671875,2.0
2015-08-11T06:18:50.000000Z,0.984375,0.98388671875,5.0
2015-08-11T06:19:20.000000Z,0.984375,0.98388671875,3.0
2015-08-11T06:19:30.000000Z,0.984375,0.98388671875,1.0
2015-08-11T06:19:40.000000Z,0.984375,0.98388671875,3.0
2015-08-11T06:19:50.000000Z,0.98388671875,0.98388671875,3.0
2015-08-11T06:20:00.000000Z,0.98388671875,0.98388671875,7.0
2015-08-11T06:20:10.000000Z,0.98388671875,0.98388671875,2.0
2015-08-11T06:20:20.000000Z,0.98388671875,0.98388671875,1.0
2015-08-11T06:20:30.000000Z,0.98388671875,0.98388671875,2.0
2015-08-11T06:20:40.000000Z,0.984375,0.98388671875,1.0
2015-08-11T06:21:10.000000Z,0.984375,0.984375,8.0
2015-08-11T06:21:20.000000Z,0.984375,0.984375,5.0
2015-08-11T06:21:30.000000Z,0.984375,0.984375,2.0
2015-08-11T06:21:40.000000Z,0.984375,0.984375,3.0
2015-08-11T06:21:50.000000Z,0.984375,0.984375,3.0
2015-08-11T06:22:30.000000Z,0.984375,0.984375,1.0
2015-08-11T06:23:00.000000Z,0.98486328125,0.98486328125,8.0
2015-08-11T06:23:10.000000Z,0.98486328125,0.98486328125,12.0
2015-08-11T06:23:20.000000Z,0.98486328125,0.98486328125,15.0
2015-08-11T06:23:40.000000Z,0.984375,0.984375,11.0
2015-08-11T06:23:50.000000Z,0.98486328125,0.984375,2.0
2015-08-11T06:24:00.000000Z,0.984375,0.984375,4.0
2015-08-11T06:24:10.000000Z,0.984375,0.98388671875,4.0
2015-08-11T06:24:20.000000Z,0.984375,0.98388671875,3.0
2015-08-11T06:24:30.000000Z,0.98388671875,0.98388671875,2.0
2015-08-11T06:24:40.000000Z,0.984375,0.98388671875,3.0
2015-08-11T06:24:50.000000Z,0.984375,0.98388671875,5.0
2015-08-11T06:25:00.000000Z,0.984375,0.98388671875,1.0
2015-08-11T06:25:30.000000Z,0.984375,0.98388671875,1.0
2015-08-11T06:25:40.000000Z,0.984375,0.98388671875,10.0
2015-08-11T06:25:50.000000Z,0.984375,0.98388671875,2.0
2015-08-11T06:26:00.000000Z,0.984375,0.984375,4.0
2015-08-11T06:26:20.000000Z,0.984375,0.984375,4.0
2015-08-11T06:26:30.000000Z,0.984375,0.984375,10.0
2015-08-11T06:26:40.000000Z,0.984375,0.984375,9.0
2015-08-11T06:27:00.000000Z,0.984375,0.984375,1.0
2015-08-11T06:27:10.000000Z,0.984375,0.984375,5.0
2015-08-11T06:27:20.000000Z,0.984375,0.984375,1.0
2015-08-11T06:27:40.000000Z,0.984375,0.984375,4.0
2015-08-11T06:27:50.000000Z,0.984375,0.98388671875,6.0
2015-08-11T06:28:20.000000Z,0.984375,0.98388671875,3.0
2015-08-11T06:28:30.000000Z,0.98388671875,0.98388671875,7.0
2015-08-11T06:28:40.000000Z,0.98388671875,0.98388671875,1.0
2015-08-11T06:29:00.000000Z,0.98388671875,0.98388671875,1.0
2015-08-11T06:29:10.000000Z,0.98388671875,0.98388671875,7.0
2015-08-11T06:29:30.000000Z,0.9833984375,0.9833984375,14.0
2015-08-11T06:30:00.000000Z,0.9833984375,0.9833984375,6.0
2015-08-11T06:30:10.000000Z,0.9833984375,0.98291015625,4.0
2015-08-11T06:30:20.000000Z,0.9833984375,0.98291015625,4.0
2015-08-11T06:30:30.000000Z,0.98291015625,0.982421875,13.0
2015-08-11T06:30:40.000000Z,0.98291015625,0.98291015625,8.0
2015-08-11T06:30:50.000000Z,0.98291015625,0.98291015625,2.0
2015-08-11T06:31:00.000000Z,0.98291015625,0.98291015625,4.0
2015-08-11T06:31:10.000000Z,0.98291015625,0.98291015625,3.0
2015-08-11T06:31:20.000000Z,0.98291015625,0.98291015625,1.0
2015-08-11T06:31:30.000000Z,0.98291015625,0.982421875,3.0
2015-08-11T06:31:40.000000Z,0.982421875,0.98193359375,25.0
2015-08-11T06:31:50.000000Z,0.982421875,0.982421875,5.0
2015-08-11T06:32:00.000000Z,0.982421875,0.982421875,1.0
2015-08-11T06:32:10.000000Z,0.982421875,0.982421875,1.0
2015-08-11T06:32:20.000000Z,0.982421875,0.98193359375,11.0
2015-08-11T06:32:30.000000Z,0.98193359375,0.9814453125,25.0
2015-08-11T06:32:40.000000Z,0.98193359375,0.9814453125,19.0
2015-08-11T06:32:50.000000Z,0.98193359375,0.9814453125,24.0
2015-08-11T06:33:00.000000Z,0.98193359375,0.98193359375,27.0
2015-08-11T06:33:10.000000Z,0.98193359375,0.98193359375,4.0
2015-08-11T06:33:20.000000Z,0.98193359375,0.98193359375,17.0
2015-08-11T06:33:30.000000Z,0.98193359375,0.98193359375,1.0
2015-08-11T06:33:40.000000Z,0.98193359375,0.98193359375,2.0
2015-08-11T06:33:50.000000Z,0.98193359375,0.98193359375,3.0
2015-08-11T06:34:00.000000Z,0.982421875,0.98193359375,3.0
2015-08-11T06:34:10.000000Z,0.982421875,0.98193359375,2.0
2015-08-11T06:34:20.000000Z,0.982421875,0.98193359375,13.0
2015-08-11T06:34:30.000000Z,0.982421875,0.98193359375,10.0
2015-08-11T06:34:40.000000Z,0.98193359375,0.98193359375,4.0
2015-08-11T06:34:50.000000Z,0.98193359375,0.98193359375,1.0
2015-08-11T06:35:10.000000Z,0.98193359375,0.98193359375,4.0
2015-08-11T06:35:30.000000Z,0.98193359375,0.98193359375,4.0
2015-08-11T06:35:40.000000Z,0.98193359375,0.98193359375,3.0
2015-08-11T06:35:50.000000Z,0.98193359375,0.98193359375,2.0
2015-08-11T06:36:00.000000Z,0.98193359375,0.98193359375,6.0
2015-08-11T06:36:20.000000Z,0.982421875,0.98193359375,1.0
2015-08-11T06:36:30.000000Z,0.982421875,0.98193359375,7.0
2015-08-11T06:36:40.000000Z,0.982421875,0.98193359375,3.0
2015-08-11T06:36:50.000000Z,0.982421875,0.98193359375,4.0
2015-08-11T06:37:00.000000Z,0.982421875,0.982421875,3.0
2015-08-11T06:37:10.000000Z,0.982421875,0.98193359375,4.0
2015-08-11T06:37:20.000000Z,0.982421875,0.98193359375,2.0
2015-08-11T06:37:30.000000Z,0.982421875,0.982421875,6.0
2015-08-11T06:37:40.000000Z,0.982421875,0.98193359375,3.0
2015-08-11T06:37:50.000000Z,0.982421875,0.98193359375,2.0
2015-08-11T06:38:00.000000Z,0.982421875,0.982421875,2.0
2015-08-11T06:38:20.000000Z,0.982421875,0.98193359375,1.0
2015-08-11T06:38:30.000000Z,0.982421875,0.982421875,6.0
2015-08-11T06:39:00.000000Z,0.982421875,0.982421875,5.0
2015-08-11T06:39:40.000000Z,0.982421875,0.982421875,3.0
2015-08-11T06:39:50.000000Z,0.98291015625,0.982421875,1.0
2015-08-11T06:40:00.000000Z,0.982421875,0.982421875,10.0
2015-08-11T06:40:20.000000Z,0.982421875,0.98193359375,1.0
2015-08-11T06:40:30.000000Z,0.982421875,0.98193359375,3.0
2015-08-11T06:41:00.000000Z,0.982421875,0.98193359375,2.0
2015-08-11T06:41:10.000000Z,0.982421875,0.982421875,4.0
2015-08-11T06:41:20.000000Z,0.982421875,0.982421875,3.0
2015-08-11T06:41:30.000000Z,0.982421875,0.982421875,2.0
2015-08-11T06:41:40.000000Z,0.982421875,0.982421875,7.0
2015-08-11T06:41:50.000000Z,0.982421875,0.982421875,3.0
2015-08-11T06:42:00.000000Z,0.982421875,0.982421875,4.0
2015-08-11T06:42:10.000000Z,0.982421875,0.982421875,2.0
2015-08-11T06:42:30.000000Z,0.982421875,0.98193359375,3.0
2015-08-11T06:42:40.000000Z,0.982421875,0.98193359375,3.0
2015-08-11T06:42:50.000000Z,0.982421875,0.98193359375,3.0
2015-08-11T06:43:00.000000Z,0.982421875,0.98193359375,3.0
2015-08-11T06:43:20.000000Z,0.982421875,0.98193359375,4.0
2015-08-11T06:43:30.000000Z,0.982421875,0.982421875,6.0
2015-08-11T06:43:40.000000Z,0.982421875,0.98193359375,7.0
2015-08-11T06:44:00.000000Z,0.982421875,0.98193359375,3.0
2015-08-11T06:44:10.000000Z,0.982421875,0.98193359375,5.0
2015-08-11T06:44:20.000000Z,0.982421875,0.98193359375,1.0
2015-08-11T06:44:30.000000Z,0.982421875,0.98193359375,2.0
2015-08-11T06:44:50.000000Z,0.982421875,0.98193359375,2.0
2015-08-11T06:45:00.000000Z,0.982421875,0.982421875,2.0
2015-08-11T06:45:20.000000Z,0.982421875,0.98193359375,4.0
2015-08-11T06:45:30.000000Z,0.982421875,0.982421875,2.0
2015-08-11T06:45:40.000000Z,0.982421875,0.982421875,2.0
2015-08-11T06:45:50.000000Z,0.98193359375,0.98193359375,14.0
2015-08-11T06:46:00.000000Z,0.98193359375,0.98193359375,1.0
2015-08-11T06:46:10.000000Z,0.98193359375,0.98193359375,13.0
2015-08-11T06:46:20.000000Z,0.98193359375,0.98193359375,4.0
2015-08-11T06:46:30.000000Z,0.98193359375,0.98193359375,1.0
2015-08-11T06:46:50.000000Z,0.982421875,0.98193359375,3.0
2015-08-11T06:47:10.000000Z,0.982421875,0.98193359375,3.0
2015-08-11T06:47:20.000000Z,0.982421875,0.98193359375,1.0
2015-08-11T06:47:30.000000Z,0.982421875,0.982421875,3.0
2015-08-11T06:47:40.000000Z,0.982421875,0.982421875,1.0
2015-08-11T06:47:50.000000Z,0.982421875,0.982421875,1.0
2015-08-11T06:48:00.000000Z,0.982421875,0.982421875,1.0
2015-08-11T06:48:10.000000Z,0.982421875,0.982421875,1.0
2015-08-11T06:48:20.000000Z,0.982421875,0.982421875,2.0
2015-08-11T06:48:40.000000Z,0.982421875,0.982421875,1.0
2015-08-11T06:48:50.000000Z,0.982421875,0.982421875,4.0
2015-08-11T06:49:00.000000Z,0.982421875,0.98193359375,4.0
2015-08-11T06:49:10.000000Z,0.982421875,0.982421875,1.0
2015-08-11T06:49:30.000000Z,0.982421875,0.98193359375,4.0
2015-08-11T06:49:40.000000Z,0.982421875,0.98193359375,2.0
2015-08-11T06:50:00.000000Z,0.982421875,0.982421875,2.0
2015-08-11T06:50:10.000000Z,0.982421875,0.982421875,2.0
2015-08-11T06:50:20.000000Z,0.982421875,0.982421875,3.0
2015-08-11T06:50:40.000000Z,0.98291015625,0.982421875,2.0
2015-08-11T06:50:50.000000Z,0.98291015625,0.982421875,1.0
2015-08-11T06:51:00.000000Z,0.98291015625,0.982421875,1.0
2015-08-11T06:51:20.000000Z,0.98291015625,0.982421875,1.0
2015-08-11T06:51:30.000000Z,0.98291015625,0.98291015625,8.0
2015-08-11T06:51:40.000000Z,0.98291015625,0.98291015625,5.0
2015-08-11T06:51:50.000000Z,0.98291015625,0.98291015625,1.0
2015-08-11T06:52:00.000000Z,0.98291015625,0.98291015625,2.0
2015-08-11T06:52:10.000000Z,0.98291015625,0.98291015625,1.0
2015-08-11T06:52:20.000000Z,0.98291015625,0.982421875,7.0
2015-08-11T06:52:30.000000Z,0.98291015625,0.982421875,2.0
2015-08-11T06:52:40.000000Z,0.98291015625,0.982421875,1.0
2015-08-11T06:52:50.000000Z,0.98291015625,0.98291015625,6.0
2015-08-11T06:53:00.000000Z,0.98291015625,0.98291015625,18.0
2015-08-11T06:53:10.000000Z,0.98291015625,0.98291015625,7.0
2015-08-11T06:53:20.000000Z,0.98291015625,0.982421875,18.0
2015-08-11T06:53:30.000000Z,0.982421875,0.982421875,8.0
2015-08-11T06:53:40.000000Z,0.982421875,0.982421875,5.0
2015-08-11T06:53:50.000000Z,0.98291015625,0.982421875,1.0
2015-08-11T06:54:00.000000Z,0.98291015625,0.98291015625,15.0
2015-08-11T06:54:10.000000Z,0.98291015625,0.98291015625,6.0
2015-08-11T06:54:20.000000Z,0.98291015625,0.98291015625,1.0
2015-08-11T06:54:30.000000Z,0.98291015625,0.98291015625,1.0
2015-08-11T06:54:40.000000Z,0.98291015625,0.98291015625,4.0
2015-08-11T06:54:50.000000Z,0.98291015625,0.98291015625,2.0
2015-08-11T06:55:00.000000Z,0.9833984375,0.98291015625,4.0
2015-08-11T06:55:10.000000Z,0.9833984375,0.98291015625,1.0
2015-08-11T06:55:30.000000Z,0.9833984375,0.98291015625,2.0
2015-08-11T06:55:40.000000Z,0.9833984375,0.9833984375,10.0
2015-08-11T06:55:50.000000Z,0.9833984375,0.9833984375,7.0
2015-08-11T06:56:00.000000Z,0.9833984375,0.9833984375,6.0
2015-08-11T06:56:20.000000Z,0.9833984375,0.98291015625,6.0
2015-08-11T06:56:40.000000Z,0.9833984375,0.98291015625,5.0
2015-08-11T06:57:00.000000Z,0.98291015625,0.98291015625,3.0
2015-08-11T06:57:10.000000Z,0.9833984375,0.98291015625,4.0
2015-08-11T06:57:20.000000Z,0.9833984375,0.98291015625,3.0
2015-08-11T06:57:30.000000Z,0.9833984375,0.98291015625,1.0
2015-08-11T06:57:40.000000Z,0.9833984375,0.98291015625,1.0
2015-08-11T06:58:00.000000Z,0.9833984375,0.98291015625,4.0
2015-08-11T06:58:40.000000Z,0.98291015625,0.98291015625,2.0
2015-08-11T06:59:00.000000Z,0.98291015625,0.98291015625,6.0
2015-08-11T06:59:10.000000Z,0.98291015625,0.98291015625,3.0
2015-08-11T06:59:20.000000Z,0.98291015625,0.98291015625,5.0
2015-08-11T06:59:30.000000Z,0.9833984375,0.98291015625,5.0
2015-08-11T06:59:40.000000Z,0.9833984375,0.98291015625,1.0
2015-08-11T06:59:50.000000Z,0.98291015625,0.98291015625,4.0
2015-08-11T07:00:00.000000Z,0.98291015625,0.98291015625,3.0
2015-08-11T07:00:10.000000Z,0.98291015625,0.98291015625,1.0
2015-08-11T07:00:20.000000Z,0.98291015625,0.98291015625,6.0
2015-08-11T07:00:30.000000Z,0.98291015625,0.98291015625,1.0
2015-08-11T07:00:50.000000Z,0.98291015625,0.98291015625,1.0
2015-08-11T07:01:00.000000Z,0.98291015625,0.98291015625,3.0
2015-08-11T07:01:10.000000Z,0.98291015625,0.98291015625,2.0
2015-08-11T07:01:20.000000Z,0.98291015625,0.98291015625,1.0
2015-08-11T07:01:30.000000Z,0.9833984375,0.98291015625,4.0
2015-08-11T07:01:40.000000Z,0.9833984375,0.98291015625,7.0
2015-08-11T07:01:50.000000Z,0.9833984375,0.98291015625,1.0
2015-08-11T07:02:00.000000Z,0.98291015625,0.98291015625,2.0
2015-08-11T07:02:10.000000Z,0.9833984375,0.98291015625,4.0
2015-08-11T07:02:20.000000Z,0.9833984375,0.98291015625,5.0
2015-08-11T07:02:30.000000Z,0.98291015625,0.98291015625,6.0
2015-08-11T07:02:40.000000Z,0.9833984375,0.98291015625,2.0
2015-08-11T07:02:50.000000Z,0.98291015625,0.98291015625,2.0
2015-08-11T07:03:00.000000Z,0.98291015625,0.98291015625,1.0
2015-08-11T07:03:10.000000Z,0.98291015625,0.98291015625,5.0
2015-08-11T07:03:20.000000Z,0.9833984375,0.98291015625,3.0
2015-08-11T07:03:30.000000Z,0.98291015625,0.98291015625,3.0
2015-08-11T07:03:50.000000Z,0.98291015625,0.98291015625,4.0
2015-08-11T07:04:00.000000Z,0.98291015625,0.98291015625,1.0
2015-08-11T07:04:10.000000Z,0.9833984375,0.98291015625,2.0
2015-08-11T07:04:40.000000Z,0.9833984375,0.98291015625,2.0
2015-08-11T07:05:10.000000Z,0.98291015625,0.98291015625,4.0
2015-08-11T07:05:30.000000Z,0.98291015625,0.98291015625,6.0
2015-08-11T07:05:40.000000Z,0.9833984375,0.98291015625,3.0
2015-08-11T07:05:50.000000Z,0.98291015625,0.98291015625,5.0
2015-08-11T07:06:00.000000Z,0.98291015625,0.98291015625,12.0
2015-08-11T07:06:10.000000Z,0.98291015625,0.982421875,18.0
2015-08-11T07:06:20.000000Z,0.98291015625,0.982421875,24.0
2015-08-11T07:06:30.000000Z,0.982421875,0.982421875,11.0
2015-08-11T07:06:40.000000Z,0.98291015625,0.982421875,6.0
2015-08-11T07:06:50.000000Z,0.98291015625,0.982421875,5.0
2015-08-11T07:07:00.000000Z,0.98291015625,0.982421875,1.0
2015-08-11T07:07:10.000000Z,0.98291015625,0.982421875,5.0
2015-08-11T07:07:20.000000Z,0.98291015625,0.982421875,6.0
2015-08-11T07:07:30.000000Z,0.982421875,0.982421875,4.0
2015-08-11T07:07:40.000000Z,0.982421875,0.982421875,4.0
2015-08-11T07:07:50.000000Z,0.982421875,0.982421875,4.0
2015-08-11T07:08:00.000000Z,0.982421875,0.98193359375,6.0
2015-08-11T07:08:10.000000Z,0.982421875,0.982421875,5.0
2015-08-11T07:08:40.000000Z,0.982421875,0.982421875,6.0
2015-08-11T07:08:50.000000Z,0.982421875,0.98193359375,12.0
2015-08-11T07:09:00.000000Z,0.98193359375,0.98193359375,9.0
2015-08-11T07:09:10.000000Z,0.98193359375,0.98193359375,3.0
2015-08-11T07:09:20.000000Z,0.98193359375,0.98193359375,2.0
2015-08-11T07:09:30.000000Z,0.98193359375,0.98193359375,1.0
2015-08-11T07:09:40.000000Z,0.98193359375,0.98193359375,3.0
2015-08-11T07:09:50.000000Z,0.98193359375,0.98193359375,7.0
2015-08-11T07:10:00.000000Z,0.98193359375,0.98193359375,3.0
2015-08-11T07:10:10.000000Z,0.98193359375,0.9814453125,9.0
2015-08-11T07:10:20.000000Z,0.98193359375,0.9814453125,12.0
2015-08-11T07:10:30.000000Z,0.98193359375,0.9814453125,3.0
2015-08-11T07:10:40.000000Z,0.9814453125,0.98095703125,19.0
2015-08-11T07:10:50.000000Z,0.9814453125,0.98095703125,11.0
2015-08-11T07:11:00.000000Z,0.9814453125,0.9814453125,7.0
2015-08-11T07:11:10.000000Z,0.9814453125,0.9814453125,8.0
2015-08-11T07:11:20.000000Z,0.9814453125,0.98095703125,7.0
2015-08-11T07:11:30.000000Z,0.9814453125,0.9814453125,9.0
2015-08-11T07:11:40.000000Z,0.9814453125,0.98095703125,6.0
2015-08-11T07:11:50.000000Z,0.9814453125,0.9814453125,3.0
2015-08-11T07:12:00.000000Z,0.9814453125,0.9814453125,3.0
2015-08-11T07:12:10.000000Z,0.9814453125,0.9814453125,3.0
2015-08-11T07:12:20.000000Z,0.9814453125,0.98095703125,10.0
2015-08-11T07:12:30.000000Z,0.98095703125,0.98095703125,8.0
2015-08-11T07:12:40.000000Z,0.98095703125,0.98095703125,3.0
2015-08-11T07:12:50.000000Z,0.9814453125,0.98095703125,2.0
2015-08-11T07:13:00.000000Z,0.98095703125,0.98095703125,2.0
2015-08-11T07:13:10.000000Z,0.98095703125,0.98095703125,3.0
2015-08-11T07:13:20.000000Z,0.98095703125,0.98095703125,1.0
2015-08-11T07:13:30.000000Z,0.98095703125,0.98046875,7.0
2015-08-11T07:13:40.000000Z,0.98046875,0.98046875,15.0
2015-08-11T07:13:50.000000Z,0.98095703125,0.98046875,2.0
2015-08-11T07:14:00.000000Z,0.98095703125,0.98046875,9.0
2015-08-11T07:14:10.000000Z,0.98095703125,0.98046875,8.0
2015-08-11T07:14:20.000000Z,0.98095703125,0.98046875,6.0
2015-08-11T07:14:40.000000Z,0.98095703125,0.98095703125,2.0
2015-08-11T07:14:50.000000Z,0.98095703125,0.98095703125,7.0
2015-08-11T07:15:00.000000Z,0.98095703125,0.98046875,1.0
2015-08-11T07:15:10.000000Z,0.98095703125,0.98095703125,1.0
2015-08-11T07:15:20.000000Z,0.98095703125,0.98095703125,1.0
2015-08-11T07:15:30.000000Z,0.98095703125,0.98095703125,3.0
2015-08-11T07:15:40.000000Z,0.98095703125,0.98046875,5.0
2015-08-11T07:15:50.000000Z,0.98095703125,0.98095703125,6.0
2015-08-11T07:16:10.000000Z,0.98095703125,0.98046875,7.0
2015-08-11T07:16:20.000000Z,0.98095703125,0.98095703125,12.0
2015-08-11T07:16:30.000000Z,0.98095703125,0.98046875,12.0
2015-08-11T07:16:40.000000Z,0.98095703125,0.98095703125,12.0
2015-08-11T07:16:50.000000Z,0.98095703125,0.98046875,8.0
2015-08-11T07:17:00.000000Z,0.98095703125,0.98046875,7.0
2015-08-11T07:17:10.000000Z,0.98095703125,0.98046875,5.0
2015-08-11T07:17:20.000000Z,0.98095703125,0.98095703125,5.0
2015-08-11T07:17:30.000000Z,0.98095703125,0.98095703125,2.0
2015-08-11T07:17:40.000000Z,0.98095703125,0.98095703125,10.0
2015-08-11T07:17:50.000000Z,0.9814453125,0.98095703125,7.0
2015-08-11T07:18:00.000000Z,0.9814453125,0.98095703125,2.0
2015-08-11T07:18:10.000000Z,0.9814453125,0.98095703125,1.0
2015-08-11T07:18:30.000000Z,0.9814453125,0.98095703125,1.0
2015-08-11T07:18:40.000000Z,0.9814453125,0.98095703125,7.0
2015-08-11T07:18:50.000000Z,0.9814453125,0.98095703125,1.0
2015-08-11T07:19:10.000000Z,0.98095703125,0.98095703125,6.0
2015-08-11T07:19:20.000000Z,0.98095703125,0.98095703125,2.0
2015-08-11T07:19:30.000000Z,0.98095703125,0.98046875,6.0
2015-08-11T07:19:40.000000Z,0.98095703125,0.98095703125,7.0
2015-08-11T07:19:50.000000Z,0.98095703125,0.98095703125,4.0
2015-08-11T07:20:00.000000Z,0.98095703125,0.98095703125,8.0
2015-08-11T07:20:10.000000Z,0.98095703125,0.98095703125,2.0
2015-08-11T07:20:20.000000Z,0.9814453125,0.98095703125,6.0
2015-08-11T07:20:30.000000Z,0.9814453125,0.98095703125,4.0
2015-08-11T07:20:40.000000Z,0.9814453125,0.98095703125,6.0
2015-08-11T07:20:50.000000Z,0.9814453125,0.98095703125,2.0
2015-08-11T07:21:00.000000Z,0.9814453125,0.98095703125,1.0
2015-08-11T07:21:10.000000Z,0.9814453125,0.98095703125,2.0
2015-08-11T07:21:20.000000Z,0.9814453125,0.98095703125,10.0
2015-08-11T07:21:30.000000Z,0.9814453125,0.9814453125,7.0
2015-08-11T07:21:40.000000Z,0.9814453125,0.98095703125,5.0
2015-08-11T07:21:50.000000Z,0.9814453125,0.9814453125,4.0
2015-08-11T07:22:00.000000Z,0.9814453125,0.98095703125,5.0
2015-08-11T07:22:10.000000Z,0.9814453125,0.9814453125,8.0
2015-08-11T07:22:30.000000Z,0.98193359375,0.9814453125,6.0
2015-08-11T07:22:40.000000Z,0.98193359375,0.9814453125,6.0
2015-08-11T07:22:50.000000Z,0.98193359375,0.9814453125,1.0
2015-08-11T07:23:00.000000Z,0.98193359375,0.9814453125,9.0
2015-08-11T07:23:10.000000Z,0.98193359375,0.9814453125,4.0
2015-08-11T07:23:20.000000Z,0.98193359375,0.9814453125,2.0
2015-08-11T07:23:30.000000Z,0.98193359375,0.9814453125,1.0
2015-08-11T07:23:50.000000Z,0.98193359375,0.9814453125,5.0
2015-08-11T07:24:00.000000Z,0.98193359375,0.9814453125,4.0
2015-08-11T07:24:30.000000Z,0.98193359375,0.9814453125,2.0
2015-08-11T07:24:40.000000Z,0.9814453125,0.9814453125,3.0
2015-08-11T07:24:50.000000Z,0.98193359375,0.9814453125,4.0
2015-08-11T07:25:00.000000Z,0.9814453125,0.9814453125,9.0
2015-08-11T07:25:10.000000Z,0.9814453125,0.9814453125,4.0
2015-08-11T07:25:20.000000Z,0.9814453125,0.9814453125,1.0
2015-08-11T07:25:30.000000Z,0.9814453125,0.98095703125,5.0
2015-08-11T07:25:40.000000Z,0.9814453125,0.98095703125,3.0
2015-08-11T07:25:50.000000Z,0.9814453125,0.98095703125,2.0
2015-08-11T07:26:00.000000Z,0.98095703125,0.98095703125,5.0
2015-08-11T07:26:10.000000Z,0.9814453125,0.98095703125,4.0
2015-08-11T07:26:20.000000Z,0.9814453125,0.9814453125,9.0
2015-08-11T07:26:30.000000Z,0.9814453125,0.9814453125,1.0
2015-08-11T07:26:40.000000Z,0.9814453125,0.9814453125,1.0
2015-08-11T07:26:50.000000Z,0.9814453125,0.9814453125,4.0
2015-08-11T07:27:00.000000Z,0.9814453125,0.9814453125,3.0
2015-08-11T07:27:10.000000Z,0.98193359375,0.9814453125,4.0
2015-08-11T07:27:20.000000Z,0.98193359375,0.9814453125,5.0
2015-08-11T07:27:40.000000Z,0.98193359375,0.98193359375,4.0
2015-08-11T07:27:50.000000Z,0.98193359375,0.9814453125,6.0
2015-08-11T07:28:00.000000Z,0.98193359375,0.9814453125,9.0
2015-08-11T07:28:10.000000Z,0.98193359375,0.9814453125,12.0
2015-08-11T07:28:20.000000Z,0.98193359375,0.9814453125,7.0
2015-08-11T07:28:30.000000Z,0.98193359375,0.9814453125,3.0
2015-08-11T07:28:40.000000Z,0.98193359375,0.9814453125,1.0
2015-08-11T07:28:50.000000Z,0.98193359375,0.98193359375,3.0
2015-08-11T07:29:00.000000Z,0.98193359375,0.9814453125,7.0
2015-08-11T07:29:10.000000Z,0.98193359375,0.98193359375,3.0
2015-08-11T07:29:20.000000Z,0.98193359375,0.9814453125,4.0
2015-08-11T07:29:30.000000Z,0.98193359375,0.9814453125,8.0
2015-08-11T07:29:40.000000Z,0.9814453125,0.9814453125,14.0
2015-08-11T07:30:00.000000Z,0.9814453125,0.9814453125,2.0
2015-08-11T07:30:10.000000Z,0.9814453125,0.9814453125,8.0
2015-08-11T07:30:20.000000Z,0.98193359375,0.9814453125,5.0
2015-08-11T07:30:30.000000Z,0.9814453125,0.9814453125,4.0
2015-08-11T07:30:40.000000Z,0.98193359375,0.9814453125,1.0
2015-08-11T07:30:50.000000Z,0.9814453125,0.9814453125,8.0
2015-08-11T07:31:00.000000Z,0.9814453125,0.9814453125,2.0
2015-08-11T07:31:10.000000Z,0.9814453125,0.98095703125,15.0
2015-08-11T07:31:20.000000Z,0.9814453125,0.98095703125,1.0
2015-08-11T07:31:30.000000Z,0.9814453125,0.98095703125,3.0
2015-08-11T07:31:40.000000Z,0.98095703125,0.98095703125,5.0
2015-08-11T07:31:50.000000Z,0.9814453125,0.98095703125,3.0
2015-08-11T07:32:00.000000Z,0.9814453125,0.9814453125,9.0
2015-08-11T07:32:10.000000Z,0.9814453125,0.98095703125,3.0
2015-08-11T07:32:20.000000Z,0.9814453125,0.9814453125,1.0
2015-08-11T07:32:30.000000Z,0.9814453125,0.9814453125,4.0
2015-08-11T07:32:40.000000Z,0.9814453125,0.9814453125,4.0
2015-08-11T07:32:50.000000Z,0.9814453125,0.9814453125,4.0
2015-08-11T07:33:00.000000Z,0.98193359375,0.9814453125,3.0
2015-08-11T07:33:10.000000Z,0.98193359375,0.9814453125,2.0
2015-08-11T07:33:20.000000Z,0.98193359375,0.9814453125,2.0
2015-08-11T07:33:30.000000Z,0.98193359375,0.9814453125,2.0
2015-08-11T07:33:40.000000Z,0.98193359375,0.9814453125,5.0
2015-08-11T07:33:50.000000Z,0.98193359375,0.9814453125,3.0
2015-08-11T07:34:00.000000Z,0.98193359375,0.9814453125,3.0
2015-08-11T07:34:10.000000Z,0.98193359375,0.9814453125,2.0
2015-08-11T07:34:20.000000Z,0.98193359375,0.9814453125,2.0
2015-08-11T07:34:30.000000Z,0.9814453125,0.9814453125,11.0
2015-08-11T07:34:40.000000Z,0.9814453125,0.9814453125,8.0
2015-08-11T07:35:00.000000Z,0.9814453125,0.9814453125,9.0
2015-08-11T07:35:10.000000Z,0.9814453125,0.98095703125,4.0
2015-08-11T07:35:20.000000Z,0.9814453125,0.9814453125,17.0
2015-08-11T07:35:30.000000Z,0.9814453125,0.98095703125,13.0
2015-08-11T07:35:40.000000Z,0.9814453125,0.98095703125,4.0
2015-08-11T07:35:50.000000Z,0.9814453125,0.98095703125,5.0
2015-08-11T07:36:00.000000Z,0.9814453125,0.98095703125,6.0
2015-08-11T07:36:10.000000Z,0.9814453125,0.9814453125,2.0
2015-08-11T07:36:20.000000Z,0.9814453125,0.9814453125,1.0
2015-08-11T07:36:30.000000Z,0.9814453125,0.9814453125,14.0
2015-08-11T07:36:40.000000Z,0.98193359375,0.9814453125,18.0
2015-08-11T07:36:50.000000Z,0.98193359375,0.9814453125,3.0
2015-08-11T07:37:00.000000Z,0.98193359375,0.9814453125,4.0
2015-08-11T07:37:10.000000Z,0.98193359375,0.9814453125,2.0
2015-08-11T07:37:20.000000Z,0.98193359375,0.98193359375,7.0
2015-08-11T07:37:30.000000Z,0.98193359375,0.98193359375,5.0
2015-08-11T07:37:40.000000Z,0.98193359375,0.98193359375,6.0
2015-08-11T07:37:50.000000Z,0.98193359375,0.98193359375,5.0
2015-08-11T07:38:00.000000Z,0.98193359375,0.98193359375,2.0
2015-08-11T07:38:10.000000Z,0.982421875,0.98193359375,5.0
2015-08-11T07:38:20.000000Z,0.982421875,0.98193359375,4.0
2015-08-11T07:38:30.000000Z,0.982421875,0.98193359375,5.0
2015-08-11T07:38:50.000000Z,0.982421875,0.98193359375,3.0
2015-08-11T07:39:00.000000Z,0.98193359375,0.98193359375,6.0
2015-08-11T07:39:10.000000Z,0.98193359375,0.98193359375,2.0
2015-08-11T07:39:20.000000Z,0.98193359375,0.98193359375,1.0
2015-08-11T07:39:30.000000Z,0.98193359375,0.98193359375,2.0
2015-08-11T07:40:00.000000Z,0.98193359375,0.98193359375,1.0
2015-08-11T07:40:10.000000Z,0.98193359375,0.98193359375,1.0
2015-08-11T07:40:30.000000Z,0.98193359375,0.9814453125,8.0
2015-08-11T07:40:40.000000Z,0.98193359375,0.9814453125,8.0
2015-08-11T07:40:50.000000Z,0.9814453125,0.9814453125,1.0
2015-08-11T07:41:00.000000Z,0.98193359375,0.98193359375,12.0
2015-08-11T07:41:10.000000Z,0.98193359375,0.9814453125,4.0
2015-08-11T07:41:20.000000Z,0.98193359375,0.9814453125,2.0
2015-08-11T07:41:30.000000Z,0.98193359375,0.9814453125,4.0
2015-08-11T07:41:40.000000Z,0.98193359375,0.98193359375,7.0
2015-08-11T07:42:00.000000Z,0.982421875,0.98193359375,3.0
2015-08-11T07:42:40.000000Z,0.982421875,0.98193359375,3.0
2015-08-11T07:42:50.000000Z,0.98193359375,0.98193359375,5.0
2015-08-11T07:43:00.000000Z,0.98193359375,0.98193359375,2.0
2015-08-11T07:43:10.000000Z,0.982421875,0.98193359375,9.0
2015-08-11T07:43:20.000000Z,0.982421875,0.98193359375,3.0
2015-08-11T07:43:40.000000Z,0.982421875,0.98193359375,5.0
2015-08-11T07:43:50.000000Z,0.982421875,0.98193359375,4.0
2015-08-11T07:44:00.000000Z,0.98193359375,0.98193359375,7.0
2015-08-11T07:44:10.000000Z,0.982421875,0.98193359375,9.0
2015-08-11T07:44:20.000000Z,0.982421875,0.982421875,5.0
2015-08-11T07:44:30.000000Z,0.982421875,0.98193359375,6.0
2015-08-11T07:44:40.000000Z,0.98193359375,0.98193359375,4.0
2015-08-11T07:44:50.000000Z,0.982421875,0.98193359375,8.0
2015-08-11T07:45:00.000000Z,0.982421875,0.98193359375,6.0
2015-08-11T07:45:10.000000Z,0.982421875,0.98193359375,1.0
2015-08-11T07:45:20.000000Z,0.98193359375,0.98193359375,5.0
2015-08-11T07:45:30.000000Z,0.982421875,0.98193359375,18.0
2015-08-11T07:45:40.000000Z,0.982421875,0.98193359375,5.0
2015-08-11T07:45:50.000000Z,0.982421875,0.98193359375,2.0
2015-08-11T07:46:00.000000Z,0.982421875,0.98193359375,4.0
2015-08-11T07:46:10.000000Z,0.982421875,0.982421875,6.0
2015-08-11T07:46:20.000000Z,0.98291015625,0.982421875,7.0
2015-08-11T07:46:30.000000Z,0.982421875,0.982421875,5.0
2015-08-11T07:46:40.000000Z,0.982421875,0.982421875,1.0
2015-08-11T07:47:00.000000Z,0.982421875,0.98193359375,6.0
2015-08-11T07:47:10.000000Z,0.98193359375,0.98193359375,4.0
2015-08-11T07:47:20.000000Z,0.982421875,0.98193359375,8.0
2015-08-11T07:47:30.000000Z,0.98193359375,0.9814453125,12.0
2015-08-11T07:47:40.000000Z,0.98193359375,0.9814453125,8.0
2015-08-11T07:47:50.000000Z,0.98193359375,0.9814453125,4.0
2015-08-11T07:48:00.000000Z,0.98193359375,0.9814453125,17.0
2015-08-11T07:48:10.000000Z,0.9814453125,0.9814453125,13.0
2015-08-11T07:48:20.000000Z,0.9814453125,0.98095703125,9.0
2015-08-11T07:48:30.000000Z,0.9814453125,0.98095703125,3.0
2015-08-11T07:48:40.000000Z,0.98193359375,0.9814453125,9.0
2015-08-11T07:48:50.000000Z,0.98193359375,0.9814453125,18.0
2015-08-11T07:49:00.000000Z,0.98193359375,0.9814453125,5.0
2015-08-11T07:49:10.000000Z,0.98193359375,0.9814453125,1.0
2015-08-11T07:49:20.000000Z,0.98193359375,0.98193359375,4.0
2015-08-11T07:49:30.000000Z,0.98193359375,0.9814453125,2.0
2015-08-11T07:49:40.000000Z,0.98193359375,0.9814453125,2.0
2015-08-11T07:49:50.000000Z,0.98193359375,0.9814453125,5.0
2015-08-11T07:50:00.000000Z,0.98193359375,0.9814453125,5.0
2015-08-11T07:50:10.000000Z,0.98193359375,0.9814453125,2.0
2015-08-11T07:50:20.000000Z,0.98193359375,0.9814453125,2.0
2015-08-11T07:50:30.000000Z,0.98193359375,0.9814453125,3.0
2015-08-11T07:50:40.000000Z,0.98193359375,0.9814453125,4.0
2015-08-11T07:50:50.000000Z,0.98193359375,0.98193359375,5.0
2015-08-11T07:51:00.000000Z,0.98193359375,0.9814453125,4.0
2015-08-11T07:51:10.000000Z,0.98193359375,0.9814453125,5.0
2015-08-11T07:51:20.000000Z,0.98193359375,0.9814453125,3.0
2015-08-11T07:51:30.000000Z,0.98193359375,0.9814453125,5.0
2015-08-11T07:51:40.000000Z,0.98193359375,0.9814453125,5.0
2015-08-11T07:51:50.000000Z,0.98193359375,0.9814453125,1.0
2015-08-11T07:52:10.000000Z,0.98193359375,0.9814453125,7.0
2015-08-11T07:52:20.000000Z,0.9814453125,0.9814453125,6.0
2015-08-11T07:52:30.000000Z,0.9814453125,0.9814453125,3.0
2015-08-11T07:52:40.000000Z,0.98095703125,0.98095703125,12.0
2015-08-11T07:52:50.000000Z,0.98095703125,0.98046875,18.0
2015-08-11T07:53:00.000000Z,0.98095703125,0.98046875,3.0
2015-08-11T07:53:10.000000Z,0.98095703125,0.98046875,2.0
2015-08-11T07:53:20.000000Z,0.98095703125,0.98046875,2.0
2015-08-11T07:53:30.000000Z,0.98095703125,0.98095703125,2.0
2015-08-11T07:53:40.000000Z,0.98095703125,0.98095703125,2.0
2015-08-11T07:53:50.000000Z,0.98095703125,0.98095703125,2.0
2015-08-11T07:54:00.000000Z,0.9814453125,0.98095703125,3.0
2015-08-11T07:54:10.000000Z,0.9814453125,0.98095703125,6.0
2015-08-11T07:54:20.000000Z,0.98095703125,0.98095703125,6.0
2015-08-11T07:54:50.000000Z,0.9814453125,0.98095703125,1.0
2015-08-11T07:55:00.000000Z,0.98095703125,0.98095703125,2.0
2015-08-11T07:55:10.000000Z,0.9814453125,0.98095703125,3.0
2015-08-11T07:55:20.000000Z,0.98095703125,0.98095703125,3.0
2015-08-11T07:55:30.000000Z,0.98095703125,0.98095703125,2.0
2015-08-11T07:55:40.000000Z,0.9814453125,0.98095703125,2.0
2015-08-11T07:55:50.000000Z,0.9814453125,0.98095703125,6.0
2015-08-11T07:56:00.000000Z,0.98095703125,0.98095703125,5.0
2015-08-11T07:56:10.000000Z,0.9814453125,0.98095703125,4.0
2015-08-11T07:56:20.000000Z,0.98095703125,0.98095703125,6.0
2015-08-11T07:56:30.000000Z,0.98095703125,0.98095703125,7.0
2015-08-11T07:56:40.000000Z,0.98095703125,0.98095703125,11.0
2015-08-11T07:56:50.000000Z,0.98095703125,0.98095703125,4.0
2015-08-11T07:57:00.000000Z,0.9814453125,0.98095703125,2.0
2015-08-11T07:57:10.000000Z,0.9814453125,0.98095703125,2.0
2015-08-11T07:57:20.000000Z,0.9814453125,0.98095703125,1.0
2015-08-11T07:57:30.000000Z,0.9814453125,0.98095703125,2.0
2015-08-11T07:57:40.000000Z,0.9814453125,0.98095703125,1.0
2015-08-11T07:57:50.000000Z,0.9814453125,0.98095703125,4.0
2015-08-11T07:58:00.000000Z,0.9814453125,0.98095703125,1.0
2015-08-11T07:58:10.000000Z,0.9814453125,0.98095703125,4.0
2015-08-11T07:58:20.000000Z,0.98095703125,0.98095703125,1.0
2015-08-11T07:58:30.000000Z,0.98095703125,0.98095703125,5.0
2015-08-11T07:58:40.000000Z,0.9814453125,0.98095703125,5.0
2015-08-11T07:58:50.000000Z,0.9814453125,0.98095703125,4.0
2015-08-11T07:59:00.000000Z,0.9814453125,0.98095703125,6.0
2015-08-11T07:59:10.000000Z,0.9814453125,0.98095703125,4.0
2015-08-11T07:59:20.000000Z,0.9814453125,0.98095703125,3.0
2015-08-11T07:59:30.000000Z,0.9814453125,0.98095703125,5.0
2015-08-11T07:59:50.000000Z,0.9814453125,0.9814453125,7.0
2015-08-11T08:00:00.000000Z,0.9814453125,0.9814453125,7.0
2015-08-11T08:00:10.000000Z,0.98193359375,0.9814453125,4.0
2015-08-11T08:00:20.000000Z,0.98193359375,0.9814453125,6.0
2015-08-11T08:00:40.000000Z,0.9814453125,0.9814453125,7.0
2015-08-11T08:00:50.000000Z,0.98193359375,0.9814453125,2.0
2015-08-11T08:01:00.000000Z,0.98193359375,0.9814453125,2.0
2015-08-11T08:01:20.000000Z,0.98193359375,0.9814453125,2.0
2015-08-11T08:01:30.000000Z,0.98193359375,0.9814453125,1.0
2015-08-11T08:02:00.000000Z,0.98193359375,0.9814453125,1.0
2015-08-11T08:02:10.000000Z,0.98193359375,0.98193359375,5.0
2015-08-11T08:02:20.000000Z,0.98193359375,0.98193359375,3.0
2015-08-11T08:02:40.000000Z,0.98193359375,0.98193359375,4.0
2015-08-11T08:02:50.000000Z,0.98193359375,0.98193359375,1.0
2015-08-11T08:03:10.000000Z,0.98193359375,0.98193359375,5.0
2015-08-11T08:03:20.000000Z,0.98193359375,0.98193359375,1.0
2015-08-11T08:03:30.000000Z,0.98193359375,0.98193359375,2.0
2015-08-11T08:03:40.000000Z,0.982421875,0.98193359375,3.0
2015-08-11T08:03:50.000000Z,0.982421875,0.98193359375,5.0
2015-08-11T08:04:00.000000Z,0.982421875,0.98193359375,5.0
2015-08-11T08:04:10.000000Z,0.982421875,0.98193359375,2.0
2015-08-11T08:04:20.000000Z,0.982421875,0.98193359375,1.0
2015-08-11T08:04:30.000000Z,0.982421875,0.982421875,12.0
2015-08-11T08:04:40.000000Z,0.982421875,0.982421875,4.0
2015-08-11T08:04:50.000000Z,0.982421875,0.982421875,3.0
2015-08-11T08:05:00.000000Z,0.982421875,0.982421875,5.0
2015-08-11T08:05:10.000000Z,0.982421875,0.982421875,5.0
2015-08-11T08:05:20.000000Z,0.98291015625,0.982421875,6.0
2015-08-11T08:05:30.000000Z,0.98291015625,0.982421875,6.0
2015-08-11T08:05:40.000000Z,0.98291015625,0.982421875,3.0
2015-08-11T08:05:50.000000Z,0.98291015625,0.982421875,2.0
2015-08-11T08:06:20.000000Z,0.98291015625,0.982421875,2.0
2015-08-11T08:06:30.000000Z,0.98291015625,0.98291015625,4.0
2015-08-11T08:06:40.000000Z,0.98291015625,0.98291015625,1.0
2015-08-11T08:06:50.000000Z,0.98291015625,0.98291015625,7.0
2015-08-11T08:07:30.000000Z,0.98291015625,0.982421875,2.0
2015-08-11T08:07:40.000000Z,0.98291015625,0.98291015625,1.0
2015-08-11T08:07:50.000000Z,0.98291015625,0.98291015625,1.0
2015-08-11T08:08:00.000000Z,0.98291015625,0.98291015625,1.0
2015-08-11T08:08:20.000000Z,0.98291015625,0.982421875,2.0
2015-08-11T08:08:30.000000Z,0.98291015625,0.982421875,2.0
2015-08-11T08:08:50.000000Z,0.98291015625,0.982421875,6.0
2015-08-11T08:09:00.000000Z,0.98291015625,0.982421875,1.0
2015-08-11T08:09:10.000000Z,0.982421875,0.982421875,5.0
2015-08-11T08:09:30.000000Z,0.982421875,0.982421875,1.0
2015-08-11T08:10:20.000000Z,0.982421875,0.982421875,6.0
2015-08-11T08:10:30.000000Z,0.982421875,0.982421875,3.0
2015-08-11T08:10:40.000000Z,0.98291015625,0.982421875,4.0
2015-08-11T08:11:00.000000Z,0.982421875,0.982421875,4.0
2015-08-11T08:11:20.000000Z,0.982421875,0.982421875,1.0
2015-08-11T08:11:30.000000Z,0.982421875,0.982421875,4.0
2015-08-11T08:11:40.000000Z,0.982421875,0.982421875,3.0
2015-08-11T08:11:50.000000Z,0.982421875,0.982421875,5.0
2015-08-11T08:12:00.000000Z,0.982421875,0.98193359375,5.0
2015-08-11T08:12:20.000000Z,0.982421875,0.98193359375,5.0
2015-08-11T08:12:30.000000Z,0.982421875,0.98193359375,5.0
2015-08-11T08:12:40.000000Z,0.982421875,0.98193359375,1.0
2015-08-11T08:12:50.000000Z,0.98193359375,0.9814453125,11.0
2015-08-11T08:13:00.000000Z,0.98193359375,0.98193359375,17.0
2015-08-11T08:13:10.000000Z,0.98193359375,0.98193359375,4.0
2015-08-11T08:13:20.000000Z,0.98193359375,0.9814453125,17.0
2015-08-11T08:13:30.000000Z,0.98193359375,0.9814453125,5.0
2015-08-11T08:13:40.000000Z,0.98193359375,0.9814453125,2.0
2015-08-11T08:13:50.000000Z,0.98193359375,0.9814453125,5.0
2015-08-11T08:14:00.000000Z,0.98193359375,0.9814453125,10.0
2015-08-11T08:14:10.000000Z,0.98193359375,0.9814453125,3.0
2015-08-11T08:14:20.000000Z,0.98193359375,0.9814453125,10.0
2015-08-11T08:14:30.000000Z,0.9814453125,0.9814453125,4.0
2015-08-11T08:14:40.000000Z,0.98193359375,0.9814453125,2.0
2015-08-11T08:15:00.000000Z,0.98193359375,0.9814453125,7.0
2015-08-11T08:15:10.000000Z,0.98193359375,0.9814453125,3.0
2015-08-11T08:15:20.000000Z,0.98193359375,0.98193359375,3.0
2015-08-11T08:15:40.000000Z,0.98193359375,0.98193359375,5.0
2015-08-11T08:15:50.000000Z,0.98193359375,0.98193359375,2.0
2015-08-11T08:16:00.000000Z,0.98193359375,0.98193359375,5.0
2015-08-11T08:16:10.000000Z,0.98193359375,0.98193359375,1.0
2015-08-11T08:16:20.000000Z,0.98193359375,0.98193359375,6.0
2015-08-11T08:16:30.000000Z,0.98193359375,0.98193359375,1.0
2015-08-11T08:16:40.000000Z,0.98193359375,0.98193359375,4.0
2015-08-11T08:16:50.000000Z,0.98193359375,0.98193359375,2.0
2015-08-11T08:17:00.000000Z,0.98193359375,0.98193359375,3.0
2015-08-11T08:17:10.000000Z,0.98193359375,0.98193359375,4.0
2015-08-11T08:17:20.000000Z,0.98193359375,0.98193359375,8.0
2015-08-11T08:17:30.000000Z,0.98193359375,0.9814453125,4.0
2015-08-11T08:17:40.000000Z,0.98193359375,0.98193359375,2.0
2015-08-11T08:17:50.000000Z,0.98193359375,0.98193359375,3.0
2015-08-11T08:18:00.000000Z,0.98193359375,0.98193359375,1.0
2015-08-11T08:18:10.000000Z,0.98193359375,0.98193359375,3.0
2015-08-11T08:18:20.000000Z,0.98193359375,0.98193359375,8.0
2015-08-11T08:18:30.000000Z,0.98193359375,0.98193359375,1.0
2015-08-11T08:18:50.000000Z,0.98193359375,0.98193359375,1.0
2015-08-11T08:19:00.000000Z,0.98193359375,0.98193359375,2.0
2015-08-11T08:19:10.000000Z,0.98193359375,0.98193359375,3.0
2015-08-11T08:19:20.000000Z,0.98193359375,0.98193359375,1.0
2015-08-11T08:19:30.000000Z,0.98193359375,0.98193359375,6.0
2015-08-11T08:19:40.000000Z,0.98193359375,0.9814453125,3.0
2015-08-11T08:19:50.000000Z,0.98193359375,0.9814453125,2.0
2015-08-11T08:20:00.000000Z,0.98193359375,0.98193359375,2.0
2015-08-11T08:20:10.000000Z,0.98193359375,0.9814453125,3.0
2015-08-11T08:20:20.000000Z,0.98193359375,0.9814453125,12.0
2015-08-11T08:20:40.000000Z,0.98193359375,0.9814453125,5.0
2015-08-11T08:20:50.000000Z,0.98193359375,0.98193359375,2.0
2015-08-11T08:21:00.000000Z,0.98193359375,0.9814453125,6.0
2015-08-11T08:21:10.000000Z,0.98193359375,0.9814453125,1.0
2015-08-11T08:21:20.000000Z,0.98193359375,0.9814453125,1.0
2015-08-11T08:21:30.000000Z,0.98193359375,0.98193359375,4.0
2015-08-11T08:22:10.000000Z,0.98193359375,0.98193359375,3.0
2015-08-11T08:22:20.000000Z,0.98193359375,0.98193359375,2.0
2015-08-11T08:22:30.000000Z,0.98193359375,0.98193359375,4.0
2015-08-11T08:22:40.000000Z,0.98193359375,0.9814453125,6.0
2015-08-11T08:22:50.000000Z,0.98193359375,0.9814453125,1.0
2015-08-11T08:23:00.000000Z,0.9814453125,0.9814453125,3.0
2015-08-11T08:23:10.000000Z,0.9814453125,0.9814453125,3.0
2015-08-11T08:23:20.000000Z,0.9814453125,0.9814453125,5.0
2015-08-11T08:23:50.000000Z,0.98193359375,0.9814453125,2.0
2015-08-11T08:24:20.000000Z,0.9814453125,0.9814453125,1.0
2015-08-11T08:24:30.000000Z,0.9814453125,0.9814453125,6.0
2015-08-11T08:24:40.000000Z,0.9814453125,0.9814453125,6.0
2015-08-11T08:24:50.000000Z,0.9814453125,0.9814453125,2.0
2015-08-11T08:25:00.000000Z,0.9814453125,0.9814453125,1.0
2015-08-11T08:25:10.000000Z,0.9814453125,0.9814453125,3.0
2015-08-11T08:25:20.000000Z,0.9814453125,0.9814453125,5.0
2015-08-11T08:25:40.000000Z,0.9814453125,0.9814453125,4.0
2015-08-11T08:25:50.000000Z,0.98193359375,0.9814453125,7.0
2015-08-11T08:26:20.000000Z,0.98193359375,0.9814453125,1.0
2015-08-11T08:26:40.000000Z,0.98193359375,0.9814453125,1.0
2015-08-11T08:26:50.000000Z,0.9814453125,0.9814453125,14.0
2015-08-11T08:27:00.000000Z,0.9814453125,0.9814453125,4.0
2015-08-11T08:27:10.000000Z,0.9814453125,0.9814453125,1.0
2015-08-11T08:27:20.000000Z,0.9814453125,0.9814453125,5.0
2015-08-11T08:27:30.000000Z,0.9814453125,0.9814453125,5.0
2015-08-11T08:27:40.000000Z,0.9814453125,0.9814453125,1.0
2015-08-11T08:27:50.000000Z,0.9814453125,0.9814453125,3.0
2015-08-11T08:28:10.000000Z,0.9814453125,0.9814453125,1.0
2015-08-11T08:28:20.000000Z,0.9814453125,0.9814453125,1.0
2015-08-11T08:28:30.000000Z,0.9814453125,0.9814453125,1.0
2015-08-11T08:28:40.000000Z,0.9814453125,0.9814453125,7.0
2015-08-11T08:28:50.000000Z,0.9814453125,0.9814453125,1.0
2015-08-11T08:29:00.000000Z,0.9814453125,0.9814453125,5.0
2015-08-11T08:29:10.000000Z,0.9814453125,0.9814453125,3.0
2015-08-11T08:29:20.000000Z,0.9814453125,0.9814453125,3.0
2015-08-11T08:29:30.000000Z,0.9814453125,0.9814453125,5.0
2015-08-11T08:29:40.000000Z,0.9814453125,0.9814453125,5.0
2015-08-11T08:30:00.000000Z,0.9814453125,0.9814453125,4.0
2015-08-11T08:30:10.000000Z,0.9814453125,0.9814453125,1.0
2015-08-11T08:30:30.000000Z,0.9814453125,0.9814453125,3.0
2015-08-11T08:31:40.000000Z,0.9814453125,0.9814453125,1.0
2015-08-11T08:31:50.000000Z,0.9814453125,0.9814453125,1.0
2015-08-11T08:32:00.000000Z,0.9814453125,0.9814453125,1.0
2015-08-11T08:32:10.000000Z,0.9814453125,0.9814453125,1.0
2015-08-11T08:32:40.000000Z,0.9814453125,0.9814453125,2.0
2015-08-11T08:33:00.000000Z,0.9814453125,0.9814453125,4.0
2015-08-11T08:33:40.000000Z,0.9814453125,0.9814453125,1.0
2015-08-11T08:33:50.000000Z,0.9814453125,0.9814453125,1.0
2015-08-11T08:34:10.000000Z,0.9814453125,0.9814453125,3.0
2015-08-11T08:34:30.000000Z,0.9814453125,0.9814453125,2.0
2015-08-11T08:35:00.000000Z,0.9814453125,0.9814453125,4.0
2015-08-11T08:35:10.000000Z,0.9814453125,0.9814453125,1.0
2015-08-11T08:35:20.000000Z,0.9814453125,0.9814453125,1.0
2015-08-11T08:35:40.000000Z,0.9814453125,0.9814453125,1.0
2015-08-11T08:36:10.000000Z,0.9814453125,0.9814453125,1.0
2015-08-11T08:36:20.000000Z,0.9814453125,0.9814453125,1.0
2015-08-11T08:36:40.000000Z,0.9814453125,0.9814453125,4.0
2015-08-11T08:36:50.000000Z,0.9814453125,0.9814453125,3.0
2015-08-11T08:37:00.000000Z,0.9814453125,0.9814453125,16.0
2015-08-11T08:37:10.000000Z,0.98193359375,0.98193359375,8.0
2015-08-11T08:37:20.000000Z,0.98193359375,0.98193359375,1.0
2015-08-11T08:37:30.000000Z,0.98193359375,0.98193359375,1.0
2015-08-11T08:37:40.000000Z,0.98193359375,0.98193359375,2.0
2015-08-11T08:37:50.000000Z,0.98193359375,0.98193359375,2.0
2015-08-11T08:38:10.000000Z,0.98193359375,0.98193359375,4.0
2015-08-11T08:38:20.000000Z,0.98193359375,0.98193359375,3.0
2015-08-11T08:38:30.000000Z,0.98193359375,0.98193359375,3.0
2015-08-11T08:38:40.000000Z,0.98193359375,0.98193359375,1.0
2015-08-11T08:38:50.000000Z,0.98193359375,0.98193359375,1.0
2015-08-11T08:39:20.000000Z,0.98193359375,0.9814453125,4.0
2015-08-11T08:39:30.000000Z,0.98193359375,0.98193359375,2.0
2015-08-11T08:39:40.000000Z,0.98193359375,0.9814453125,1.0
2015-08-11T08:40:00.000000Z,0.98193359375,0.98193359375,2.0
2015-08-11T08:40:10.000000Z,0.98193359375,0.9814453125,1.0
2015-08-11T08:40:20.000000Z,0.98193359375,0.9814453125,4.0
2015-08-11T08:40:30.000000Z,0.98193359375,0.9814453125,3.0
2015-08-11T08:40:50.000000Z,0.98193359375,0.9814453125,2.0
2015-08-11T08:41:00.000000Z,0.98193359375,0.9814453125,2.0
2015-08-11T08:41:30.000000Z,0.98193359375,0.9814453125,4.0
2015-08-11T08:41:50.000000Z,0.98193359375,0.9814453125,3.0
2015-08-11T08:42:10.000000Z,0.98193359375,0.9814453125,5.0
2015-08-11T08:42:30.000000Z,0.98193359375,0.98193359375,4.0
2015-08-11T08:42:50.000000Z,0.98193359375,0.98193359375,6.0
2015-08-11T08:43:30.000000Z,0.982421875,0.98193359375,3.0
2015-08-11T08:43:40.000000Z,0.982421875,0.982421875,4.0
2015-08-11T08:43:50.000000Z,0.98291015625,0.982421875,3.0
2015-08-11T08:44:10.000000Z,0.982421875,0.982421875,3.0
2015-08-11T08:44:20.000000Z,0.98291015625,0.982421875,2.0
2015-08-11T08:44:30.000000Z,0.98291015625,0.982421875,2.0
2015-08-11T08:44:40.000000Z,0.98291015625,0.982421875,4.0
2015-08-11T08:44:50.000000Z,0.98291015625,0.982421875,6.0
2015-08-11T08:45:00.000000Z,0.98291015625,0.982421875,3.0
2015-08-11T08:45:10.000000Z,0.98291015625,0.982421875,4.0
2015-08-11T08:45:20.000000Z,0.98291015625,0.982421875,1.0
2015-08-11T08:45:30.000000Z,0.98291015625,0.982421875,2.0
2015-08-11T08:45:40.000000Z,0.98291015625,0.982421875,3.0
2015-08-11T08:45:50.000000Z,0.98291015625,0.982421875,2.0
2015-08-11T08:46:00.000000Z,0.982421875,0.982421875,4.0
2015-08-11T08:46:10.000000Z,0.982421875,0.982421875,1.0
2015-08-11T08:46:30.000000Z,0.982421875,0.982421875,1.0
2015-08-11T08:46:40.000000Z,0.982421875,0.982421875,4.0
2015-08-11T08:46:50.000000Z,0.98291015625,0.982421875,3.0
2015-08-11T08:47:10.000000Z,0.982421875,0.982421875,4.0
2015-08-11T08:47:30.000000Z,0.982421875,0.982421875,4.0
2015-08-11T08:47:50.000000Z,0.982421875,0.982421875,5.0
2015-08-11T08:48:00.000000Z,0.98291015625,0.982421875,2.0
2015-08-11T08:48:10.000000Z,0.98291015625,0.982421875,8.0
2015-08-11T08:48:20.000000Z,0.98291015625,0.982421875,3.0
2015-08-11T08:48:30.000000Z,0.98291015625,0.982421875,1.0
2015-08-11T08:49:00.000000Z,0.98291015625,0.982421875,7.0
2015-08-11T08:49:20.000000Z,0.98291015625,0.98291015625,3.0
2015-08-11T08:49:30.000000Z,0.98291015625,0.98291015625,2.0
2015-08-11T08:49:50.000000Z,0.98291015625,0.98291015625,1.0
2015-08-11T08:50:00.000000Z,0.98291015625,0.98291015625,6.0
2015-08-11T08:50:10.000000Z,0.98291015625,0.98291015625,1.0
2015-08-11T08:50:20.000000Z,0.98291015625,0.98291015625,3.0
2015-08-11T08:50:30.000000Z,0.98291015625,0.98291015625,8.0
2015-08-11T08:50:40.000000Z,0.9833984375,0.98291015625,5.0
2015-08-11T08:50:50.000000Z,0.9833984375,0.98291015625,4.0
2015-08-11T08:51:00.000000Z,0.9833984375,0.98291015625,3.0
2015-08-11T08:51:10.000000Z,0.9833984375,0.98291015625,2.0
2015-08-11T08:51:20.000000Z,0.9833984375,0.98291015625,4.0
2015-08-11T08:51:30.000000Z,0.98291015625,0.98291015625,5.0
2015-08-11T08:51:40.000000Z,0.98291015625,0.98291015625,1.0
2015-08-11T08:51:50.000000Z,0.98291015625,0.98291015625,3.0
2015-08-11T08:52:20.000000Z,0.98291015625,0.98291015625,5.0
2015-08-11T08:52:30.000000Z,0.98291015625,0.98291015625,5.0
2015-08-11T08:52:40.000000Z,0.98291015625,0.98291015625,1.0
2015-08-11T08:52:50.000000Z,0.9833984375,0.98291015625,3.0
2015-08-11T08:53:00.000000Z,0.98291015625,0.98291015625,2.0
2015-08-11T08:53:10.000000Z,0.98291015625,0.98291015625,2.0
2015-08-11T08:53:20.000000Z,0.98291015625,0.98291015625,6.0
2015-08-11T08:53:40.000000Z,0.98291015625,0.98291015625,3.0
2015-08-11T08:53:50.000000Z,0.98291015625,0.982421875,4.0
2015-08-11T08:54:00.000000Z,0.982421875,0.982421875,1.0
2015-08-11T08:54:10.000000Z,0.982421875,0.982421875,2.0
2015-08-11T08:54:20.000000Z,0.982421875,0.982421875,3.0
2015-08-11T08:54:30.000000Z,0.98291015625,0.982421875,9.0
2015-08-11T08:54:50.000000Z,0.98291015625,0.982421875,6.0
2015-08-11T08:55:00.000000Z,0.98291015625,0.982421875,1.0
2015-08-11T08:55:20.000000Z,0.98291015625,0.982421875,3.0
2015-08-11T08:55:30.000000Z,0.98291015625,0.982421875,2.0
2015-08-11T08:55:40.000000Z,0.98291015625,0.982421875,1.0
2015-08-11T08:56:00.000000Z,0.98291015625,0.982421875,1.0
2015-08-11T08:56:10.000000Z,0.98291015625,0.982421875,1.0
2015-08-11T08:57:10.000000Z,0.982421875,0.982421875,2.0
2015-08-11T08:57:40.000000Z,0.982421875,0.982421875,2.0
2015-08-11T08:58:10.000000Z,0.982421875,0.982421875,1.0
2015-08-11T08:58:30.000000Z,0.982421875,0.982421875,2.0
2015-08-11T08:59:10.000000Z,0.982421875,0.982421875,1.0
2015-08-11T08:59:20.000000Z,0.982421875,0.982421875,1.0
2015-08-11T08:59:30.000000Z,0.982421875,0.982421875,3.0
2015-08-11T08:59:40.000000Z,0.982421875,0.982421875,2.0
2015-08-11T08:59:50.000000Z,0.98291015625,0.982421875,11.0
2015-08-11T09:00:00.000000Z,0.98291015625,0.982421875,13.0
2015-08-11T09:00:10.000000Z,0.98291015625,0.982421875,2.0
2015-08-11T09:00:20.000000Z,0.98291015625,0.982421875,2.0
2015-08-11T09:00:30.000000Z,0.982421875,0.982421875,8.0
2015-08-11T09:00:40.000000Z,0.982421875,0.982421875,4.0
2015-08-11T09:00:50.000000Z,0.98291015625,0.982421875,3.0
2015-08-11T09:01:00.000000Z,0.98291015625,0.982421875,2.0
2015-08-11T09:01:10.000000Z,0.98291015625,0.98291015625,4.0
2015-08-11T09:01:20.000000Z,0.98291015625,0.98291015625,2.0
2015-08-11T09:01:30.000000Z,0.9833984375,0.98291015625,3.0
2015-08-11T09:01:40.000000Z,0.9833984375,0.98291015625,1.0
2015-08-11T09:01:50.000000Z,0.9833984375,0.98291015625,2.0
2015-08-11T09:02:00.000000Z,0.9833984375,0.98291015625,3.0
2015-08-11T09:02:10.000000Z,0.9833984375,0.9833984375,4.0
2015-08-11T09:02:20.000000Z,0.9833984375,0.98291015625,2.0
2015-08-11T09:02:30.000000Z,0.9833984375,0.98291015625,1.0
2015-08-11T09:03:00.000000Z,0.9833984375,0.98291015625,5.0
2015-08-11T09:03:10.000000Z,0.9833984375,0.98291015625,1.0
2015-08-11T09:03:20.000000Z,0.9833984375,0.98291015625,1.0
2015-08-11T09:03:30.000000Z,0.9833984375,0.98291015625,1.0
2015-08-11T09:03:40.000000Z,0.9833984375,0.98291015625,1.0
2015-08-11T09:03:50.000000Z,0.9833984375,0.98291015625,4.0
2015-08-11T09:04:00.000000Z,0.9833984375,0.9833984375,1.0
2015-08-11T09:04:10.000000Z,0.9833984375,0.98291015625,2.0
2015-08-11T09:04:20.000000Z,0.9833984375,0.9833984375,5.0
2015-08-11T09:04:30.000000Z,0.9833984375,0.9833984375,4.0
2015-08-11T09:04:40.000000Z,0.9833984375,0.9833984375,6.0
2015-08-11T09:05:00.000000Z,0.9833984375,0.9833984375,1.0
2015-08-11T09:05:10.000000Z,0.9833984375,0.9833984375,1.0
2015-08-11T09:05:20.000000Z,0.9833984375,0.9833984375,4.0
2015-08-11T09:05:50.000000Z,0.9833984375,0.9833984375,1.0
2015-08-11T09:06:00.000000Z,0.9833984375,0.9833984375,1.0
2015-08-11T09:06:20.000000Z,0.9833984375,0.9833984375,1.0
2015-08-11T09:06:30.000000Z,0.9833984375,0.9833984375,1.0
2015-08-11T09:06:40.000000Z,0.9833984375,0.9833984375,1.0
2015-08-11T09:06:50.000000Z,0.98388671875,0.9833984375,2.0
2015-08-11T09:07:30.000000Z,0.98388671875,0.9833984375,1.0
2015-08-11T09:07:40.000000Z,0.98388671875,0.9833984375,1.0
2015-08-11T09:08:10.000000Z,0.98388671875,0.9833984375,3.0
2015-08-11T09:08:20.000000Z,0.98388671875,0.9833984375,6.0
2015-08-11T09:08:30.000000Z,0.98388671875,0.9833984375,1.0
2015-08-11T09:08:40.000000Z,0.98388671875,0.9833984375,4.0
2015-08-11T09:08:50.000000Z,0.98388671875,0.9833984375,2.0
2015-08-11T09:09:00.000000Z,0.98388671875,0.9833984375,2.0
2015-08-11T09:09:20.000000Z,0.98388671875,0.9833984375,3.0
2015-08-11T09:09:30.000000Z,0.98388671875,0.9833984375,1.0
2015-08-11T09:09:40.000000Z,0.98388671875,0.9833984375,1.0
2015-08-11T09:09:50.000000Z,0.98388671875,0.9833984375,1.0
2015-08-11T09:10:00.000000Z,0.98388671875,0.9833984375,3.0
2015-08-11T09:10:10.000000Z,0.98388671875,0.9833984375,2.0
2015-08-11T09:10:20.000000Z,0.98388671875,0.98388671875,13.0
2015-08-11T09:10:30.000000Z,0.98388671875,0.98388671875,1.0
2015-08-11T09:10:40.000000Z,0.98388671875,0.98388671875,2.0
2015-08-11T09:10:50.000000Z,0.98388671875,0.98388671875,1.0
2015-08-11T09:11:00.000000Z,0.98388671875,0.98388671875,3.0
2015-08-11T09:11:10.000000Z,0.98388671875,0.98388671875,2.0
2015-08-11T09:11:20.000000Z,0.98388671875,0.98388671875,1.0
2015-08-11T09:11:40.000000Z,0.984375,0.98388671875,4.0
2015-08-11T09:11:50.000000Z,0.98388671875,0.98388671875,1.0
2015-08-11T09:12:00.000000Z,0.98388671875,0.98388671875,7.0
2015-08-11T09:12:10.000000Z,0.98388671875,0.98388671875,1.0
2015-08-11T09:12:50.000000Z,0.984375,0.98388671875,1.0
2015-08-11T09:13:30.000000Z,0.98388671875,0.98388671875,3.0
2015-08-11T09:13:40.000000Z,0.98388671875,0.98388671875,1.0
2015-08-11T09:14:00.000000Z,0.98388671875,0.98388671875,3.0
2015-08-11T09:14:20.000000Z,0.98388671875,0.98388671875,2.0
2015-08-11T09:14:30.000000Z,0.98388671875,0.98388671875,4.0
2015-08-11T09:14:40.000000Z,0.98388671875,0.98388671875,2.0
2015-08-11T09:14:50.000000Z,0.98388671875,0.98388671875,1.0
2015-08-11T09:15:00.000000Z,0.98388671875,0.98388671875,5.0
2015-08-11T09:15:10.000000Z,0.98388671875,0.98388671875,2.0
2015-08-11T09:15:20.000000Z,0.98388671875,0.98388671875,3.0
2015-08-11T09:15:40.000000Z,0.98388671875,0.98388671875,2.0
2015-08-11T09:16:10.000000Z,0.98388671875,0.98388671875,2.0
2015-08-11T09:16:20.000000Z,0.98388671875,0.98388671875,1.0
2015-08-11T09:16:30.000000Z,0.98388671875,0.98388671875,4.0
2015-08-11T09:16:50.000000Z,0.98388671875,0.98388671875,1.0
2015-08-11T09:17:10.000000Z,0.98388671875,0.98388671875,1.0
2015-08-11T09:17:20.000000Z,0.98388671875,0.98388671875,4.0
2015-08-11T09:17:30.000000Z,0.98388671875,0.98388671875,2.0
2015-08-11T09:17:40.000000Z,0.984375,0.98388671875,5.0
2015-08-11T09:17:50.000000Z,0.984375,0.98388671875,3.0
2015-08-11T09:18:00.000000Z,0.984375,0.98388671875,2.0
2015-08-11T09:18:20.000000Z,0.984375,0.98388671875,3.0
2015-08-11T09:18:30.000000Z,0.984375,0.984375,5.0
2015-08-11T09:18:40.000000Z,0.984375,0.98388671875,8.0
2015-08-11T09:18:50.000000Z,0.984375,0.98388671875,4.0
2015-08-11T09:19:00.000000Z,0.984375,0.98388671875,3.0
2015-08-11T09:19:10.000000Z,0.984375,0.98388671875,6.0
2015-08-11T09:19:20.000000Z,0.984375,0.984375,8.0
2015-08-11T09:19:30.000000Z,0.984375,0.984375,6.0
2015-08-11T09:19:40.000000Z,0.984375,0.984375,1.0
2015-08-11T09:20:00.000000Z,0.984375,0.98388671875,3.0
2015-08-11T09:20:10.000000Z,0.98388671875,0.98388671875,4.0
2015-08-11T09:20:30.000000Z,0.984375,0.98388671875,6.0
2015-08-11T09:20:50.000000Z,0.984375,0.98388671875,1.0
2015-08-11T09:21:00.000000Z,0.984375,0.98388671875,5.0
2015-08-11T09:21:10.000000Z,0.984375,0.98388671875,10.0
2015-08-11T09:22:00.000000Z,0.984375,0.98388671875,4.0
2015-08-11T09:22:10.000000Z,0.984375,0.98388671875,1.0
2015-08-11T09:22:20.000000Z,0.984375,0.98388671875,1.0
2015-08-11T09:22:50.000000Z,0.984375,0.98388671875,2.0
2015-08-11T09:23:00.000000Z,0.984375,0.98388671875,1.0
2015-08-11T09:23:30.000000Z,0.984375,0.98388671875,1.0
2015-08-11T09:23:40.000000Z,0.984375,0.98388671875,2.0
2015-08-11T09:23:50.000000Z,0.984375,0.98388671875,1.0
2015-08-11T09:24:10.000000Z,0.984375,0.98388671875,1.0
2015-08-11T09:25:00.000000Z,0.984375,0.984375,4.0
2015-08-11T09:25:10.000000Z,0.984375,0.984375,2.0
2015-08-11T09:25:20.000000Z,0.984375,0.98388671875,2.0
2015-08-11T09:25:30.000000Z,0.984375,0.98388671875,3.0
2015-08-11T09:25:50.000000Z,0.984375,0.98388671875,3.0
2015-08-11T09:26:00.000000Z,0.98388671875,0.98388671875,2.0
2015-08-11T09:26:10.000000Z,0.984375,0.98388671875,3.0
2015-08-11T09:26:20.000000Z,0.984375,0.98388671875,1.0
2015-08-11T09:26:30.000000Z,0.984375,0.98388671875,22.0
2015-08-11T09:26:40.000000Z,0.984375,0.98388671875,2.0
2015-08-11T09:27:00.000000Z,0.984375,0.98388671875,1.0
2015-08-11T09:27:10.000000Z,0.98388671875,0.98388671875,3.0
2015-08-11T09:27:20.000000Z,0.98388671875,0.98388671875,4.0
2015-08-11T09:27:30.000000Z,0.98388671875,0.98388671875,1.0
2015-08-11T09:27:40.000000Z,0.98388671875,0.98388671875,1.0
2015-08-11T09:27:50.000000Z,0.98388671875,0.98388671875,4.0
2015-08-11T09:28:00.000000Z,0.98388671875,0.9833984375,1.0
2015-08-11T09:28:10.000000Z,0.98388671875,0.9833984375,4.0
2015-08-11T09:28:20.000000Z,0.98388671875,0.9833984375,4.0
2015-08-11T09:28:30.000000Z,0.98388671875,0.9833984375,1.0
2015-08-11T09:28:40.000000Z,0.98388671875,0.98388671875,5.0
2015-08-11T09:29:00.000000Z,0.98388671875,0.98388671875,4.0
2015-08-11T09:29:10.000000Z,0.98388671875,0.98388671875,1.0
2015-08-11T09:29:30.000000Z,0.98388671875,0.98388671875,6.0
2015-08-11T09:29:50.000000Z,0.984375,0.98388671875,7.0
2015-08-11T09:30:00.000000Z,0.984375,0.98388671875,3.0
2015-08-11T09:30:10.000000Z,0.984375,0.98388671875,5.0
2015-08-11T09:30:20.000000Z,0.984375,0.98388671875,4.0
2015-08-11T09:30:30.000000Z,0.98388671875,0.98388671875,1.0
2015-08-11T09:30:40.000000Z,0.98388671875,0.98388671875,1.0
2015-08-11T09:30:50.000000Z,0.984375,0.98388671875,1.0
2015-08-11T09:31:00.000000Z,0.984375,0.984375,7.0
2015-08-11T09:31:10.000000Z,0.984375,0.984375,1.0
2015-08-11T09:31:20.000000Z,0.984375,0.98388671875,1.0
2015-08-11T09:31:30.000000Z,0.984375,0.984375,10.0
2015-08-11T09:31:40.000000Z,0.98486328125,0.984375,5.0
2015-08-11T09:32:00.000000Z,0.98486328125,0.98486328125,8.0
2015-08-11T09:32:10.000000Z,0.98486328125,0.98486328125,3.0
2015-08-11T09:32:30.000000Z,0.98486328125,0.984375,10.0
2015-08-11T09:32:40.000000Z,0.98486328125,0.984375,1.0
2015-08-11T09:32:50.000000Z,0.98486328125,0.984375,2.0
2015-08-11T09:33:00.000000Z,0.98486328125,0.984375,2.0
2015-08-11T09:33:20.000000Z,0.98486328125,0.984375,1.0
2015-08-11T09:33:30.000000Z,0.98486328125,0.984375,2.0
2015-08-11T09:33:40.000000Z,0.98486328125,0.98486328125,2.0
2015-08-11T09:33:50.000000Z,0.98486328125,0.984375,4.0
2015-08-11T09:34:00.000000Z,0.98486328125,0.984375,3.0
2015-08-11T09:34:10.000000Z,0.98486328125,0.984375,3.0
2015-08-11T09:34:20.000000Z,0.98486328125,0.984375,1.0
2015-08-11T09:34:40.000000Z,0.98486328125,0.984375,4.0
2015-08-11T09:34:50.000000Z,0.98486328125,0.984375,1.0
2015-08-11T09:35:00.000000Z,0.984375,0.984375,5.0
2015-08-11T09:35:20.000000Z,0.984375,0.984375,5.0
2015-08-11T09:35:30.000000Z,0.984375,0.984375,4.0
2015-08-11T09:35:40.000000Z,0.984375,0.984375,1.0
2015-08-11T09:36:30.000000Z,0.984375,0.984375,1.0
2015-08-11T09:37:00.000000Z,0.984375,0.984375,3.0
2015-08-11T09:37:30.000000Z,0.98486328125,0.984375,4.0
2015-08-11T09:37:40.000000Z,0.98486328125,0.984375,1.0
2015-08-11T09:38:10.000000Z,0.98486328125,0.984375,1.0
2015-08-11T09:38:30.000000Z,0.98486328125,0.984375,1.0
2015-08-11T09:38:50.000000Z,0.98486328125,0.984375,1.0
2015-08-11T09:39:00.000000Z,0.98486328125,0.984375,2.0
2015-08-11T09:39:10.000000Z,0.98486328125,0.984375,1.0
2015-08-11T09:39:20.000000Z,0.98486328125,0.984375,2.0
2015-08-11T09:39:30.000000Z,0.984375,0.984375,5.0
2015-08-11T09:39:40.000000Z,0.984375,0.984375,2.0
2015-08-11T09:39:50.000000Z,0.984375,0.984375,2.0
2015-08-11T09:40:00.000000Z,0.984375,0.984375,5.0
2015-08-11T09:40:20.000000Z,0.984375,0.984375,3.0
2015-08-11T09:40:30.000000Z,0.984375,0.984375,1.0
2015-08-11T09:40:40.000000Z,0.984375,0.984375,1.0
2015-08-11T09:40:50.000000Z,0.984375,0.984375,1.0
2015-08-11T09:41:00.000000Z,0.984375,0.98388671875,2.0
2015-08-11T09:41:10.000000Z,0.984375,0.98388671875,1.0
2015-08-11T09:41:20.000000Z,0.984375,0.98388671875,3.0
2015-08-11T09:41:50.000000Z,0.984375,0.98388671875,7.0
2015-08-11T09:42:00.000000Z,0.984375,0.98388671875,3.0
2015-08-11T09:42:20.000000Z,0.984375,0.984375,3.0
2015-08-11T09:42:30.000000Z,0.984375,0.984375,1.0
2015-08-11T09:42:40.000000Z,0.984375,0.984375,8.0
2015-08-11T09:42:50.000000Z,0.984375,0.984375,3.0
2015-08-11T09:43:00.000000Z,0.98486328125,0.984375,7.0
2015-08-11T09:43:10.000000Z,0.98486328125,0.984375,1.0
2015-08-11T09:43:20.000000Z,0.98486328125,0.984375,3.0
2015-08-11T09:43:40.000000Z,0.98486328125,0.984375,3.0
2015-08-11T09:44:00.000000Z,0.98486328125,0.984375,1.0
2015-08-11T09:44:10.000000Z,0.98486328125,0.984375,2.0
2015-08-11T09:44:30.000000Z,0.984375,0.984375,2.0
2015-08-11T09:45:00.000000Z,0.984375,0.984375,3.0
2015-08-11T09:45:20.000000Z,0.984375,0.984375,4.0
2015-08-11T09:45:40.000000Z,0.984375,0.98388671875,2.0
2015-08-11T09:46:00.000000Z,0.984375,0.98388671875,3.0
2015-08-11T09:46:10.000000Z,0.984375,0.984375,5.0
2015-08-11T09:46:20.000000Z,0.984375,0.984375,2.0
2015-08-11T09:46:30.000000Z,0.984375,0.984375,1.0
2015-08-11T09:46:50.000000Z,0.984375,0.984375,3.0
2015-08-11T09:47:00.000000Z,0.984375,0.984375,1.0
2015-08-11T09:47:10.000000Z,0.984375,0.98388671875,2.0
2015-08-11T09:47:20.000000Z,0.984375,0.98388671875,1.0
2015-08-11T09:47:30.000000Z,0.984375,0.98388671875,1.0
2015-08-11T09:47:40.000000Z,0.984375,0.98388671875,3.0
2015-08-11T09:48:10.000000Z,0.984375,0.984375,4.0
2015-08-11T09:49:00.000000Z,0.984375,0.984375,2.0
2015-08-11T09:49:10.000000Z,0.984375,0.984375,3.0
2015-08-11T09:49:20.000000Z,0.984375,0.984375,3.0
2015-08-11T09:49:30.000000Z,0.984375,0.984375,1.0
2015-08-11T09:49:50.000000Z,0.984375,0.984375,2.0
2015-08-11T09:50:00.000000Z,0.98486328125,0.984375,4.0
2015-08-11T09:50:10.000000Z,0.98486328125,0.984375,4.0
2015-08-11T09:50:20.000000Z,0.98486328125,0.984375,4.0
2015-08-11T09:51:00.000000Z,0.98486328125,0.98486328125,5.0
2015-08-11T09:51:10.000000Z,0.98486328125,0.98486328125,2.0
2015-08-11T09:51:20.000000Z,0.98486328125,0.98486328125,3.0
2015-08-11T09:51:40.000000Z,0.98486328125,0.98486328125,5.0
2015-08-11T09:52:20.000000Z,0.98486328125,0.98486328125,1.0
2015-08-11T09:52:40.000000Z,0.98486328125,0.98486328125,3.0
2015-08-11T09:53:00.000000Z,0.9853515625,0.98486328125,4.0
2015-08-11T09:53:10.000000Z,0.9853515625,0.9853515625,2.0
2015-08-11T09:53:20.000000Z,0.9853515625,0.98486328125,2.0
2015-08-11T09:53:30.000000Z,0.9853515625,0.98486328125,4.0
2015-08-11T09:53:50.000000Z,0.9853515625,0.98486328125,2.0
2015-08-11T09:54:00.000000Z,0.9853515625,0.98486328125,1.0
2015-08-11T09:54:40.000000Z,0.9853515625,0.98486328125,1.0
2015-08-11T09:55:20.000000Z,0.9853515625,0.98486328125,2.0
2015-08-11T09:55:30.000000Z,0.9853515625,0.98486328125,2.0
2015-08-11T09:56:20.000000Z,0.9853515625,0.98486328125,1.0
2015-08-11T09:56:30.000000Z,0.9853515625,0.9853515625,4.0
2015-08-11T09:56:40.000000Z,0.9853515625,0.9853515625,1.0
2015-08-11T09:57:00.000000Z,0.9853515625,0.9853515625,1.0
2015-08-11T09:57:10.000000Z,0.9853515625,0.9853515625,3.0
2015-08-11T09:58:30.000000Z,0.9853515625,0.9853515625,2.0
2015-08-11T09:58:50.000000Z,0.9853515625,0.9853515625,5.0
2015-08-11T09:59:20.000000Z,0.9853515625,0.9853515625,4.0
2015-08-11T09:59:30.000000Z,0.9853515625,0.9853515625,4.0
