time,closeAsk,closeBid,volume
2015-08-10T07:33:25.000000Z,3.751953125,3.75,1.0
2015-08-10T07:33:30.000000Z,3.751953125,3.75,1.0
2015-08-10T07:34:00.000000Z,3.75390625,3.748046875,3.0
2015-08-10T07:34:10.000000Z,3.751953125,3.748046875,2.0
2015-08-10T07:34:25.000000Z,3.751953125,3.75,1.0
2015-08-10T07:34:30.000000Z,3.751953125,3.75,1.0
2015-08-10T07:35:00.000000Z,3.751953125,3.748046875,2.0
2015-08-10T07:35:10.000000Z,3.751953125,3.75,1.0
2015-08-10T07:35:25.000000Z,3.751953125,3.75,1.0
2015-08-10T07:35:30.000000Z,3.751953125,3.75,1.0
2015-08-10T07:36:00.000000Z,3.751953125,3.75,1.0
2015-08-10T07:36:10.000000Z,3.751953125,3.75,1.0
2015-08-10T07:36:25.000000Z,3.751953125,3.75,1.0
2015-08-10T07:36:30.000000Z,3.751953125,3.75,1.0
2015-08-10T07:36:35.000000Z,3.751953125,3.748046875,1.0
2015-08-10T07:37:00.000000Z,3.751953125,3.75,1.0
2015-08-10T07:37:10.000000Z,3.751953125,3.75,1.0
2015-08-10T07:37:30.000000Z,3.751953125,3.75,2.0
2015-08-10T07:38:00.000000Z,3.751953125,3.748046875,2.0
2015-08-10T07:38:10.000000Z,3.751953125,3.75,2.0
2015-08-10T07:38:25.000000Z,3.751953125,3.75,1.0
2015-08-10T07:38:30.000000Z,3.751953125,3.75,1.0
2015-08-10T07:39:00.000000Z,3.751953125,3.75,2.0
2015-08-10T07:39:10.000000Z,3.751953125,3.75,1.0
2015-08-10T07:39:25.000000Z,3.751953125,3.75,1.0
2015-08-10T07:39:30.000000Z,3.751953125,3.75,1.0
2015-08-10T07:40:00.000000Z,3.751953125,3.748046875,2.0
2015-08-10T07:40:10.000000Z,3.751953125,3.75,2.0
2015-08-10T07:40:25.000000Z,3.751953125,3.75,1.0
2015-08-10T07:40:30.000000Z,3.751953125,3.75,1.0
2015-08-10T07:41:00.000000Z,3.751953125,3.75,2.0
2015-08-10T07:41:10.000000Z,3.751953125,3.75,1.0
2015-08-10T07:41:25.000000Z,3.751953125,3.75,1.0
2015-08-10T07:41:30.000000Z,3.751953125,3.75,1.0
2015-08-10T07:42:00.000000Z,3.751953125,3.748046875,1.0
2015-08-10T07:42:05.000000Z,3.751953125,3.75,1.0
2015-08-10T07:42:10.000000Z,3.751953125,3.75,1.0
2015-08-10T07:42:25.000000Z,3.751953125,3.75,1.0
2015-08-10T07:42:30.000000Z,3.751953125,3.75,1.0
2015-08-10T07:43:00.000000Z,3.751953125,3.75,2.0
2015-08-10T07:43:05.000000Z,3.751953125,3.75,1.0
2015-08-10T07:43:10.000000Z,3.751953125,3.75,1.0
2015-08-10T07:43:25.000000Z,3.751953125,3.75,1.0
2015-08-10T07:43:30.000000Z,3.751953125,3.75,1.0
2015-08-10T07:44:00.000000Z,3.751953125,3.75,2.0
2015-08-10T07:44:05.000000Z,3.751953125,3.748046875,1.0
2015-08-10T07:44:10.000000Z,3.751953125,3.75,1.0
2015-08-10T07:44:25.000000Z,3.751953125,3.75,1.0
2015-08-10T07:44:30.000000Z,3.751953125,3.75,1.0
2015-08-10T07:44:55.000000Z,3.751953125,3.748046875,1.0
2015-08-10T07:45:05.000000Z,3.751953125,3.75,1.0
2015-08-10T07:45:10.000000Z,3.751953125,3.75,1.0
2015-08-10T07:45:25.000000Z,3.751953125,3.75,1.0
2015-08-10T07:45:30.000000Z,3.751953125,3.75,1.0
2015-08-10T07:45:55.000000Z,3.751953125,3.748046875,1.0
2015-08-10T07:46:00.000000Z,3.751953125,3.75,1.0
2015-08-10T07:46:10.000000Z,3.751953125,3.75,1.0
2015-08-10T07:46:25.000000Z,3.751953125,3.75,1.0
2015-08-10T07:46:30.000000Z,3.751953125,3.75,1.0
2015-08-10T07:46:55.000000Z,3.751953125,3.748046875,1.0
2015-08-10T07:47:00.000000Z,3.751953125,3.748046875,1.0
2015-08-10T07:47:05.000000Z,3.751953125,3.75,1.0
2015-08-10T07:47:10.000000Z,3.751953125,3.75,1.0
2015-08-10T07:47:25.000000Z,3.751953125,3.75,1.0
2015-08-10T07:47:30.000000Z,3.751953125,3.75,1.0
2015-08-10T07:47:45.000000Z,3.751953125,3.748046875,1.0
2015-08-10T07:48:00.000000Z,3.751953125,3.748046875,1.0
2015-08-10T07:48:05.000000Z,3.751953125,3.748046875,2.0
2015-08-10T07:48:10.000000Z,3.751953125,3.748046875,1.0
2015-08-10T07:48:25.000000Z,3.751953125,3.75,1.0
2015-08-10T07:48:30.000000Z,3.751953125,3.75,1.0
2015-08-10T07:48:55.000000Z,3.751953125,3.748046875,1.0
2015-08-10T07:49:00.000000Z,3.751953125,3.748046875,1.0
2015-08-10T07:49:05.000000Z,3.751953125,3.75,1.0
2015-08-10T07:49:10.000000Z,3.751953125,3.75,1.0
2015-08-10T07:49:25.000000Z,3.751953125,3.75,1.0
2015-08-10T07:49:30.000000Z,3.751953125,3.75,1.0
2015-08-10T07:50:00.000000Z,3.751953125,3.748046875,2.0
2015-08-10T07:50:10.000000Z,3.751953125,3.75,1.0
2015-08-10T07:50:25.000000Z,3.751953125,3.75,1.0
2015-08-10T07:50:30.000000Z,3.751953125,3.75,1.0
2015-08-10T07:50:55.000000Z,3.751953125,3.748046875,1.0
2015-08-10T07:51:05.000000Z,3.751953125,3.75,1.0
2015-08-10T07:51:10.000000Z,3.751953125,3.75,1.0
2015-08-10T07:51:30.000000Z,3.751953125,3.75,1.0
2015-08-10T07:51:35.000000Z,3.751953125,3.75,1.0
2015-08-10T07:52:00.000000Z,3.751953125,3.748046875,1.0
2015-08-10T07:52:05.000000Z,3.751953125,3.75,1.0
2015-08-10T07:52:10.000000Z,3.751953125,3.75,1.0
2015-08-10T07:52:25.000000Z,3.751953125,3.75,1.0
2015-08-10T07:52:30.000000Z,3.751953125,3.75,1.0
2015-08-10T07:53:00.000000Z,3.751953125,3.748046875,2.0
2015-08-10T07:53:05.000000Z,3.751953125,3.75,1.0
2015-08-10T07:53:10.000000Z,3.751953125,3.75,1.0
2015-08-10T07:53:25.000000Z,3.751953125,3.75,1.0
2015-08-10T07:53:30.000000Z,3.751953125,3.75,1.0
2015-08-10T07:54:00.000000Z,3.751953125,3.75,2.0
2015-08-10T07:54:10.000000Z,3.751953125,3.75,1.0
2015-08-10T07:54:25.000000Z,3.751953125,3.75,1.0
2015-08-10T07:54:30.000000Z,3.751953125,3.75,1.0
2015-08-10T07:55:00.000000Z,3.751953125,3.748046875,2.0
2015-08-10T07:55:05.000000Z,3.751953125,3.75,1.0
2015-08-10T07:55:10.000000Z,3.751953125,3.75,1.0
2015-08-10T07:55:25.000000Z,3.751953125,3.75,1.0
2015-08-10T07:55:30.000000Z,3.751953125,3.75,1.0
2015-08-10T07:56:00.000000Z,3.751953125,3.748046875,2.0
2015-08-10T07:56:15.000000Z,3.751953125,3.75,1.0
2015-08-10T07:56:25.000000Z,3.751953125,3.75,1.0
2015-08-10T07:56:30.000000Z,3.751953125,3.75,1.0
2015-08-10T07:57:00.000000Z,3.751953125,3.748046875,2.0
2015-08-10T07:57:05.000000Z,3.751953125,3.75,1.0
2015-08-10T07:57:10.000000Z,3.751953125,3.75,1.0
2015-08-10T07:57:25.000000Z,3.751953125,3.75,1.0
2015-08-10T07:57:30.000000Z,3.751953125,3.75,1.0
2015-08-10T07:58:00.000000Z,3.751953125,3.748046875,2.0
2015-08-10T07:58:10.000000Z,3.751953125,3.75,1.0
2015-08-10T07:58:25.000000Z,3.751953125,3.75,1.0
2015-08-10T07:58:30.000000Z,3.751953125,3.75,1.0
2015-08-10T07:59:00.000000Z,3.751953125,3.75,2.0
2015-08-10T07:59:10.000000Z,3.751953125,3.75,1.0
2015-08-10T07:59:25.000000Z,3.751953125,3.75,1.0
2015-08-10T07:59:30.000000Z,3.751953125,3.75,1.0
2015-08-10T08:00:00.000000Z,3.751953125,3.748046875,2.0
2015-08-10T08:00:10.000000Z,3.751953125,3.75,1.0
2015-08-10T08:00:25.000000Z,3.751953125,3.75,1.0
2015-08-10T08:00:30.000000Z,3.751953125,3.75,1.0
2015-08-10T08:01:00.000000Z,3.751953125,3.748046875,2.0
2015-08-10T08:01:10.000000Z,3.751953125,3.75,2.0
2015-08-10T08:01:25.000000Z,3.751953125,3.75,1.0
2015-08-10T08:01:30.000000Z,3.751953125,3.75,1.0
2015-08-10T08:02:00.000000Z,3.751953125,3.75,2.0
2015-08-10T08:02:10.000000Z,3.751953125,3.75,1.0
2015-08-10T08:02:25.000000Z,3.751953125,3.75,1.0
2015-08-10T08:02:30.000000Z,3.751953125,3.75,1.0
2015-08-10T08:02:55.000000Z,3.751953125,3.748046875,1.0
2015-08-10T08:03:00.000000Z,3.751953125,3.75,1.0
2015-08-10T08:03:10.000000Z,3.751953125,3.75,1.0
2015-08-10T08:03:25.000000Z,3.751953125,3.75,1.0
2015-08-10T08:03:30.000000Z,3.751953125,3.75,1.0
2015-08-10T08:04:00.000000Z,3.751953125,3.748046875,2.0
2015-08-10T08:04:10.000000Z,3.751953125,3.75,1.0
2015-08-10T08:04:25.000000Z,3.751953125,3.75,1.0
2015-08-10T08:04:30.000000Z,3.751953125,3.75,1.0
2015-08-10T08:04:45.000000Z,3.751953125,3.75,1.0
2015-08-10T08:04:55.000000Z,3.751953125,3.748046875,1.0
2015-08-10T08:05:05.000000Z,3.751953125,3.75,1.0
2015-08-10T08:05:10.000000Z,3.751953125,3.75,1.0
2015-08-10T08:05:25.000000Z,3.751953125,3.75,1.0
2015-08-10T08:05:30.000000Z,3.751953125,3.75,1.0
2015-08-10T08:06:00.000000Z,3.751953125,3.75,2.0
2015-08-10T08:06:10.000000Z,3.751953125,3.75,1.0
2015-08-10T08:06:25.000000Z,3.751953125,3.75,1.0
2015-08-10T08:06:30.000000Z,3.751953125,3.75,1.0
2015-08-10T08:07:00.000000Z,3.751953125,3.748046875,2.0
2015-08-10T08:07:10.000000Z,3.751953125,3.75,2.0
2015-08-10T08:07:25.000000Z,3.751953125,3.75,1.0
2015-08-10T08:07:30.000000Z,3.751953125,3.75,1.0
2015-08-10T08:08:00.000000Z,3.751953125,3.75,2.0
2015-08-10T08:08:10.000000Z,3.751953125,3.75,1.0
2015-08-10T08:08:25.000000Z,3.751953125,3.75,1.0
2015-08-10T08:08:30.000000Z,3.751953125,3.75,1.0
2015-08-10T08:08:55.000000Z,3.751953125,3.748046875,1.0
2015-08-10T08:09:00.000000Z,3.751953125,3.75,1.0
2015-08-10T08:09:10.000000Z,3.751953125,3.75,1.0
2015-08-10T08:09:20.000000Z,3.751953125,3.75,1.0
2015-08-10T08:09:25.000000Z,3.751953125,3.75,1.0
2015-08-10T08:09:30.000000Z,3.751953125,3.75,1.0
2015-08-10T08:10:00.000000Z,3.751953125,3.75,2.0
2015-08-10T08:10:10.000000Z,3.751953125,3.75,1.0
2015-08-10T08:10:25.000000Z,3.751953125,3.75,1.0
2015-08-10T08:10:30.000000Z,3.751953125,3.75,1.0
2015-08-10T08:10:55.000000Z,3.751953125,3.748046875,1.0
2015-08-10T08:11:00.000000Z,3.751953125,3.75,2.0
2015-08-10T08:11:10.000000Z,3.751953125,3.75,2.0
2015-08-10T08:11:25.000000Z,3.751953125,3.75,1.0
2015-08-10T08:11:30.000000Z,3.751953125,3.75,1.0
2015-08-10T08:12:00.000000Z,3.751953125,3.75,2.0
2015-08-10T08:12:10.000000Z,3.751953125,3.75,1.0
2015-08-10T08:12:25.000000Z,3.751953125,3.75,1.0
2015-08-10T08:12:30.000000Z,3.751953125,3.75,1.0
2015-08-10T08:12:55.000000Z,3.751953125,3.748046875,1.0
2015-08-10T08:13:00.000000Z,3.751953125,3.748046875,1.0
2015-08-10T08:13:10.000000Z,3.751953125,3.75,2.0
2015-08-10T08:13:25.000000Z,3.751953125,3.75,1.0
2015-08-10T08:13:30.000000Z,3.751953125,3.75,1.0
2015-08-10T08:13:55.000000Z,3.751953125,3.748046875,1.0
2015-08-10T08:14:00.000000Z,3.751953125,3.75,1.0
2015-08-10T08:14:10.000000Z,3.751953125,3.75,1.0
2015-08-10T08:14:25.000000Z,3.751953125,3.75,1.0
2015-08-10T08:14:30.000000Z,3.751953125,3.75,1.0
2015-08-10T08:14:55.000000Z,3.751953125,3.748046875,1.0
2015-08-10T08:15:00.000000Z,3.751953125,3.748046875,1.0
2015-08-10T08:15:10.000000Z,3.751953125,3.75,2.0
2015-08-10T08:15:25.000000Z,3.751953125,3.75,1.0
2015-08-10T08:15:30.000000Z,3.751953125,3.75,1.0
2015-08-10T08:15:55.000000Z,3.751953125,3.748046875,1.0
2015-08-10T08:16:00.000000Z,3.751953125,3.75,1.0
2015-08-10T08:16:10.000000Z,3.751953125,3.75,1.0
2015-08-10T08:16:25.000000Z,3.751953125,3.75,1.0
2015-08-10T08:16:30.000000Z,3.751953125,3.75,1.0
2015-08-10T08:17:00.000000Z,3.751953125,3.748046875,1.0
2015-08-10T08:17:05.000000Z,3.751953125,3.75,1.0
2015-08-10T08:17:10.000000Z,3.751953125,3.75,2.0
2015-08-10T08:17:25.000000Z,3.751953125,3.75,1.0
2015-08-10T08:17:30.000000Z,3.751953125,3.75,1.0
2015-08-10T08:17:55.000000Z,3.751953125,3.748046875,1.0
2015-08-10T08:18:00.000000Z,3.751953125,3.748046875,1.0
2015-08-10T08:18:10.000000Z,3.751953125,3.75,1.0
2015-08-10T08:18:25.000000Z,3.751953125,3.75,1.0
2015-08-10T08:18:30.000000Z,3.751953125,3.75,1.0
2015-08-10T08:19:00.000000Z,3.751953125,3.748046875,2.0
2015-08-10T08:19:10.000000Z,3.751953125,3.75,2.0
2015-08-10T08:19:25.000000Z,3.751953125,3.75,1.0
2015-08-10T08:19:30.000000Z,3.751953125,3.75,1.0
2015-08-10T08:20:00.000000Z,3.751953125,3.75,2.0
2015-08-10T08:20:10.000000Z,3.751953125,3.75,1.0
2015-08-10T08:20:25.000000Z,3.751953125,3.75,1.0
2015-08-10T08:20:30.000000Z,3.751953125,3.75,1.0
2015-08-10T08:21:00.000000Z,3.751953125,3.748046875,1.0
2015-08-10T08:21:05.000000Z,3.751953125,3.75,1.0
2015-08-10T08:21:10.000000Z,3.751953125,3.75,1.0
2015-08-10T08:21:25.000000Z,3.751953125,3.75,1.0
2015-08-10T08:21:30.000000Z,3.751953125,3.75,1.0
2015-08-10T08:22:00.000000Z,3.751953125,3.748046875,2.0
2015-08-10T08:22:10.000000Z,3.751953125,3.75,1.0
2015-08-10T08:22:25.000000Z,3.751953125,3.75,1.0
2015-08-10T08:22:30.000000Z,3.751953125,3.75,1.0
2015-08-10T08:23:00.000000Z,3.751953125,3.748046875,2.0
2015-08-10T08:23:10.000000Z,3.751953125,3.75,1.0
2015-08-10T08:23:25.000000Z,3.751953125,3.75,1.0
2015-08-10T08:23:30.000000Z,3.751953125,3.75,1.0
2015-08-10T08:24:00.000000Z,3.751953125,3.75,2.0
2015-08-10T08:24:10.000000Z,3.751953125,3.75,1.0
2015-08-10T08:24:25.000000Z,3.751953125,3.75,1.0
2015-08-10T08:24:30.000000Z,3.751953125,3.75,1.0
2015-08-10T08:25:00.000000Z,3.751953125,3.748046875,1.0
2015-08-10T08:25:05.000000Z,3.751953125,3.75,1.0
2015-08-10T08:25:10.000000Z,3.751953125,3.75,1.0
2015-08-10T08:25:25.000000Z,3.751953125,3.75,1.0
2015-08-10T08:25:30.000000Z,3.751953125,3.75,1.0
2015-08-10T08:26:00.000000Z,3.751953125,3.75,1.0
2015-08-10T08:26:05.000000Z,3.751953125,3.748046875,1.0
2015-08-10T08:26:10.000000Z,3.751953125,3.75,1.0
2015-08-10T08:26:25.000000Z,3.751953125,3.75,1.0
2015-08-10T08:26:30.000000Z,3.751953125,3.75,1.0
2015-08-10T08:26:55.000000Z,3.751953125,3.748046875,1.0
2015-08-10T08:27:00.000000Z,3.751953125,3.75,1.0
2015-08-10T08:27:10.000000Z,3.751953125,3.75,2.0
2015-08-10T08:27:25.000000Z,3.751953125,3.75,1.0
2015-08-10T08:27:30.000000Z,3.751953125,3.75,1.0
2015-08-10T08:28:00.000000Z,3.751953125,3.75,2.0
2015-08-10T08:28:10.000000Z,3.751953125,3.75,1.0
2015-08-10T08:28:25.000000Z,3.751953125,3.75,1.0
2015-08-10T08:28:30.000000Z,3.751953125,3.75,1.0
2015-08-10T08:29:00.000000Z,3.751953125,3.75,2.0
2015-08-10T08:29:10.000000Z,3.751953125,3.75,2.0
2015-08-10T08:29:25.000000Z,3.751953125,3.75,1.0
2015-08-10T08:29:30.000000Z,3.751953125,3.75,1.0
2015-08-10T08:30:00.000000Z,3.751953125,3.75,2.0
2015-08-10T08:30:10.000000Z,3.751953125,3.75,1.0
2015-08-10T08:30:25.000000Z,3.751953125,3.75,1.0
2015-08-10T08:30:30.000000Z,3.751953125,3.75,1.0
2015-08-10T08:30:55.000000Z,3.751953125,3.748046875,1.0
2015-08-10T08:31:00.000000Z,3.751953125,3.75,1.0
2015-08-10T08:31:10.000000Z,3.751953125,3.75,2.0
2015-08-10T08:31:25.000000Z,3.751953125,3.75,1.0
2015-08-10T08:31:30.000000Z,3.751953125,3.75,1.0
2015-08-10T08:32:00.000000Z,3.751953125,3.75,2.0
2015-08-10T08:32:10.000000Z,3.751953125,3.75,1.0
2015-08-10T08:32:25.000000Z,3.751953125,3.75,1.0
2015-08-10T08:32:30.000000Z,3.751953125,3.75,1.0
2015-08-10T08:33:00.000000Z,3.751953125,3.748046875,1.0
2015-08-10T08:33:05.000000Z,3.751953125,3.75,1.0
2015-08-10T08:33:10.000000Z,3.751953125,3.75,1.0
2015-08-10T08:33:25.000000Z,3.751953125,3.75,1.0
2015-08-10T08:33:30.000000Z,3.751953125,3.75,1.0
2015-08-10T08:34:00.000000Z,3.751953125,3.75,1.0
2015-08-10T08:34:05.000000Z,3.751953125,3.748046875,1.0
2015-08-10T08:34:10.000000Z,3.751953125,3.748046875,1.0
2015-08-10T08:34:25.000000Z,3.751953125,3.75,1.0
2015-08-10T08:34:30.000000Z,3.751953125,3.75,1.0
2015-08-10T08:35:00.000000Z,3.751953125,3.748046875,2.0
2015-08-10T08:35:10.000000Z,3.751953125,3.75,1.0
2015-08-10T08:35:25.000000Z,3.751953125,3.75,1.0
2015-08-10T08:35:30.000000Z,3.751953125,3.75,1.0
2015-08-10T08:36:00.000000Z,3.751953125,3.748046875,2.0
2015-08-10T08:36:10.000000Z,3.751953125,3.75,1.0
2015-08-10T08:36:25.000000Z,3.751953125,3.75,1.0
2015-08-10T08:36:30.000000Z,3.751953125,3.75,1.0
2015-08-10T08:36:55.000000Z,3.751953125,3.748046875,1.0
2015-08-10T08:37:00.000000Z,3.751953125,3.75,1.0
2015-08-10T08:37:10.000000Z,3.751953125,3.75,2.0
2015-08-10T08:37:25.000000Z,3.751953125,3.75,1.0
2015-08-10T08:37:30.000000Z,3.751953125,3.75,1.0
2015-08-10T08:38:00.000000Z,3.751953125,3.748046875,1.0
2015-08-10T08:38:05.000000Z,3.751953125,3.75,1.0
2015-08-10T08:38:10.000000Z,3.751953125,3.75,1.0
2015-08-10T08:38:25.000000Z,3.751953125,3.75,1.0
2015-08-10T08:38:30.000000Z,3.751953125,3.75,1.0
2015-08-10T08:38:55.000000Z,3.751953125,3.748046875,1.0
2015-08-10T08:39:00.000000Z,3.751953125,3.75,1.0
2015-08-10T08:39:10.000000Z,3.751953125,3.75,1.0
2015-08-10T08:39:25.000000Z,3.751953125,3.75,1.0
2015-08-10T08:39:30.000000Z,3.751953125,3.75,1.0
2015-08-10T08:40:00.000000Z,3.751953125,3.75,2.0
2015-08-10T08:40:10.000000Z,3.751953125,3.75,1.0
2015-08-10T08:40:25.000000Z,3.751953125,3.75,1.0
2015-08-10T08:40:30.000000Z,3.751953125,3.75,1.0
2015-08-10T08:41:00.000000Z,3.751953125,3.748046875,1.0
2015-08-10T08:41:05.000000Z,3.751953125,3.75,1.0
2015-08-10T08:41:10.000000Z,3.751953125,3.75,1.0
2015-08-10T08:41:25.000000Z,3.751953125,3.75,1.0
2015-08-10T08:41:30.000000Z,3.751953125,3.75,1.0
2015-08-10T08:42:00.000000Z,3.751953125,3.748046875,2.0
2015-08-10T08:42:10.000000Z,3.751953125,3.75,1.0
2015-08-10T08:42:25.000000Z,3.751953125,3.75,1.0
2015-08-10T08:42:30.000000Z,3.751953125,3.75,1.0
2015-08-10T08:43:00.000000Z,3.751953125,3.748046875,2.0
2015-08-10T08:43:10.000000Z,3.751953125,3.75,1.0
2015-08-10T08:43:25.000000Z,3.751953125,3.75,1.0
2015-08-10T08:43:30.000000Z,3.751953125,3.75,1.0
2015-08-10T08:43:55.000000Z,3.751953125,3.748046875,1.0
2015-08-10T08:44:00.000000Z,3.751953125,3.75,1.0
2015-08-10T08:44:10.000000Z,3.751953125,3.75,1.0
2015-08-10T08:44:25.000000Z,3.751953125,3.75,1.0
2015-08-10T08:44:30.000000Z,3.751953125,3.75,1.0
2015-08-10T08:45:00.000000Z,3.751953125,3.748046875,2.0
2015-08-10T08:45:10.000000Z,3.751953125,3.75,1.0
2015-08-10T08:45:25.000000Z,3.751953125,3.75,1.0
2015-08-10T08:45:30.000000Z,3.751953125,3.75,1.0
2015-08-10T08:46:00.000000Z,3.751953125,3.748046875,2.0
2015-08-10T08:46:10.000000Z,3.751953125,3.75,1.0
2015-08-10T08:46:25.000000Z,3.751953125,3.75,1.0
2015-08-10T08:46:30.000000Z,3.751953125,3.75,1.0
2015-08-10T08:47:00.000000Z,3.751953125,3.748046875,2.0
2015-08-10T08:47:10.000000Z,3.751953125,3.75,2.0
2015-08-10T08:47:25.000000Z,3.751953125,3.75,1.0
2015-08-10T08:47:30.000000Z,3.751953125,3.75,1.0
2015-08-10T08:48:00.000000Z,3.751953125,3.748046875,2.0
2015-08-10T08:48:10.000000Z,3.751953125,3.75,1.0
2015-08-10T08:48:25.000000Z,3.751953125,3.75,1.0
2015-08-10T08:48:30.000000Z,3.751953125,3.75,1.0
2015-08-10T08:48:55.000000Z,3.751953125,3.748046875,1.0
2015-08-10T08:49:00.000000Z,3.751953125,3.748046875,1.0
2015-08-10T08:49:10.000000Z,3.751953125,3.75,1.0
2015-08-10T08:49:25.000000Z,3.751953125,3.75,1.0
2015-08-10T08:49:30.000000Z,3.751953125,3.75,1.0
2015-08-10T08:50:00.000000Z,3.751953125,3.748046875,2.0
2015-08-10T08:50:10.000000Z,3.751953125,3.75,2.0
2015-08-10T08:50:25.000000Z,3.751953125,3.75,1.0
2015-08-10T08:50:30.000000Z,3.751953125,3.75,1.0
2015-08-10T08:51:00.000000Z,3.751953125,3.748046875,2.0
2015-08-10T08:51:10.000000Z,3.751953125,3.75,1.0
2015-08-10T08:51:25.000000Z,3.751953125,3.75,1.0
2015-08-10T08:51:30.000000Z,3.751953125,3.75,1.0
2015-08-10T08:52:00.000000Z,3.751953125,3.748046875,2.0
2015-08-10T08:52:10.000000Z,3.751953125,3.75,1.0
2015-08-10T08:52:25.000000Z,3.751953125,3.75,1.0
2015-08-10T08:52:30.000000Z,3.751953125,3.75,1.0
2015-08-10T08:53:00.000000Z,3.751953125,3.75,2.0
2015-08-10T08:53:10.000000Z,3.751953125,3.75,1.0
2015-08-10T08:53:25.000000Z,3.751953125,3.75,1.0
2015-08-10T08:53:30.000000Z,3.751953125,3.75,1.0
2015-08-10T08:54:00.000000Z,3.751953125,3.748046875,2.0
2015-08-10T08:54:10.000000Z,3.751953125,3.75,2.0
2015-08-10T08:54:25.000000Z,3.751953125,3.75,1.0
2015-08-10T08:54:30.000000Z,3.751953125,3.75,1.0
2015-08-10T08:54:55.000000Z,3.751953125,3.748046875,1.0
2015-08-10T08:55:05.000000Z,3.751953125,3.75,1.0
2015-08-10T08:55:10.000000Z,3.751953125,3.75,1.0
2015-08-10T08:55:25.000000Z,3.751953125,3.75,1.0
2015-08-10T08:55:30.000000Z,3.751953125,3.75,1.0
2015-08-10T08:56:00.000000Z,3.751953125,3.748046875,2.0
2015-08-10T08:56:10.000000Z,3.751953125,3.75,2.0
2015-08-10T08:56:25.000000Z,3.751953125,3.75,1.0
2015-08-10T08:56:30.000000Z,3.751953125,3.75,1.0
2015-08-10T08:56:55.000000Z,3.751953125,3.748046875,1.0
2015-08-10T08:57:05.000000Z,3.751953125,3.75,1.0
2015-08-10T08:57:10.000000Z,3.751953125,3.75,1.0
2015-08-10T08:57:25.000000Z,3.751953125,3.75,1.0
2015-08-10T08:57:30.000000Z,3.751953125,3.75,1.0
2015-08-10T08:58:00.000000Z,3.751953125,3.748046875,2.0
2015-08-10T08:58:10.000000Z,3.751953125,3.75,2.0
2015-08-10T08:58:25.000000Z,3.751953125,3.75,1.0
2015-08-10T08:58:30.000000Z,3.751953125,3.75,1.0
2015-08-10T08:58:55.000000Z,3.751953125,3.748046875,1.0
2015-08-10T08:59:00.000000Z,3.751953125,3.75,1.0
2015-08-10T08:59:10.000000Z,3.751953125,3.75,1.0
2015-08-10T08:59:25.000000Z,3.751953125,3.75,1.0
2015-08-10T08:59:30.000000Z,3.751953125,3.75,1.0
2015-08-10T09:00:00.000000Z,3.751953125,3.748046875,2.0
2015-08-10T09:00:10.000000Z,3.751953125,3.75,1.0
2015-08-10T09:00:25.000000Z,3.751953125,3.75,1.0
2015-08-10T09:00:30.000000Z,3.751953125,3.75,1.0
2015-08-10T09:01:00.000000Z,3.751953125,3.748046875,2.0
2015-08-10T09:01:10.000000Z,3.751953125,3.75,1.0
2015-08-10T09:01:25.000000Z,3.751953125,3.75,1.0
2015-08-10T09:01:30.000000Z,3.751953125,3.75,1.0
2015-08-10T09:02:00.000000Z,3.751953125,3.748046875,2.0
2015-08-10T09:02:10.000000Z,3.751953125,3.75,1.0
2015-08-10T09:02:25.000000Z,3.751953125,3.75,1.0
2015-08-10T09:02:30.000000Z,3.751953125,3.75,1.0
2015-08-10T09:03:00.000000Z,3.751953125,3.748046875,1.0
2015-08-10T09:03:05.000000Z,3.751953125,3.748046875,1.0
2015-08-10T09:03:10.000000Z,3.751953125,3.75,1.0
2015-08-10T09:03:25.000000Z,3.751953125,3.75,1.0
2015-08-10T09:03:30.000000Z,3.751953125,3.75,1.0
2015-08-10T09:04:00.000000Z,3.751953125,3.748046875,2.0
2015-08-10T09:04:10.000000Z,3.751953125,3.75,2.0
2015-08-10T09:04:25.000000Z,3.751953125,3.75,1.0
2015-08-10T09:04:30.000000Z,3.751953125,3.75,1.0
2015-08-10T09:05:00.000000Z,3.751953125,3.748046875,1.0
2015-08-10T09:05:05.000000Z,3.751953125,3.75,1.0
2015-08-10T09:05:10.000000Z,3.751953125,3.75,1.0
2015-08-10T09:05:25.000000Z,3.751953125,3.75,1.0
2015-08-10T09:05:30.000000Z,3.751953125,3.75,1.0
2015-08-10T09:06:00.000000Z,3.751953125,3.75,2.0
2015-08-10T09:06:10.000000Z,3.751953125,3.75,2.0
2015-08-10T09:06:25.000000Z,3.751953125,3.75,1.0
2015-08-10T09:06:30.000000Z,3.751953125,3.75,1.0
2015-08-10T09:07:00.000000Z,3.751953125,3.75,2.0
2015-08-10T09:07:10.000000Z,3.751953125,3.75,1.0
2015-08-10T09:07:25.000000Z,3.751953125,3.75,1.0
2015-08-10T09:07:30.000000Z,3.751953125,3.75,1.0
2015-08-10T09:08:00.000000Z,3.751953125,3.748046875,1.0
2015-08-10T09:08:05.000000Z,3.751953125,3.75,1.0
2015-08-10T09:08:10.000000Z,3.751953125,3.75,1.0
2015-08-10T09:08:25.000000Z,3.751953125,3.75,1.0
2015-08-10T09:08:30.000000Z,3.751953125,3.75,1.0
2015-08-10T09:08:55.000000Z,3.751953125,3.748046875,1.0
2015-08-10T09:09:00.000000Z,3.751953125,3.75,1.0
2015-08-10T09:09:10.000000Z,3.751953125,3.75,1.0
2015-08-10T09:09:25.000000Z,3.751953125,3.75,1.0
2015-08-10T09:09:30.000000Z,3.751953125,3.75,1.0
2015-08-10T09:09:55.000000Z,3.751953125,3.748046875,1.0
2015-08-10T09:10:00.000000Z,3.751953125,3.748046875,1.0
2015-08-10T09:10:10.000000Z,3.751953125,3.75,1.0
2015-08-10T09:10:25.000000Z,3.751953125,3.75,1.0
2015-08-10T09:10:30.000000Z,3.751953125,3.75,1.0
2015-08-10T09:10:55.000000Z,3.751953125,3.748046875,1.0
2015-08-10T09:11:00.000000Z,3.751953125,3.75,1.0
2015-08-10T09:11:10.000000Z,3.751953125,3.75,1.0
2015-08-10T09:11:25.000000Z,3.751953125,3.75,1.0
2015-08-10T09:11:30.000000Z,3.751953125,3.75,1.0
2015-08-10T09:11:55.000000Z,3.751953125,3.748046875,1.0
2015-08-10T09:12:00.000000Z,3.751953125,3.75,1.0
2015-08-10T09:12:10.000000Z,3.751953125,3.75,1.0
2015-08-10T09:12:25.000000Z,3.751953125,3.75,1.0
2015-08-10T09:12:30.000000Z,3.751953125,3.75,1.0
2015-08-10T09:12:55.000000Z,3.751953125,3.748046875,1.0
2015-08-10T09:13:00.000000Z,3.751953125,3.75,1.0
2015-08-10T09:13:10.000000Z,3.751953125,3.75,1.0
2015-08-10T09:13:25.000000Z,3.751953125,3.75,1.0
2015-08-10T09:13:30.000000Z,3.751953125,3.75,1.0
2015-08-10T09:14:00.000000Z,3.751953125,3.748046875,1.0
2015-08-10T09:14:05.000000Z,3.751953125,3.75,1.0
2015-08-10T09:14:10.000000Z,3.751953125,3.75,1.0
2015-08-10T09:14:25.000000Z,3.751953125,3.75,1.0
2015-08-10T09:14:30.000000Z,3.751953125,3.75,1.0
2015-08-10T09:15:00.000000Z,3.751953125,3.748046875,2.0
2015-08-10T09:15:10.000000Z,3.751953125,3.75,2.0
2015-08-10T09:15:30.000000Z,3.751953125,3.75,2.0
2015-08-10T09:16:00.000000Z,3.751953125,3.748046875,2.0
2015-08-10T09:16:10.000000Z,3.751953125,3.75,1.0
2015-08-10T09:16:25.000000Z,3.751953125,3.75,1.0
2015-08-10T09:16:30.000000Z,3.751953125,3.75,1.0
2015-08-10T09:16:55.000000Z,3.751953125,3.748046875,1.0
2015-08-10T09:17:00.000000Z,3.751953125,3.75,1.0
2015-08-10T09:17:10.000000Z,3.751953125,3.75,2.0
2015-08-10T09:17:25.000000Z,3.751953125,3.75,1.0
2015-08-10T09:17:30.000000Z,3.751953125,3.75,1.0
2015-08-10T09:17:55.000000Z,3.751953125,3.748046875,1.0
2015-08-10T09:18:00.000000Z,3.751953125,3.748046875,1.0
2015-08-10T09:18:10.000000Z,3.751953125,3.75,1.0
2015-08-10T09:18:25.000000Z,3.751953125,3.75,1.0
2015-08-10T09:18:30.000000Z,3.751953125,3.75,1.0
2015-08-10T09:19:00.000000Z,3.751953125,3.748046875,2.0
2015-08-10T09:19:10.000000Z,3.751953125,3.75,2.0
2015-08-10T09:19:25.000000Z,3.751953125,3.75,1.0
2015-08-10T09:19:30.000000Z,3.751953125,3.75,1.0
2015-08-10T09:20:00.000000Z,3.751953125,3.75,2.0
2015-08-10T09:20:10.000000Z,3.751953125,3.75,1.0
2015-08-10T09:20:25.000000Z,3.751953125,3.75,1.0
2015-08-10T09:20:30.000000Z,3.751953125,3.75,1.0
2015-08-10T09:20:55.000000Z,3.751953125,3.748046875,1.0
2015-08-10T09:21:00.000000Z,3.751953125,3.748046875,1.0
2015-08-10T09:21:10.000000Z,3.751953125,3.75,1.0
2015-08-10T09:21:25.000000Z,3.751953125,3.75,1.0
2015-08-10T09:21:30.000000Z,3.751953125,3.75,1.0
2015-08-10T09:21:55.000000Z,3.751953125,3.748046875,1.0
2015-08-10T09:22:00.000000Z,3.751953125,3.75,1.0
2015-08-10T09:22:10.000000Z,3.751953125,3.75,1.0
2015-08-10T09:22:25.000000Z,3.751953125,3.75,1.0
2015-08-10T09:22:30.000000Z,3.751953125,3.75,1.0
2015-08-10T09:22:55.000000Z,3.751953125,3.748046875,1.0
2015-08-10T09:23:00.000000Z,3.751953125,3.75,1.0
2015-08-10T09:23:10.000000Z,3.751953125,3.75,2.0
2015-08-10T09:23:25.000000Z,3.751953125,3.75,1.0
2015-08-10T09:23:30.000000Z,3.751953125,3.75,1.0
2015-08-10T09:23:55.000000Z,3.751953125,3.748046875,1.0
2015-08-10T09:24:00.000000Z,3.751953125,3.748046875,1.0
2015-08-10T09:24:10.000000Z,3.751953125,3.75,1.0
2015-08-10T09:24:25.000000Z,3.751953125,3.75,1.0
2015-08-10T09:24:30.000000Z,3.751953125,3.75,1.0
2015-08-10T09:24:55.000000Z,3.751953125,3.748046875,1.0
2015-08-10T09:25:05.000000Z,3.751953125,3.75,1.0
2015-08-10T09:25:10.000000Z,3.751953125,3.75,1.0
2015-08-10T09:25:25.000000Z,3.751953125,3.75,1.0
2015-08-10T09:25:30.000000Z,3.751953125,3.75,1.0
2015-08-10T09:26:00.000000Z,3.751953125,3.748046875,2.0
2015-08-10T09:26:10.000000Z,3.751953125,3.75,1.0
2015-08-10T09:26:25.000000Z,3.751953125,3.75,1.0
2015-08-10T09:26:30.000000Z,3.751953125,3.75,1.0
2015-08-10T09:27:00.000000Z,3.751953125,3.748046875,1.0
2015-08-10T09:27:05.000000Z,3.751953125,3.75,1.0
2015-08-10T09:27:10.000000Z,3.751953125,3.75,1.0
2015-08-10T09:27:25.000000Z,3.751953125,3.75,1.0
2015-08-10T09:27:30.000000Z,3.751953125,3.75,1.0
2015-08-10T09:27:55.000000Z,3.751953125,3.748046875,1.0
2015-08-10T09:28:00.000000Z,3.751953125,3.75,1.0
2015-08-10T09:28:10.000000Z,3.751953125,3.75,1.0
2015-08-10T09:28:25.000000Z,3.751953125,3.75,1.0
2015-08-10T09:28:30.000000Z,3.751953125,3.75,1.0
2015-08-10T09:29:00.000000Z,3.751953125,3.75,2.0
2015-08-10T09:29:10.000000Z,3.751953125,3.75,1.0
2015-08-10T09:29:25.000000Z,3.751953125,3.75,1.0
2015-08-10T09:29:30.000000Z,3.751953125,3.75,1.0
2015-08-10T09:30:00.000000Z,3.751953125,3.748046875,1.0
2015-08-10T09:30:05.000000Z,3.751953125,3.75,1.0
2015-08-10T09:30:10.000000Z,3.751953125,3.75,1.0
2015-08-10T09:30:25.000000Z,3.751953125,3.75,1.0
2015-08-10T09:30:30.000000Z,3.751953125,3.75,1.0
2015-08-10T09:31:00.000000Z,3.751953125,3.75,2.0
2015-08-10T09:31:10.000000Z,3.751953125,3.75,2.0
2015-08-10T09:31:25.000000Z,3.751953125,3.75,1.0
2015-08-10T09:31:30.000000Z,3.751953125,3.75,1.0
2015-08-10T09:32:00.000000Z,3.751953125,3.748046875,2.0
2015-08-10T09:32:10.000000Z,3.751953125,3.75,1.0
2015-08-10T09:32:25.000000Z,3.751953125,3.75,1.0
2015-08-10T09:32:30.000000Z,3.751953125,3.75,1.0
2015-08-10T09:33:00.000000Z,3.751953125,3.75,2.0
2015-08-10T09:33:10.000000Z,3.751953125,3.75,2.0
2015-08-10T09:33:25.000000Z,3.751953125,3.75,1.0
2015-08-10T09:33:30.000000Z,3.751953125,3.75,1.0
2015-08-10T09:34:00.000000Z,3.751953125,3.748046875,2.0
2015-08-10T09:34:10.000000Z,3.751953125,3.75,1.0
2015-08-10T09:34:25.000000Z,3.751953125,3.75,1.0
2015-08-10T09:34:30.000000Z,3.751953125,3.75,1.0
2015-08-10T09:34:55.000000Z,3.751953125,3.748046875,1.0
2015-08-10T09:35:00.000000Z,3.751953125,3.75,1.0
2015-08-10T09:35:10.000000Z,3.751953125,3.75,1.0
2015-08-10T09:35:25.000000Z,3.751953125,3.75,1.0
2015-08-10T09:35:30.000000Z,3.751953125,3.75,1.0
2015-08-10T09:35:55.000000Z,3.751953125,3.748046875,1.0
2015-08-10T09:36:05.000000Z,3.751953125,3.75,1.0
2015-08-10T09:36:10.000000Z,3.751953125,3.75,1.0
2015-08-10T09:36:25.000000Z,3.751953125,3.75,1.0
2015-08-10T09:36:30.000000Z,3.751953125,3.75,1.0
2015-08-10T09:36:55.000000Z,3.751953125,3.748046875,1.0
2015-08-10T09:37:00.000000Z,3.751953125,3.75,1.0
2015-08-10T09:37:10.000000Z,3.751953125,3.75,1.0
2015-08-10T09:37:25.000000Z,3.751953125,3.75,1.0
2015-08-10T09:37:30.000000Z,3.751953125,3.75,1.0
2015-08-10T09:37:55.000000Z,3.751953125,3.748046875,1.0
2015-08-10T09:38:05.000000Z,3.751953125,3.75,1.0
2015-08-10T09:38:10.000000Z,3.751953125,3.75,1.0
2015-08-10T09:38:25.000000Z,3.751953125,3.75,1.0
2015-08-10T09:38:30.000000Z,3.751953125,3.75,1.0
2015-08-10T09:38:55.000000Z,3.751953125,3.748046875,1.0
2015-08-10T09:39:00.000000Z,3.751953125,3.75,1.0
2015-08-10T09:39:10.000000Z,3.751953125,3.75,1.0
2015-08-10T09:39:25.000000Z,3.751953125,3.75,1.0
2015-08-10T09:39:30.000000Z,3.751953125,3.75,1.0
2015-08-10T09:40:00.000000Z,3.751953125,3.748046875,2.0
2015-08-10T09:40:15.000000Z,3.751953125,3.75,1.0
2015-08-10T09:40:25.000000Z,3.751953125,3.75,1.0
2015-08-10T09:40:30.000000Z,3.751953125,3.75,1.0
2015-08-10T09:40:55.000000Z,3.751953125,3.748046875,1.0
2015-08-10T09:41:00.000000Z,3.751953125,3.75,1.0
2015-08-10T09:41:10.000000Z,3.751953125,3.75,2.0
2015-08-10T09:41:55.000000Z,3.751953125,3.748046875,1.0
2015-08-10T09:42:00.000000Z,3.751953125,3.75,1.0
2015-08-10T09:42:10.000000Z,3.751953125,3.75,1.0
2015-08-10T09:42:25.000000Z,3.751953125,3.75,1.0
2015-08-10T09:42:30.000000Z,3.751953125,3.75,1.0
2015-08-10T09:42:55.000000Z,3.751953125,3.748046875,1.0
2015-08-10T09:43:00.000000Z,3.751953125,3.75,1.0
2015-08-10T09:43:10.000000Z,3.751953125,3.75,1.0
2015-08-10T09:43:25.000000Z,3.751953125,3.75,1.0
2015-08-10T09:43:30.000000Z,3.751953125,3.75,1.0
2015-08-10T09:44:00.000000Z,3.751953125,3.75,2.0
2015-08-10T09:44:10.000000Z,3.751953125,3.75,1.0
2015-08-10T09:44:25.000000Z,3.751953125,3.75,1.0
2015-08-10T09:44:30.000000Z,3.751953125,3.75,1.0
2015-08-10T09:44:55.000000Z,3.751953125,3.748046875,1.0
2015-08-10T09:45:00.000000Z,3.751953125,3.748046875,1.0
2015-08-10T09:45:10.000000Z,3.751953125,3.75,1.0
2015-08-10T09:45:25.000000Z,3.751953125,3.75,1.0
2015-08-10T09:45:30.000000Z,3.751953125,3.75,1.0
2015-08-10T09:46:00.000000Z,3.751953125,3.75,2.0
2015-08-10T09:46:10.000000Z,3.751953125,3.75,1.0
2015-08-10T09:46:25.000000Z,3.751953125,3.75,1.0
2015-08-10T09:46:30.000000Z,3.751953125,3.75,1.0
2015-08-10T09:47:00.000000Z,3.751953125,3.748046875,1.0
2015-08-10T09:47:05.000000Z,3.751953125,3.75,1.0
2015-08-10T09:47:10.000000Z,3.751953125,3.75,1.0
2015-08-10T09:47:25.000000Z,3.751953125,3.75,1.0
2015-08-10T09:47:30.000000Z,3.751953125,3.75,1.0
2015-08-10T09:48:00.000000Z,3.751953125,3.75,2.0
2015-08-10T09:48:10.000000Z,3.751953125,3.75,1.0
2015-08-10T09:48:25.000000Z,3.751953125,3.75,1.0
2015-08-10T09:48:30.000000Z,3.751953125,3.75,1.0
2015-08-10T09:49:00.000000Z,3.751953125,3.75,2.0
2015-08-10T09:49:10.000000Z,3.751953125,3.75,1.0
2015-08-10T09:49:25.000000Z,3.751953125,3.75,1.0
2015-08-10T09:49:30.000000Z,3.751953125,3.75,1.0
2015-08-10T09:50:00.000000Z,3.751953125,3.748046875,1.0
2015-08-10T09:50:05.000000Z,3.751953125,3.75,1.0
2015-08-10T09:50:10.000000Z,3.751953125,3.75,1.0
2015-08-10T09:50:25.000000Z,3.751953125,3.75,1.0
2015-08-10T09:50:30.000000Z,3.751953125,3.75,1.0
2015-08-10T09:50:55.000000Z,3.751953125,3.748046875,1.0
2015-08-10T09:51:00.000000Z,3.751953125,3.75,1.0
2015-08-10T09:51:10.000000Z,3.751953125,3.75,2.0
2015-08-10T09:51:25.000000Z,3.751953125,3.75,1.0
2015-08-10T09:51:30.000000Z,3.751953125,3.75,1.0
2015-08-10T09:52:00.000000Z,3.751953125,3.748046875,1.0
2015-08-10T09:52:05.000000Z,3.751953125,3.75,1.0
2015-08-10T09:52:10.000000Z,3.751953125,3.75,1.0
2015-08-10T09:52:25.000000Z,3.751953125,3.75,1.0
2015-08-10T09:52:30.000000Z,3.751953125,3.75,1.0
2015-08-10T09:53:00.000000Z,3.751953125,3.748046875,2.0
2015-08-10T09:53:10.000000Z,3.751953125,3.75,2.0
2015-08-10T09:53:25.000000Z,3.751953125,3.75,1.0
2015-08-10T09:53:30.000000Z,3.751953125,3.75,1.0
2015-08-10T09:54:00.000000Z,3.751953125,3.748046875,2.0
2015-08-10T09:54:10.000000Z,3.751953125,3.75,1.0
2015-08-10T09:54:25.000000Z,3.751953125,3.75,1.0
2015-08-10T09:54:30.000000Z,3.751953125,3.75,1.0
2015-08-10T09:55:00.000000Z,3.751953125,3.748046875,2.0
2015-08-10T09:55:10.000000Z,3.751953125,3.75,1.0
2015-08-10T09:55:25.000000Z,3.751953125,3.75,1.0
2015-08-10T09:55:30.000000Z,3.751953125,3.75,1.0
2015-08-10T09:55:55.000000Z,3.751953125,3.748046875,1.0
2015-08-10T09:56:05.000000Z,3.751953125,3.75,1.0
2015-08-10T09:56:10.000000Z,3.751953125,3.75,1.0
2015-08-10T09:56:25.000000Z,3.751953125,3.75,1.0
2015-08-10T09:56:30.000000Z,3.751953125,3.75,1.0
2015-08-10T09:56:55.000000Z,3.751953125,3.748046875,1.0
2015-08-10T09:57:00.000000Z,3.751953125,3.75,1.0
2015-08-10T09:57:10.000000Z,3.751953125,3.75,1.0
2015-08-10T09:57:25.000000Z,3.751953125,3.75,1.0
2015-08-10T09:57:30.000000Z,3.751953125,3.75,1.0
2015-08-10T09:58:00.000000Z,3.751953125,3.748046875,1.0
2015-08-10T09:58:05.000000Z,3.751953125,3.75,1.0
2015-08-10T09:58:10.000000Z,3.751953125,3.75,1.0
2015-08-10T09:58:25.000000Z,3.751953125,3.75,1.0
2015-08-10T09:58:30.000000Z,3.751953125,3.75,1.0
2015-08-10T09:58:55.000000Z,3.751953125,3.748046875,1.0
2015-08-10T09:59:00.000000Z,3.751953125,3.75,1.0
2015-08-10T09:59:10.000000Z,3.751953125,3.75,1.0
2015-08-10T09:59:25.000000Z,3.751953125,3.75,1.0
2015-08-10T09:59:30.000000Z,3.751953125,3.75,1.0
2015-08-10T10:00:00.000000Z,3.751953125,3.748046875,2.0
2015-08-10T10:00:10.000000Z,3.751953125,3.75,1.0
2015-08-10T10:00:25.000000Z,3.751953125,3.75,1.0
2015-08-10T10:00:30.000000Z,3.751953125,3.75,1.0
2015-08-10T10:00:55.000000Z,3.751953125,3.748046875,1.0
2015-08-10T10:01:05.000000Z,3.751953125,3.75,1.0
2015-08-10T10:01:10.000000Z,3.751953125,3.75,1.0
2015-08-10T10:01:25.000000Z,3.751953125,3.75,1.0
2015-08-10T10:01:30.000000Z,3.751953125,3.75,1.0
2015-08-10T10:02:00.000000Z,3.751953125,3.748046875,2.0
2015-08-10T10:02:10.000000Z,3.751953125,3.75,1.0
2015-08-10T10:02:25.000000Z,3.751953125,3.75,1.0
2015-08-10T10:02:30.000000Z,3.751953125,3.75,1.0
2015-08-10T10:03:00.000000Z,3.751953125,3.748046875,2.0
2015-08-10T10:03:10.000000Z,3.751953125,3.75,1.0
2015-08-10T10:03:25.000000Z,3.751953125,3.75,1.0
2015-08-10T10:03:30.000000Z,3.751953125,3.75,1.0
2015-08-10T10:04:00.000000Z,3.751953125,3.748046875,2.0
2015-08-10T10:04:10.000000Z,3.751953125,3.75,1.0
2015-08-10T10:04:25.000000Z,3.751953125,3.75,1.0
2015-08-10T10:04:30.000000Z,3.751953125,3.75,1.0
2015-08-10T10:04:55.000000Z,3.751953125,3.748046875,1.0
2015-08-10T10:05:05.000000Z,3.751953125,3.75,1.0
2015-08-10T10:05:10.000000Z,3.751953125,3.75,1.0
2015-08-10T10:05:25.000000Z,3.751953125,3.75,1.0
2015-08-10T10:05:30.000000Z,3.751953125,3.75,1.0
2015-08-10T10:05:55.000000Z,3.751953125,3.748046875,1.0
2015-08-10T10:06:00.000000Z,3.751953125,3.748046875,1.0
2015-08-10T10:06:10.000000Z,3.751953125,3.75,1.0
2015-08-10T10:06:25.000000Z,3.751953125,3.75,1.0
2015-08-10T10:06:30.000000Z,3.751953125,3.75,1.0
2015-08-10T10:06:55.000000Z,3.751953125,3.748046875,1.0
2015-08-10T10:07:05.000000Z,3.751953125,3.75,1.0
2015-08-10T10:07:10.000000Z,3.751953125,3.75,1.0
2015-08-10T10:07:25.000000Z,3.751953125,3.75,1.0
2015-08-10T10:07:30.000000Z,3.751953125,3.75,1.0
2015-08-10T10:08:00.000000Z,3.751953125,3.748046875,2.0
2015-08-10T10:08:10.000000Z,3.751953125,3.75,1.0
2015-08-10T10:08:25.000000Z,3.751953125,3.75,1.0
2015-08-10T10:08:30.000000Z,3.751953125,3.75,1.0
2015-08-10T10:09:00.000000Z,3.751953125,3.75,2.0
2015-08-10T10:09:10.000000Z,3.751953125,3.75,1.0
2015-08-10T10:09:25.000000Z,3.751953125,3.75,1.0
2015-08-10T10:09:30.000000Z,3.751953125,3.75,1.0
2015-08-10T10:10:00.000000Z,3.751953125,3.748046875,1.0
2015-08-10T10:10:05.000000Z,3.751953125,3.75,1.0
2015-08-10T10:10:10.000000Z,3.751953125,3.75,1.0
2015-08-10T10:10:25.000000Z,3.751953125,3.75,1.0
2015-08-10T10:10:30.000000Z,3.751953125,3.75,1.0
2015-08-10T10:10:55.000000Z,3.751953125,3.748046875,1.0
2015-08-10T10:11:00.000000Z,3.751953125,3.748046875,1.0
2015-08-10T10:11:10.000000Z,3.751953125,3.75,1.0
2015-08-10T10:11:25.000000Z,3.751953125,3.75,1.0
2015-08-10T10:11:30.000000Z,3.751953125,3.75,1.0
2015-08-10T10:11:55.000000Z,3.751953125,3.748046875,1.0
2015-08-10T10:12:00.000000Z,3.751953125,3.75,1.0
2015-08-10T10:12:10.000000Z,3.751953125,3.75,1.0
2015-08-10T10:12:25.000000Z,3.751953125,3.75,1.0
2015-08-10T10:12:30.000000Z,3.751953125,3.75,1.0
2015-08-10T10:13:00.000000Z,3.751953125,3.748046875,2.0
2015-08-10T10:13:10.000000Z,3.751953125,3.75,1.0
2015-08-10T10:13:25.000000Z,3.751953125,3.75,1.0
2015-08-10T10:13:30.000000Z,3.751953125,3.75,1.0
2015-08-10T10:14:00.000000Z,3.751953125,3.75,2.0
2015-08-10T10:14:10.000000Z,3.751953125,3.75,1.0
2015-08-10T10:14:25.000000Z,3.751953125,3.75,1.0
2015-08-10T10:14:30.000000Z,3.751953125,3.75,1.0
2015-08-10T10:14:55.000000Z,3.751953125,3.748046875,1.0
2015-08-10T10:15:00.000000Z,3.751953125,3.748046875,1.0
2015-08-10T10:15:10.000000Z,3.751953125,3.75,1.0
2015-08-10T10:15:25.000000Z,3.751953125,3.75,1.0
2015-08-10T10:15:30.000000Z,3.751953125,3.75,1.0
2015-08-10T10:16:00.000000Z,3.751953125,3.748046875,1.0
2015-08-10T10:16:05.000000Z,3.751953125,3.75,1.0
2015-08-10T10:16:10.000000Z,3.751953125,3.75,1.0
2015-08-10T10:16:25.000000Z,3.751953125,3.75,1.0
2015-08-10T10:16:30.000000Z,3.751953125,3.75,1.0
2015-08-10T10:16:55.000000Z,3.751953125,3.748046875,1.0
2015-08-10T10:17:00.000000Z,3.751953125,3.75,1.0
2015-08-10T10:17:10.000000Z,3.751953125,3.75,1.0
2015-08-10T10:17:25.000000Z,3.751953125,3.75,1.0
2015-08-10T10:17:30.000000Z,3.751953125,3.75,1.0
2015-08-10T10:17:55.000000Z,3.751953125,3.748046875,1.0
2015-08-10T10:18:00.000000Z,3.751953125,3.75,1.0
2015-08-10T10:18:10.000000Z,3.751953125,3.75,1.0
2015-08-10T10:18:25.000000Z,3.751953125,3.75,1.0
2015-08-10T10:18:35.000000Z,3.751953125,3.75,1.0
2015-08-10T10:18:55.000000Z,3.751953125,3.748046875,1.0
2015-08-10T10:19:00.000000Z,3.751953125,3.748046875,1.0
2015-08-10T10:19:10.000000Z,3.751953125,3.75,2.0
2015-08-10T10:19:25.000000Z,3.751953125,3.75,1.0
2015-08-10T10:19:30.000000Z,3.751953125,3.75,1.0
2015-08-10T10:19:55.000000Z,3.751953125,3.748046875,1.0
2015-08-10T10:20:00.000000Z,3.751953125,3.748046875,1.0
2015-08-10T10:20:10.000000Z,3.751953125,3.75,1.0
2015-08-10T10:20:25.000000Z,3.751953125,3.75,1.0
2015-08-10T10:20:30.000000Z,3.751953125,3.75,1.0
2015-08-10T10:20:55.000000Z,3.751953125,3.748046875,1.0
2015-08-10T10:21:00.000000Z,3.751953125,3.748046875,1.0
2015-08-10T10:21:10.000000Z,3.751953125,3.75,1.0
2015-08-10T10:21:25.000000Z,3.751953125,3.75,1.0
2015-08-10T10:21:30.000000Z,3.751953125,3.75,1.0
2015-08-10T10:22:00.000000Z,3.751953125,3.748046875,2.0
2015-08-10T10:22:10.000000Z,3.751953125,3.75,1.0
2015-08-10T10:22:25.000000Z,3.751953125,3.75,1.0
2015-08-10T10:22:30.000000Z,3.751953125,3.75,1.0
2015-08-10T10:22:55.000000Z,3.751953125,3.748046875,1.0
2015-08-10T10:23:00.000000Z,3.751953125,3.75,1.0
2015-08-10T10:23:10.000000Z,3.751953125,3.75,2.0
2015-08-10T10:23:25.000000Z,3.751953125,3.75,1.0
2015-08-10T10:23:30.000000Z,3.751953125,3.75,1.0
2015-08-10T10:24:00.000000Z,3.751953125,3.75,2.0
2015-08-10T10:24:10.000000Z,3.751953125,3.75,1.0
2015-08-10T10:24:25.000000Z,3.751953125,3.75,1.0
2015-08-10T10:24:30.000000Z,3.751953125,3.75,1.0
2015-08-10T10:25:00.000000Z,3.751953125,3.748046875,1.0
2015-08-10T10:25:05.000000Z,3.751953125,3.75,1.0
2015-08-10T10:25:10.000000Z,3.751953125,3.75,1.0
2015-08-10T10:25:25.000000Z,3.751953125,3.75,1.0
2015-08-10T10:25:30.000000Z,3.751953125,3.75,1.0
2015-08-10T10:26:00.000000Z,3.751953125,3.748046875,2.0
2015-08-10T10:26:10.000000Z,3.751953125,3.75,1.0
2015-08-10T10:26:25.000000Z,3.751953125,3.75,1.0
2015-08-10T10:26:30.000000Z,3.751953125,3.75,1.0
2015-08-10T10:27:00.000000Z,3.751953125,3.75,2.0
2015-08-10T10:27:10.000000Z,3.751953125,3.75,1.0
2015-08-10T10:27:25.000000Z,3.751953125,3.75,1.0
2015-08-10T10:27:30.000000Z,3.751953125,3.75,1.0
2015-08-10T10:28:00.000000Z,3.751953125,3.75,2.0
2015-08-10T10:28:10.000000Z,3.751953125,3.75,1.0
2015-08-10T10:28:25.000000Z,3.751953125,3.75,1.0
2015-08-10T10:28:30.000000Z,3.751953125,3.75,1.0
2015-08-10T10:28:55.000000Z,3.751953125,3.748046875,1.0
2015-08-10T10:29:00.000000Z,3.751953125,3.75,1.0
2015-08-10T10:29:10.000000Z,3.751953125,3.75,2.0
2015-08-10T10:29:25.000000Z,3.751953125,3.75,1.0
2015-08-10T10:29:30.000000Z,3.751953125,3.75,1.0
2015-08-10T10:29:55.000000Z,3.751953125,3.748046875,1.0
2015-08-10T10:30:05.000000Z,3.751953125,3.75,1.0
2015-08-10T10:30:10.000000Z,3.751953125,3.75,1.0
2015-08-10T10:30:25.000000Z,3.751953125,3.75,1.0
2015-08-10T10:30:30.000000Z,3.751953125,3.75,1.0
2015-08-10T10:30:55.000000Z,3.751953125,3.748046875,1.0
2015-08-10T10:31:00.000000Z,3.751953125,3.75,1.0
2015-08-10T10:31:10.000000Z,3.751953125,3.75,1.0
2015-08-10T10:31:15.000000Z,3.751953125,3.75,1.0
2015-08-10T10:31:25.000000Z,3.751953125,3.75,1.0
2015-08-10T10:31:30.000000Z,3.751953125,3.75,1.0
2015-08-10T10:31:55.000000Z,3.751953125,3.748046875,1.0
2015-08-10T10:32:00.000000Z,3.751953125,3.748046875,1.0
2015-08-10T10:32:10.000000Z,3.751953125,3.75,1.0
2015-08-10T10:32:25.000000Z,3.751953125,3.75,1.0
2015-08-10T10:32:30.000000Z,3.751953125,3.75,1.0
2015-08-10T10:33:00.000000Z,3.751953125,3.748046875,2.0
2015-08-10T10:33:10.000000Z,3.751953125,3.75,2.0
2015-08-10T10:33:25.000000Z,3.751953125,3.75,1.0
2015-08-10T10:33:30.000000Z,3.751953125,3.75,1.0
2015-08-10T10:33:55.000000Z,3.751953125,3.748046875,1.0
2015-08-10T10:34:00.000000Z,3.751953125,3.748046875,1.0
2015-08-10T10:34:10.000000Z,3.751953125,3.75,1.0
2015-08-10T10:34:25.000000Z,3.751953125,3.75,1.0
2015-08-10T10:34:30.000000Z,3.751953125,3.75,1.0
2015-08-10T10:34:55.000000Z,3.751953125,3.748046875,1.0
2015-08-10T10:35:00.000000Z,3.751953125,3.75,1.0
2015-08-10T10:35:10.000000Z,3.751953125,3.75,1.0
2015-08-10T10:35:25.000000Z,3.751953125,3.75,1.0
2015-08-10T10:35:30.000000Z,3.751953125,3.75,1.0
2015-08-10T10:35:50.000000Z,3.751953125,3.748046875,1.0
2015-08-10T10:36:00.000000Z,3.751953125,3.75,2.0
2015-08-10T10:36:10.000000Z,3.751953125,3.75,1.0
2015-08-10T10:36:25.000000Z,3.751953125,3.75,1.0
2015-08-10T10:36:30.000000Z,3.751953125,3.748046875,2.0
2015-08-10T10:36:40.000000Z,3.751953125,3.748046875,2.0
2015-08-10T10:36:50.000000Z,3.751953125,3.748046875,2.0
2015-08-10T10:36:55.000000Z,3.751953125,3.748046875,3.0
2015-08-10T10:37:05.000000Z,3.751953125,3.75,1.0
2015-08-10T10:37:10.000000Z,3.751953125,3.75,1.0
2015-08-10T10:37:25.000000Z,3.751953125,3.75,1.0
2015-08-10T10:37:30.000000Z,3.751953125,3.75,1.0
2015-08-10T10:37:55.000000Z,3.751953125,3.748046875,1.0
2015-08-10T10:38:05.000000Z,3.751953125,3.75,1.0
2015-08-10T10:38:10.000000Z,3.751953125,3.75,1.0
2015-08-10T10:38:55.000000Z,3.751953125,3.748046875,1.0
2015-08-10T10:39:00.000000Z,3.751953125,3.748046875,1.0
2015-08-10T10:39:10.000000Z,3.751953125,3.75,1.0
2015-08-10T10:39:25.000000Z,3.751953125,3.75,1.0
2015-08-10T10:39:35.000000Z,3.751953125,3.75,1.0
2015-08-10T10:39:55.000000Z,3.751953125,3.748046875,1.0
2015-08-10T10:41:00.000000Z,3.751953125,3.75,1.0
2015-08-10T10:41:15.000000Z,3.751953125,3.75,1.0
2015-08-10T10:41:25.000000Z,3.751953125,3.75,2.0
2015-08-10T10:41:35.000000Z,3.751953125,3.75,1.0
2015-08-10T10:41:55.000000Z,3.751953125,3.75,1.0
2015-08-10T10:42:05.000000Z,3.751953125,3.75,1.0
2015-08-10T10:42:10.000000Z,3.751953125,3.75,1.0
2015-08-10T10:42:25.000000Z,3.751953125,3.75,1.0
2015-08-10T10:42:30.000000Z,3.751953125,3.75,1.0
2015-08-10T10:42:55.000000Z,3.751953125,3.75,1.0
2015-08-10T10:43:05.000000Z,3.751953125,3.75,1.0
2015-08-10T10:43:10.000000Z,3.751953125,3.75,1.0
2015-08-10T10:43:25.000000Z,3.751953125,3.75,1.0
2015-08-10T10:43:30.000000Z,3.751953125,3.75,1.0
2015-08-10T10:43:55.000000Z,3.751953125,3.75,1.0
2015-08-10T10:44:00.000000Z,3.751953125,3.75,1.0
2015-08-10T10:44:10.000000Z,3.751953125,3.75,1.0
2015-08-10T10:44:25.000000Z,3.751953125,3.75,1.0
2015-08-10T10:44:30.000000Z,3.751953125,3.75,1.0
2015-08-10T10:44:55.000000Z,3.751953125,3.75,1.0
2015-08-10T10:45:00.000000Z,3.751953125,3.75,1.0
2015-08-10T10:45:10.000000Z,3.751953125,3.75,1.0
2015-08-10T10:45:25.000000Z,3.751953125,3.75,1.0
2015-08-10T10:45:30.000000Z,3.751953125,3.75,1.0
2015-08-10T10:46:00.000000Z,3.751953125,3.75,2.0
2015-08-10T10:46:10.000000Z,3.751953125,3.75,1.0
2015-08-10T10:46:25.000000Z,3.751953125,3.75,1.0
2015-08-10T10:46:30.000000Z,3.751953125,3.75,1.0
2015-08-10T10:47:00.000000Z,3.751953125,3.75,2.0
2015-08-10T10:47:10.000000Z,3.751953125,3.75,1.0
2015-08-10T10:47:25.000000Z,3.751953125,3.75,1.0
2015-08-10T10:47:30.000000Z,3.751953125,3.75,1.0
2015-08-10T10:48:00.000000Z,3.751953125,3.75,1.0
2015-08-10T10:48:05.000000Z,3.751953125,3.75,1.0
2015-08-10T10:48:10.000000Z,3.751953125,3.75,1.0
2015-08-10T10:48:25.000000Z,3.751953125,3.75,1.0
2015-08-10T10:48:30.000000Z,3.751953125,3.75,1.0
2015-08-10T10:49:00.000000Z,3.751953125,3.75,2.0
2015-08-10T10:49:10.000000Z,3.751953125,3.75,1.0
2015-08-10T10:49:25.000000Z,3.751953125,3.75,1.0
2015-08-10T10:49:30.000000Z,3.751953125,3.75,1.0
2015-08-10T10:50:00.000000Z,3.751953125,3.75,1.0
2015-08-10T10:50:05.000000Z,3.751953125,3.75,1.0
2015-08-10T10:50:10.000000Z,3.751953125,3.75,1.0
2015-08-10T10:50:25.000000Z,3.751953125,3.75,1.0
2015-08-10T10:50:30.000000Z,3.751953125,3.75,1.0
2015-08-10T10:51:00.000000Z,3.751953125,3.75,2.0
2015-08-10T10:51:10.000000Z,3.751953125,3.75,1.0
2015-08-10T10:51:25.000000Z,3.751953125,3.75,1.0
2015-08-10T10:51:30.000000Z,3.751953125,3.75,1.0
2015-08-10T10:52:00.000000Z,3.751953125,3.75,2.0
2015-08-10T10:52:10.000000Z,3.751953125,3.75,1.0
2015-08-10T10:52:25.000000Z,3.751953125,3.75,1.0
2015-08-10T10:52:30.000000Z,3.751953125,3.75,1.0
2015-08-10T10:53:00.000000Z,3.751953125,3.75,1.0
2015-08-10T10:53:05.000000Z,3.751953125,3.75,1.0
2015-08-10T10:53:10.000000Z,3.751953125,3.75,1.0
2015-08-10T10:53:25.000000Z,3.751953125,3.75,1.0
2015-08-10T10:53:30.000000Z,3.751953125,3.75,1.0
2015-08-10T10:54:00.000000Z,3.751953125,3.75,2.0
2015-08-10T10:54:10.000000Z,3.751953125,3.75,1.0
2015-08-10T10:54:25.000000Z,3.751953125,3.75,1.0
2015-08-10T10:54:30.000000Z,3.751953125,3.75,1.0
2015-08-10T10:55:00.000000Z,3.751953125,3.75,2.0
2015-08-10T10:55:10.000000Z,3.751953125,3.75,1.0
2015-08-10T10:55:25.000000Z,3.751953125,3.75,1.0
2015-08-10T11:00:50.000000Z,3.751953125,3.748046875,1.0
2015-08-10T11:01:10.000000Z,3.751953125,3.748046875,1.0
2015-08-10T11:01:15.000000Z,3.751953125,3.748046875,1.0
2015-08-10T11:01:20.000000Z,3.751953125,3.748046875,1.0
2015-08-10T11:01:50.000000Z,3.751953125,3.748046875,1.0
2015-08-10T11:02:40.000000Z,3.751953125,3.75,1.0
2015-08-10T11:24:15.000000Z,3.751953125,3.748046875,1.0
2015-08-10T11:24:20.000000Z,3.751953125,3.748046875,1.0
2015-08-10T11:24:30.000000Z,3.751953125,3.75,1.0
2015-08-10T12:32:00.000000Z,3.751953125,3.75,2.0
2015-08-10T12:32:10.000000Z,3.751953125,3.75,1.0
2015-08-10T12:32:25.000000Z,3.751953125,3.75,1.0
2015-08-10T12:32:30.000000Z,3.751953125,3.75,1.0
2015-08-10T12:33:00.000000Z,3.751953125,3.75,1.0
2015-08-10T12:33:10.000000Z,3.751953125,3.75,1.0
2015-08-10T12:33:25.000000Z,3.751953125,3.75,1.0
2015-08-10T12:33:30.000000Z,3.751953125,3.75,1.0
2015-08-10T12:34:00.000000Z,3.751953125,3.75,1.0
2015-08-10T12:34:10.000000Z,3.751953125,3.75,1.0
2015-08-10T12:34:25.000000Z,3.751953125,3.75,1.0
2015-08-10T12:34:30.000000Z,3.751953125,3.75,1.0
2015-08-10T12:35:00.000000Z,3.751953125,3.75,1.0
2015-08-10T12:35:10.000000Z,3.751953125,3.75,1.0
2015-08-10T12:35:25.000000Z,3.751953125,3.75,1.0
2015-08-10T12:35:30.000000Z,3.751953125,3.75,1.0
2015-08-10T12:36:00.000000Z,3.751953125,3.75,1.0
2015-08-10T12:36:10.000000Z,3.751953125,3.75,1.0
2015-08-10T12:36:25.000000Z,3.751953125,3.75,1.0
2015-08-10T12:36:30.000000Z,3.751953125,3.75,1.0
2015-08-10T12:37:00.000000Z,3.751953125,3.75,1.0
2015-08-10T12:37:10.000000Z,3.751953125,3.75,1.0
2015-08-10T12:37:25.000000Z,3.751953125,3.75,1.0
2015-08-10T12:37:30.000000Z,3.751953125,3.75,1.0
2015-08-10T12:38:00.000000Z,3.751953125,3.75,1.0
2015-08-10T12:38:10.000000Z,3.751953125,3.75,1.0
2015-08-10T12:38:25.000000Z,3.751953125,3.75,1.0
2015-08-10T12:38:30.000000Z,3.751953125,3.75,1.0
2015-08-10T12:38:35.000000Z,3.751953125,3.75,1.0
2015-08-10T12:39:00.000000Z,3.751953125,3.75,2.0
2015-08-10T12:39:10.000000Z,3.751953125,3.75,1.0
2015-08-10T12:39:25.000000Z,3.751953125,3.75,1.0
2015-08-10T12:39:30.000000Z,3.751953125,3.75,1.0
2015-08-10T12:39:55.000000Z,3.751953125,3.75,2.0
2015-08-10T12:40:00.000000Z,3.751953125,3.75,1.0
2015-08-10T12:40:10.000000Z,3.751953125,3.75,1.0
2015-08-10T12:40:25.000000Z,3.751953125,3.75,1.0
2015-08-10T12:40:30.000000Z,3.751953125,3.75,1.0
2015-08-10T12:41:00.000000Z,3.751953125,3.75,1.0
2015-08-10T12:41:10.000000Z,3.751953125,3.75,1.0
2015-08-10T12:41:25.000000Z,3.751953125,3.75,1.0
2015-08-10T12:41:30.000000Z,3.751953125,3.75,1.0
2015-08-10T12:42:00.000000Z,3.751953125,3.75,1.0
2015-08-10T12:42:10.000000Z,3.751953125,3.75,1.0
2015-08-10T12:42:25.000000Z,3.751953125,3.75,1.0
2015-08-10T12:42:30.000000Z,3.751953125,3.75,1.0
2015-08-10T12:43:00.000000Z,3.751953125,3.75,1.0
2015-08-10T12:43:10.000000Z,3.751953125,3.75,1.0
2015-08-10T12:43:25.000000Z,3.751953125,3.75,1.0
2015-08-10T12:43:30.000000Z,3.751953125,3.75,1.0
2015-08-10T12:44:00.000000Z,3.751953125,3.75,1.0
2015-08-10T12:44:10.000000Z,3.751953125,3.75,1.0
2015-08-10T12:44:25.000000Z,3.751953125,3.75,1.0
2015-08-10T12:44:30.000000Z,3.751953125,3.75,1.0
2015-08-10T12:45:00.000000Z,3.751953125,3.75,1.0
2015-08-10T12:45:10.000000Z,3.751953125,3.75,1.0
2015-08-10T12:45:25.000000Z,3.751953125,3.75,1.0
2015-08-10T12:45:30.000000Z,3.751953125,3.75,1.0
2015-08-10T12:46:00.000000Z,3.751953125,3.75,1.0
2015-08-10T12:46:10.000000Z,3.751953125,3.75,1.0
2015-08-10T12:46:25.000000Z,3.751953125,3.75,1.0
2015-08-10T12:46:30.000000Z,3.751953125,3.75,1.0
2015-08-10T12:47:00.000000Z,3.751953125,3.75,1.0
2015-08-10T12:47:10.000000Z,3.751953125,3.75,1.0
2015-08-10T12:47:25.000000Z,3.751953125,3.75,1.0
2015-08-10T12:47:30.000000Z,3.751953125,3.75,1.0
2015-08-10T12:48:00.000000Z,3.751953125,3.75,1.0
2015-08-10T12:48:10.000000Z,3.751953125,3.75,1.0
2015-08-10T12:48:25.000000Z,3.751953125,3.75,1.0
2015-08-10T12:48:30.000000Z,3.751953125,3.75,1.0
2015-08-10T12:49:00.000000Z,3.751953125,3.75,1.0
2015-08-10T12:49:10.000000Z,3.751953125,3.75,1.0
2015-08-10T12:49:25.000000Z,3.751953125,3.75,1.0
2015-08-10T12:49:30.000000Z,3.751953125,3.75,1.0
2015-08-10T12:50:00.000000Z,3.751953125,3.75,1.0
2015-08-10T12:50:10.000000Z,3.751953125,3.75,1.0
2015-08-10T12:50:25.000000Z,3.751953125,3.75,1.0
2015-08-10T12:50:30.000000Z,3.751953125,3.75,1.0
2015-08-10T12:51:00.000000Z,3.751953125,3.75,1.0
2015-08-10T12:51:10.000000Z,3.751953125,3.75,1.0
2015-08-10T12:51:25.000000Z,3.751953125,3.75,1.0
2015-08-10T12:51:30.000000Z,3.751953125,3.75,1.0
2015-08-10T12:52:00.000000Z,3.751953125,3.75,2.0
2015-08-10T12:52:25.000000Z,3.751953125,3.75,1.0
2015-08-10T12:52:30.000000Z,3.751953125,3.75,1.0
2015-08-10T12:53:00.000000Z,3.751953125,3.75,1.0
2015-08-10T12:53:10.000000Z,3.751953125,3.75,1.0
2015-08-10T12:53:25.000000Z,3.751953125,3.75,1.0
2015-08-10T12:53:30.000000Z,3.751953125,3.75,1.0
2015-08-10T12:54:05.000000Z,3.751953125,3.75,1.0
2015-08-10T12:54:10.000000Z,3.751953125,3.75,1.0
2015-08-10T12:54:25.000000Z,3.751953125,3.75,1.0
2015-08-10T12:54:30.000000Z,3.751953125,3.75,1.0
2015-08-10T12:55:00.000000Z,3.751953125,3.75,1.0
2015-08-10T12:55:10.000000Z,3.751953125,3.75,1.0
2015-08-10T12:55:25.000000Z,3.751953125,3.75,1.0
2015-08-10T12:55:30.000000Z,3.751953125,3.75,1.0
2015-08-10T12:56:05.000000Z,3.751953125,3.75,1.0
2015-08-10T12:56:10.000000Z,3.751953125,3.75,1.0
2015-08-10T12:56:25.000000Z,3.751953125,3.75,1.0
2015-08-10T12:56:30.000000Z,3.751953125,3.75,1.0
2015-08-10T12:57:00.000000Z,3.751953125,3.75,1.0
2015-08-10T12:57:10.000000Z,3.751953125,3.75,1.0
2015-08-10T12:57:25.000000Z,3.751953125,3.75,1.0
2015-08-10T12:57:30.000000Z,3.751953125,3.75,1.0
2015-08-10T12:58:00.000000Z,3.751953125,3.75,1.0
2015-08-10T12:58:10.000000Z,3.751953125,3.75,1.0
2015-08-10T12:58:25.000000Z,3.751953125,3.75,1.0
2015-08-10T12:58:30.000000Z,3.751953125,3.75,1.0
2015-08-10T12:59:00.000000Z,3.751953125,3.75,1.0
2015-08-10T12:59:10.000000Z,3.751953125,3.75,1.0
2015-08-10T12:59:25.000000Z,3.751953125,3.75,1.0
2015-08-10T12:59:30.000000Z,3.751953125,3.75,1.0
2015-08-10T13:00:00.000000Z,3.751953125,3.75,1.0
2015-08-10T13:00:10.000000Z,3.751953125,3.75,1.0
2015-08-10T13:00:25.000000Z,3.751953125,3.75,1.0
2015-08-10T13:00:30.000000Z,3.751953125,3.75,1.0
2015-08-10T13:01:00.000000Z,3.751953125,3.75,1.0
2015-08-10T13:01:10.000000Z,3.751953125,3.75,1.0
2015-08-10T13:01:25.000000Z,3.751953125,3.75,1.0
2015-08-10T13:01:30.000000Z,3.751953125,3.75,1.0
2015-08-10T13:02:00.000000Z,3.751953125,3.75,1.0
2015-08-10T13:02:10.000000Z,3.751953125,3.75,1.0
2015-08-10T13:02:25.000000Z,3.751953125,3.75,1.0
2015-08-10T13:02:30.000000Z,3.751953125,3.75,1.0
2015-08-10T13:03:00.000000Z,3.751953125,3.75,1.0
2015-08-10T13:03:10.000000Z,3.751953125,3.75,1.0
2015-08-10T13:03:25.000000Z,3.751953125,3.75,1.0
2015-08-10T13:03:30.000000Z,3.751953125,3.75,1.0
2015-08-10T13:04:00.000000Z,3.751953125,3.75,1.0
2015-08-10T13:04:10.000000Z,3.751953125,3.75,1.0
2015-08-10T13:04:25.000000Z,3.751953125,3.75,1.0
2015-08-10T13:04:30.000000Z,3.751953125,3.75,1.0
2015-08-10T13:05:00.000000Z,3.751953125,3.75,1.0
2015-08-10T13:05:10.000000Z,3.751953125,3.75,1.0
2015-08-10T13:05:25.000000Z,3.751953125,3.75,1.0
2015-08-10T13:05:30.000000Z,3.751953125,3.75,1.0
2015-08-10T13:06:00.000000Z,3.751953125,3.75,1.0
2015-08-10T13:06:10.000000Z,3.751953125,3.75,1.0
2015-08-10T13:06:25.000000Z,3.751953125,3.75,1.0
2015-08-10T13:06:30.000000Z,3.751953125,3.75,1.0
2015-08-10T13:07:00.000000Z,3.751953125,3.75,1.0
2015-08-10T13:07:10.000000Z,3.751953125,3.75,1.0
2015-08-10T13:07:25.000000Z,3.751953125,3.75,1.0
2015-08-10T13:07:30.000000Z,3.751953125,3.75,1.0
2015-08-10T13:08:00.000000Z,3.751953125,3.75,1.0
2015-08-10T13:08:10.000000Z,3.751953125,3.75,1.0
2015-08-10T13:08:25.000000Z,3.751953125,3.75,1.0
2015-08-10T13:08:30.000000Z,3.751953125,3.75,1.0
2015-08-10T13:09:00.000000Z,3.751953125,3.75,1.0
2015-08-10T13:09:10.000000Z,3.751953125,3.75,1.0
2015-08-10T13:09:25.000000Z,3.751953125,3.75,1.0
2015-08-10T13:09:30.000000Z,3.751953125,3.75,1.0
2015-08-10T13:10:05.000000Z,3.751953125,3.75,1.0
2015-08-10T13:10:10.000000Z,3.751953125,3.75,1.0
2015-08-10T13:10:25.000000Z,3.751953125,3.75,1.0
2015-08-10T13:10:30.000000Z,3.751953125,3.75,1.0
2015-08-10T13:11:05.000000Z,3.751953125,3.75,1.0
2015-08-10T13:11:10.000000Z,3.751953125,3.75,1.0
2015-08-10T13:11:25.000000Z,3.751953125,3.75,1.0
2015-08-10T13:11:30.000000Z,3.751953125,3.75,1.0
2015-08-10T13:12:05.000000Z,3.751953125,3.75,1.0
2015-08-10T13:12:10.000000Z,3.751953125,3.75,1.0
2015-08-10T13:12:25.000000Z,3.751953125,3.75,1.0
2015-08-10T13:12:30.000000Z,3.751953125,3.75,1.0
2015-08-10T13:13:00.000000Z,3.751953125,3.75,1.0
2015-08-10T13:13:10.000000Z,3.751953125,3.75,1.0
2015-08-10T13:13:25.000000Z,3.751953125,3.75,1.0
2015-08-10T13:13:30.000000Z,3.751953125,3.75,1.0
2015-08-10T13:14:00.000000Z,3.751953125,3.75,1.0
2015-08-10T13:14:10.000000Z,3.751953125,3.75,1.0
2015-08-10T13:14:25.000000Z,3.751953125,3.75,1.0
2015-08-10T13:14:30.000000Z,3.751953125,3.75,1.0
2015-08-10T13:15:00.000000Z,3.751953125,3.75,1.0
2015-08-10T13:15:10.000000Z,3.751953125,3.75,1.0
2015-08-10T13:15:25.000000Z,3.751953125,3.75,1.0
2015-08-10T13:15:30.000000Z,3.751953125,3.75,1.0
2015-08-10T13:16:00.000000Z,3.751953125,3.75,1.0
2015-08-10T13:16:10.000000Z,3.751953125,3.75,1.0
2015-08-10T13:16:25.000000Z,3.751953125,3.75,1.0
2015-08-10T13:16:30.000000Z,3.751953125,3.75,1.0
2015-08-10T13:17:00.000000Z,3.751953125,3.75,1.0
2015-08-10T13:17:10.000000Z,3.751953125,3.75,1.0
2015-08-10T13:17:25.000000Z,3.751953125,3.75,1.0
2015-08-10T13:17:30.000000Z,3.751953125,3.75,1.0
2015-08-10T13:18:00.000000Z,3.751953125,3.75,1.0
2015-08-10T13:18:10.000000Z,3.751953125,3.75,1.0
2015-08-10T13:18:25.000000Z,3.751953125,3.75,1.0
2015-08-10T13:18:30.000000Z,3.751953125,3.75,1.0
2015-08-10T13:19:05.000000Z,3.751953125,3.75,1.0
2015-08-10T13:19:10.000000Z,3.751953125,3.75,1.0
2015-08-10T13:19:25.000000Z,3.751953125,3.75,1.0
2015-08-10T13:19:30.000000Z,3.751953125,3.75,1.0
2015-08-10T13:20:00.000000Z,3.751953125,3.75,1.0
2015-08-10T13:20:10.000000Z,3.751953125,3.75,1.0
2015-08-10T13:20:25.000000Z,3.751953125,3.75,1.0
2015-08-10T13:20:30.000000Z,3.751953125,3.75,1.0
2015-08-10T13:21:00.000000Z,3.751953125,3.75,1.0
2015-08-10T13:21:10.000000Z,3.751953125,3.75,1.0
2015-08-10T13:21:25.000000Z,3.751953125,3.75,1.0
2015-08-10T13:21:30.000000Z,3.751953125,3.75,1.0
2015-08-10T13:22:00.000000Z,3.751953125,3.75,1.0
2015-08-10T13:22:10.000000Z,3.751953125,3.75,1.0
2015-08-10T13:22:25.000000Z,3.751953125,3.75,1.0
2015-08-10T13:22:30.000000Z,3.751953125,3.75,1.0
2015-08-10T13:23:00.000000Z,3.751953125,3.75,1.0
2015-08-10T13:23:10.000000Z,3.751953125,3.75,1.0
2015-08-10T13:23:25.000000Z,3.751953125,3.75,1.0
2015-08-10T13:23:30.000000Z,3.751953125,3.75,1.0
2015-08-10T13:24:00.000000Z,3.751953125,3.75,1.0
2015-08-10T13:24:10.000000Z,3.751953125,3.75,1.0
2015-08-10T13:24:25.000000Z,3.751953125,3.75,1.0
2015-08-10T13:24:30.000000Z,3.751953125,3.75,1.0
2015-08-10T13:25:05.000000Z,3.751953125,3.75,1.0
2015-08-10T13:25:10.000000Z,3.751953125,3.75,1.0
2015-08-10T13:25:25.000000Z,3.751953125,3.75,1.0
2015-08-10T13:25:30.000000Z,3.751953125,3.75,1.0
2015-08-10T13:26:00.000000Z,3.751953125,3.75,1.0
2015-08-10T13:26:10.000000Z,3.751953125,3.75,1.0
2015-08-10T13:26:25.000000Z,3.751953125,3.75,1.0
2015-08-10T13:26:30.000000Z,3.751953125,3.75,1.0
2015-08-10T13:27:00.000000Z,3.751953125,3.75,1.0
2015-08-10T13:27:10.000000Z,3.751953125,3.75,1.0
2015-08-10T13:27:25.000000Z,3.751953125,3.75,1.0
2015-08-10T13:27:30.000000Z,3.751953125,3.75,1.0
2015-08-10T13:28:00.000000Z,3.751953125,3.75,1.0
2015-08-10T13:28:10.000000Z,3.751953125,3.75,1.0
2015-08-10T13:30:00.000000Z,3.751953125,3.75,1.0
2015-08-10T13:30:10.000000Z,3.751953125,3.75,1.0
2015-08-10T13:30:25.000000Z,3.751953125,3.75,1.0
2015-08-10T13:30:30.000000Z,3.751953125,3.75,1.0
2015-08-10T13:31:00.000000Z,3.751953125,3.75,1.0
2015-08-10T13:31:10.000000Z,3.751953125,3.75,1.0
2015-08-10T13:31:25.000000Z,3.751953125,3.75,1.0
2015-08-10T13:31:30.000000Z,3.751953125,3.75,1.0
2015-08-10T13:32:05.000000Z,3.751953125,3.75,1.0
2015-08-10T13:32:20.000000Z,3.751953125,3.75,1.0
2015-08-10T13:32:25.000000Z,3.751953125,3.75,1.0
2015-08-10T13:32:30.000000Z,3.751953125,3.75,1.0
2015-08-10T13:33:05.000000Z,3.751953125,3.75,1.0
2015-08-10T13:33:10.000000Z,3.751953125,3.75,1.0
2015-08-10T13:33:25.000000Z,3.751953125,3.75,1.0
2015-08-10T13:33:30.000000Z,3.751953125,3.75,1.0
2015-08-10T13:34:00.000000Z,3.751953125,3.75,1.0
2015-08-10T13:34:10.000000Z,3.751953125,3.75,1.0
2015-08-10T13:34:25.000000Z,3.751953125,3.75,1.0
2015-08-10T13:34:30.000000Z,3.751953125,3.75,1.0
2015-08-10T13:35:05.000000Z,3.751953125,3.75,1.0
2015-08-10T13:35:10.000000Z,3.751953125,3.75,1.0
2015-08-10T13:35:25.000000Z,3.751953125,3.75,1.0
2015-08-10T13:35:30.000000Z,3.751953125,3.75,1.0
2015-08-10T13:36:00.000000Z,3.751953125,3.75,1.0
2015-08-10T13:36:10.000000Z,3.751953125,3.75,1.0
2015-08-10T13:36:25.000000Z,3.751953125,3.75,2.0
2015-08-10T13:36:30.000000Z,3.751953125,3.75,1.0
2015-08-10T13:37:00.000000Z,3.751953125,3.75,1.0
2015-08-10T13:37:10.000000Z,3.751953125,3.75,1.0
2015-08-10T13:37:25.000000Z,3.751953125,3.75,1.0
2015-08-10T13:37:30.000000Z,3.751953125,3.75,1.0
2015-08-10T13:38:00.000000Z,3.751953125,3.75,1.0
2015-08-10T13:38:10.000000Z,3.751953125,3.75,1.0
2015-08-10T13:38:25.000000Z,3.751953125,3.75,1.0
2015-08-10T13:38:30.000000Z,3.751953125,3.75,1.0
2015-08-10T13:39:00.000000Z,3.751953125,3.75,1.0
2015-08-10T13:39:10.000000Z,3.751953125,3.75,1.0
2015-08-10T13:39:25.000000Z,3.751953125,3.75,1.0
2015-08-10T13:39:30.000000Z,3.751953125,3.75,1.0
2015-08-10T13:40:00.000000Z,3.751953125,3.75,1.0
2015-08-10T13:40:10.000000Z,3.751953125,3.75,1.0
2015-08-10T13:40:25.000000Z,3.751953125,3.75,1.0
2015-08-10T13:40:30.000000Z,3.751953125,3.75,1.0
2015-08-10T13:41:00.000000Z,3.751953125,3.75,1.0
2015-08-10T13:41:10.000000Z,3.751953125,3.75,1.0
2015-08-10T13:41:25.000000Z,3.751953125,3.75,1.0
2015-08-10T13:41:30.000000Z,3.751953125,3.75,1.0
2015-08-10T13:42:05.000000Z,3.751953125,3.75,1.0
2015-08-10T13:42:10.000000Z,3.751953125,3.75,1.0
2015-08-10T13:42:25.000000Z,3.751953125,3.75,1.0
2015-08-10T13:42:30.000000Z,3.751953125,3.75,1.0
2015-08-10T13:43:00.000000Z,3.751953125,3.75,1.0
2015-08-10T13:43:10.000000Z,3.751953125,3.75,1.0
2015-08-10T13:43:25.000000Z,3.751953125,3.75,1.0
2015-08-10T13:43:30.000000Z,3.751953125,3.75,1.0
2015-08-10T13:44:00.000000Z,3.751953125,3.75,1.0
2015-08-10T13:44:10.000000Z,3.751953125,3.75,1.0
2015-08-10T13:44:25.000000Z,3.751953125,3.75,1.0
2015-08-10T13:44:30.000000Z,3.751953125,3.75,1.0
2015-08-10T13:45:00.000000Z,3.751953125,3.75,1.0
2015-08-10T13:45:10.000000Z,3.751953125,3.75,1.0
2015-08-10T13:45:25.000000Z,3.751953125,3.75,1.0
2015-08-10T13:45:30.000000Z,3.751953125,3.75,1.0
2015-08-10T13:46:05.000000Z,3.751953125,3.75,1.0
2015-08-10T13:46:10.000000Z,3.751953125,3.75,1.0
2015-08-10T13:46:25.000000Z,3.751953125,3.75,1.0
2015-08-10T13:46:30.000000Z,3.751953125,3.75,1.0
2015-08-10T13:47:00.000000Z,3.751953125,3.75,1.0
2015-08-10T13:47:10.000000Z,3.751953125,3.75,1.0
2015-08-10T13:47:25.000000Z,3.751953125,3.75,1.0
2015-08-10T13:47:30.000000Z,3.751953125,3.75,1.0
2015-08-10T13:48:00.000000Z,3.751953125,3.75,1.0
2015-08-10T13:48:10.000000Z,3.751953125,3.75,1.0
2015-08-10T13:48:25.000000Z,3.751953125,3.75,1.0
2015-08-10T13:48:30.000000Z,3.751953125,3.75,1.0
2015-08-10T13:49:00.000000Z,3.751953125,3.75,1.0
2015-08-10T13:49:10.000000Z,3.751953125,3.75,1.0
2015-08-10T13:49:25.000000Z,3.751953125,3.75,1.0
2015-08-10T13:49:30.000000Z,3.751953125,3.75,1.0
2015-08-10T13:50:00.000000Z,3.751953125,3.75,1.0
2015-08-10T13:50:10.000000Z,3.751953125,3.75,1.0
2015-08-10T13:50:25.000000Z,3.751953125,3.75,1.0
2015-08-10T13:50:30.000000Z,3.751953125,3.75,1.0
2015-08-10T13:51:00.000000Z,3.751953125,3.75,1.0
2015-08-10T13:51:10.000000Z,3.751953125,3.75,1.0
2015-08-10T13:51:25.000000Z,3.751953125,3.75,1.0
2015-08-10T13:51:30.000000Z,3.751953125,3.75,1.0
2015-08-10T13:52:00.000000Z,3.751953125,3.75,1.0
2015-08-10T13:52:10.000000Z,3.751953125,3.75,1.0
2015-08-10T13:52:25.000000Z,3.751953125,3.75,1.0
2015-08-10T13:52:30.000000Z,3.751953125,3.75,1.0
2015-08-10T13:52:55.000000Z,3.751953125,3.75,1.0
2015-08-10T13:53:00.000000Z,3.751953125,3.75,2.0
2015-08-10T13:53:10.000000Z,3.751953125,3.75,1.0
2015-08-10T13:53:25.000000Z,3.751953125,3.75,1.0
2015-08-10T13:53:30.000000Z,3.751953125,3.75,1.0
2015-08-10T13:54:00.000000Z,3.751953125,3.75,1.0
2015-08-10T13:54:10.000000Z,3.751953125,3.75,1.0
2015-08-10T13:54:25.000000Z,3.751953125,3.75,1.0
2015-08-10T13:54:30.000000Z,3.751953125,3.75,1.0
2015-08-10T13:55:00.000000Z,3.751953125,3.75,1.0
2015-08-10T13:55:10.000000Z,3.751953125,3.75,1.0
2015-08-10T13:55:25.000000Z,3.751953125,3.75,1.0
2015-08-10T13:55:30.000000Z,3.751953125,3.75,1.0
2015-08-10T13:56:00.000000Z,3.751953125,3.75,1.0
2015-08-10T13:56:10.000000Z,3.751953125,3.75,1.0
2015-08-10T13:56:25.000000Z,3.751953125,3.75,1.0
2015-08-10T13:56:30.000000Z,3.751953125,3.75,1.0
2015-08-10T13:57:00.000000Z,3.751953125,3.75,1.0
2015-08-10T13:58:00.000000Z,3.751953125,3.75,1.0
2015-08-10T13:58:25.000000Z,3.751953125,3.75,1.0
2015-08-10T13:58:30.000000Z,3.751953125,3.75,1.0
2015-08-10T13:58:55.000000Z,3.751953125,3.75,1.0
2015-08-10T13:59:00.000000Z,3.751953125,3.75,2.0
2015-08-10T13:59:10.000000Z,3.751953125,3.75,1.0
2015-08-10T13:59:25.000000Z,3.751953125,3.75,1.0
2015-08-10T13:59:30.000000Z,3.751953125,3.75,1.0
2015-08-10T14:00:05.000000Z,3.751953125,3.75,1.0
2015-08-10T14:00:10.000000Z,3.751953125,3.75,1.0
2015-08-10T14:00:25.000000Z,3.751953125,3.75,1.0
2015-08-10T14:00:30.000000Z,3.751953125,3.75,1.0
2015-08-10T14:01:05.000000Z,3.751953125,3.75,1.0
2015-08-10T14:01:10.000000Z,3.751953125,3.75,1.0
2015-08-10T14:01:25.000000Z,3.751953125,3.75,1.0
2015-08-10T14:01:30.000000Z,3.751953125,3.75,1.0
2015-08-10T14:02:00.000000Z,3.751953125,3.75,1.0
2015-08-10T14:02:10.000000Z,3.751953125,3.75,1.0
2015-08-10T14:02:25.000000Z,3.751953125,3.75,1.0
2015-08-10T14:02:30.000000Z,3.751953125,3.75,1.0
2015-08-10T14:03:00.000000Z,3.751953125,3.75,1.0
2015-08-10T14:03:10.000000Z,3.751953125,3.75,1.0
2015-08-10T14:03:25.000000Z,3.751953125,3.75,1.0
2015-08-10T14:03:30.000000Z,3.751953125,3.75,1.0
2015-08-10T14:04:00.000000Z,3.751953125,3.75,1.0
2015-08-10T14:04:10.000000Z,3.751953125,3.75,1.0
2015-08-10T14:04:25.000000Z,3.751953125,3.75,1.0
2015-08-10T14:04:30.000000Z,3.751953125,3.75,1.0
2015-08-10T14:05:00.000000Z,3.751953125,3.75,1.0
2015-08-10T14:05:10.000000Z,3.751953125,3.75,1.0
2015-08-10T14:05:25.000000Z,3.751953125,3.75,1.0
2015-08-10T14:05:30.000000Z,3.751953125,3.75,1.0
2015-08-10T14:06:00.000000Z,3.751953125,3.75,1.0
2015-08-10T14:06:10.000000Z,3.751953125,3.75,1.0
2015-08-10T14:06:25.000000Z,3.751953125,3.75,1.0
2015-08-10T14:06:30.000000Z,3.751953125,3.75,1.0
2015-08-10T14:07:00.000000Z,3.751953125,3.75,1.0
2015-08-10T14:07:10.000000Z,3.751953125,3.75,1.0
2015-08-10T14:07:25.000000Z,3.751953125,3.75,1.0
2015-08-10T14:07:30.000000Z,3.751953125,3.75,1.0
2015-08-10T14:08:00.000000Z,3.751953125,3.75,1.0
2015-08-10T14:08:10.000000Z,3.751953125,3.75,1.0
2015-08-10T14:08:25.000000Z,3.751953125,3.75,1.0
2015-08-10T14:08:30.000000Z,3.751953125,3.75,1.0
2015-08-10T14:09:00.000000Z,3.751953125,3.75,1.0
2015-08-10T14:09:10.000000Z,3.751953125,3.75,1.0
2015-08-10T14:09:25.000000Z,3.751953125,3.75,1.0
2015-08-10T14:09:30.000000Z,3.751953125,3.75,1.0
2015-08-10T14:09:50.000000Z,3.751953125,3.75,1.0
2015-08-10T14:10:00.000000Z,3.751953125,3.75,2.0
2015-08-10T14:10:10.000000Z,3.751953125,3.75,1.0
2015-08-10T14:10:25.000000Z,3.751953125,3.75,1.0
2015-08-10T14:10:30.000000Z,3.751953125,3.75,1.0
2015-08-10T14:11:00.000000Z,3.751953125,3.75,1.0
2015-08-10T14:11:10.000000Z,3.751953125,3.75,1.0
2015-08-10T14:11:25.000000Z,3.751953125,3.75,1.0
2015-08-10T14:11:30.000000Z,3.751953125,3.75,1.0
2015-08-10T14:12:00.000000Z,3.751953125,3.75,1.0
2015-08-10T14:12:10.000000Z,3.751953125,3.75,1.0
2015-08-10T14:12:25.000000Z,3.751953125,3.75,1.0
2015-08-10T14:12:30.000000Z,3.751953125,3.75,1.0
2015-08-10T14:13:00.000000Z,3.751953125,3.75,1.0
2015-08-10T14:13:10.000000Z,3.751953125,3.75,1.0
2015-08-10T14:13:25.000000Z,3.751953125,3.75,1.0
2015-08-10T14:13:30.000000Z,3.751953125,3.75,1.0
2015-08-10T14:14:00.000000Z,3.751953125,3.75,1.0
2015-08-10T14:14:10.000000Z,3.751953125,3.75,1.0
2015-08-10T14:14:25.000000Z,3.751953125,3.75,1.0
2015-08-10T14:14:30.000000Z,3.751953125,3.75,1.0
2015-08-10T14:15:00.000000Z,3.751953125,3.75,1.0
2015-08-10T14:15:10.000000Z,3.751953125,3.75,1.0
2015-08-10T14:15:25.000000Z,3.751953125,3.75,1.0
2015-08-10T14:15:30.000000Z,3.751953125,3.75,1.0
2015-08-10T14:15:35.000000Z,3.751953125,3.75,1.0
2015-08-10T14:16:00.000000Z,3.751953125,3.75,2.0
2015-08-10T14:16:10.000000Z,3.751953125,3.75,1.0
2015-08-10T14:16:25.000000Z,3.751953125,3.75,1.0
2015-08-10T14:16:30.000000Z,3.751953125,3.75,1.0
2015-08-10T14:17:00.000000Z,3.751953125,3.75,1.0
2015-08-10T14:17:10.000000Z,3.751953125,3.75,1.0
2015-08-10T14:17:25.000000Z,3.751953125,3.75,1.0
2015-08-10T14:17:30.000000Z,3.751953125,3.75,1.0
2015-08-10T14:18:05.000000Z,3.751953125,3.75,2.0
2015-08-10T14:18:25.000000Z,3.751953125,3.75,1.0
2015-08-10T14:18:30.000000Z,3.751953125,3.75,1.0
2015-08-10T14:19:00.000000Z,3.751953125,3.75,1.0
2015-08-10T14:19:10.000000Z,3.751953125,3.75,1.0
2015-08-10T14:19:25.000000Z,3.751953125,3.75,1.0
2015-08-10T14:19:30.000000Z,3.751953125,3.75,1.0
2015-08-10T14:20:00.000000Z,3.751953125,3.75,1.0
2015-08-10T14:20:10.000000Z,3.751953125,3.75,1.0
2015-08-10T14:20:25.000000Z,3.751953125,3.75,1.0
2015-08-10T14:20:30.000000Z,3.751953125,3.75,1.0
2015-08-10T14:20:50.000000Z,3.751953125,3.75,1.0
2015-08-10T14:21:00.000000Z,3.751953125,3.75,2.0
2015-08-10T14:21:10.000000Z,3.751953125,3.75,1.0
2015-08-10T14:21:25.000000Z,3.751953125,3.75,1.0
2015-08-10T14:21:30.000000Z,3.751953125,3.75,1.0
2015-08-10T14:22:00.000000Z,3.751953125,3.75,1.0
2015-08-10T14:22:10.000000Z,3.751953125,3.75,1.0
2015-08-10T14:22:25.000000Z,3.751953125,3.75,1.0
2015-08-10T14:22:30.000000Z,3.751953125,3.75,1.0
2015-08-10T14:23:00.000000Z,3.751953125,3.75,1.0
2015-08-10T14:23:10.000000Z,3.751953125,3.75,1.0
2015-08-10T14:23:25.000000Z,3.751953125,3.75,1.0
2015-08-10T14:23:30.000000Z,3.751953125,3.75,1.0
2015-08-10T14:24:00.000000Z,3.751953125,3.75,1.0
2015-08-10T14:24:10.000000Z,3.751953125,3.75,1.0
2015-08-10T14:24:25.000000Z,3.751953125,3.75,1.0
2015-08-10T14:24:30.000000Z,3.751953125,3.75,1.0
2015-08-10T14:25:00.000000Z,3.751953125,3.75,1.0
2015-08-10T14:25:10.000000Z,3.751953125,3.75,1.0
2015-08-10T14:25:25.000000Z,3.751953125,3.75,1.0
2015-08-10T14:25:30.000000Z,3.751953125,3.75,1.0
2015-08-10T14:26:00.000000Z,3.751953125,3.75,1.0
2015-08-10T14:26:05.000000Z,3.751953125,3.75,1.0
2015-08-10T14:26:10.000000Z,3.751953125,3.75,1.0
2015-08-10T14:26:25.000000Z,3.751953125,3.75,1.0
2015-08-10T14:26:30.000000Z,3.751953125,3.75,1.0
2015-08-10T14:27:00.000000Z,3.751953125,3.75,1.0
2015-08-10T14:27:10.000000Z,3.751953125,3.75,1.0
2015-08-10T14:27:25.000000Z,3.751953125,3.75,1.0
2015-08-10T14:27:30.000000Z,3.751953125,3.75,1.0
2015-08-10T14:28:00.000000Z,3.751953125,3.75,1.0
2015-08-10T14:28:10.000000Z,3.751953125,3.75,1.0
2015-08-10T14:28:25.000000Z,3.751953125,3.75,1.0
2015-08-10T14:28:30.000000Z,3.751953125,3.75,1.0
2015-08-10T14:29:00.000000Z,3.751953125,3.75,1.0
2015-08-10T14:29:10.000000Z,3.751953125,3.75,1.0
2015-08-10T14:29:25.000000Z,3.751953125,3.75,1.0
2015-08-10T14:29:30.000000Z,3.751953125,3.75,1.0
2015-08-10T14:30:05.000000Z,3.751953125,3.75,1.0
2015-08-10T14:30:10.000000Z,3.751953125,3.75,1.0
2015-08-10T14:30:25.000000Z,3.751953125,3.75,1.0
2015-08-10T14:30:30.000000Z,3.751953125,3.75,1.0
2015-08-10T14:31:00.000000Z,3.751953125,3.75,1.0
2015-08-10T14:31:10.000000Z,3.751953125,3.75,1.0
2015-08-10T14:31:25.000000Z,3.751953125,3.75,1.0
2015-08-10T14:31:30.000000Z,3.751953125,3.75,1.0
2015-08-10T14:32:00.000000Z,3.751953125,3.75,1.0
2015-08-10T14:32:10.000000Z,3.751953125,3.75,1.0
2015-08-10T14:32:25.000000Z,3.751953125,3.75,1.0
2015-08-10T14:32:30.000000Z,3.751953125,3.75,1.0
2015-08-10T14:33:00.000000Z,3.751953125,3.75,1.0
2015-08-10T14:33:10.000000Z,3.751953125,3.75,1.0
2015-08-10T14:33:15.000000Z,3.751953125,3.75,1.0
2015-08-10T14:33:25.000000Z,3.751953125,3.75,1.0
2015-08-10T14:33:30.000000Z,3.751953125,3.75,1.0
2015-08-10T14:34:00.000000Z,3.751953125,3.75,1.0
2015-08-10T14:34:10.000000Z,3.751953125,3.75,1.0
2015-08-10T14:34:25.000000Z,3.751953125,3.75,1.0
2015-08-10T14:34:30.000000Z,3.751953125,3.75,1.0
2015-08-10T14:35:00.000000Z,3.751953125,3.75,1.0
2015-08-10T14:35:10.000000Z,3.751953125,3.75,1.0
2015-08-10T14:35:25.000000Z,3.751953125,3.75,1.0
2015-08-10T14:35:30.000000Z,3.751953125,3.75,1.0
2015-08-10T14:36:00.000000Z,3.751953125,3.75,1.0
2015-08-10T14:36:10.000000Z,3.751953125,3.75,1.0
2015-08-10T14:36:25.000000Z,3.751953125,3.75,1.0
2015-08-10T14:36:30.000000Z,3.751953125,3.75,1.0
2015-08-10T14:37:00.000000Z,3.751953125,3.75,1.0
2015-08-10T14:37:10.000000Z,3.751953125,3.75,1.0
2015-08-10T14:37:25.000000Z,3.751953125,3.75,1.0
2015-08-10T14:37:30.000000Z,3.751953125,3.75,1.0
2015-08-10T14:37:55.000000Z,3.751953125,3.75,1.0
2015-08-10T14:38:00.000000Z,3.751953125,3.75,1.0
2015-08-10T14:38:10.000000Z,3.751953125,3.75,1.0
2015-08-10T14:38:25.000000Z,3.751953125,3.75,1.0
2015-08-10T14:38:30.000000Z,3.751953125,3.75,1.0
2015-08-10T14:39:05.000000Z,3.751953125,3.75,1.0
2015-08-10T14:39:10.000000Z,3.751953125,3.75,1.0
2015-08-10T14:39:25.000000Z,3.751953125,3.75,1.0
2015-08-10T14:39:30.000000Z,3.751953125,3.75,1.0
2015-08-10T14:40:00.000000Z,3.751953125,3.75,1.0
2015-08-10T14:40:10.000000Z,3.751953125,3.75,1.0
2015-08-10T14:40:25.000000Z,3.751953125,3.75,1.0
2015-08-10T14:40:30.000000Z,3.751953125,3.75,1.0
2015-08-10T14:41:00.000000Z,3.751953125,3.75,1.0
2015-08-10T14:41:10.000000Z,3.751953125,3.75,1.0
2015-08-10T14:41:25.000000Z,3.751953125,3.75,1.0
2015-08-10T14:41:30.000000Z,3.751953125,3.75,1.0
2015-08-10T14:42:00.000000Z,3.751953125,3.75,1.0
2015-08-10T14:42:10.000000Z,3.751953125,3.75,1.0
2015-08-10T14:42:25.000000Z,3.751953125,3.75,1.0
2015-08-10T14:42:30.000000Z,3.751953125,3.75,1.0
2015-08-10T14:43:00.000000Z,3.751953125,3.75,1.0
2015-08-10T14:43:10.000000Z,3.751953125,3.75,1.0
2015-08-10T14:43:25.000000Z,3.751953125,3.75,1.0
2015-08-10T14:43:30.000000Z,3.751953125,3.75,1.0
2015-08-10T14:43:40.000000Z,3.751953125,3.75,1.0
2015-08-10T14:44:00.000000Z,3.751953125,3.75,2.0
2015-08-10T14:44:10.000000Z,3.751953125,3.75,1.0
2015-08-10T14:44:25.000000Z,3.751953125,3.75,1.0
2015-08-10T14:44:30.000000Z,3.751953125,3.75,1.0
2015-08-10T14:45:00.000000Z,3.751953125,3.75,1.0
2015-08-10T14:45:10.000000Z,3.751953125,3.75,1.0
2015-08-10T14:45:25.000000Z,3.751953125,3.75,1.0
2015-08-10T14:45:30.000000Z,3.751953125,3.75,1.0
2015-08-10T14:46:00.000000Z,3.751953125,3.75,1.0
2015-08-10T14:46:10.000000Z,3.751953125,3.75,2.0
2015-08-10T14:46:25.000000Z,3.751953125,3.75,1.0
2015-08-10T14:46:30.000000Z,3.751953125,3.75,1.0
2015-08-10T14:47:00.000000Z,3.751953125,3.75,1.0
2015-08-10T14:47:10.000000Z,3.751953125,3.75,1.0
2015-08-10T14:47:25.000000Z,3.751953125,3.75,1.0
2015-08-10T14:47:30.000000Z,3.751953125,3.75,1.0
2015-08-10T14:48:00.000000Z,3.751953125,3.75,1.0
2015-08-10T14:48:10.000000Z,3.751953125,3.75,1.0
2015-08-10T14:48:25.000000Z,3.751953125,3.75,1.0
2015-08-10T14:48:30.000000Z,3.751953125,3.75,1.0
2015-08-10T14:49:00.000000Z,3.751953125,3.75,1.0
2015-08-10T14:49:10.000000Z,3.751953125,3.75,1.0
2015-08-10T14:49:25.000000Z,3.751953125,3.75,1.0
2015-08-10T14:49:30.000000Z,3.751953125,3.75,1.0
2015-08-10T14:50:00.000000Z,3.751953125,3.75,2.0
2015-08-10T14:50:10.000000Z,3.751953125,3.75,1.0
2015-08-10T14:50:25.000000Z,3.751953125,3.75,1.0
2015-08-10T14:50:30.000000Z,3.751953125,3.75,1.0
2015-08-10T14:51:00.000000Z,3.751953125,3.75,1.0
2015-08-10T14:51:10.000000Z,3.751953125,3.75,1.0
2015-08-10T14:51:25.000000Z,3.751953125,3.75,1.0
2015-08-10T14:51:30.000000Z,3.751953125,3.75,1.0
2015-08-10T14:52:00.000000Z,3.751953125,3.75,1.0
2015-08-10T14:52:10.000000Z,3.751953125,3.75,1.0
2015-08-10T14:52:25.000000Z,3.751953125,3.75,1.0
2015-08-10T14:52:30.000000Z,3.751953125,3.75,1.0
2015-08-10T14:53:00.000000Z,3.751953125,3.75,1.0
2015-08-10T14:53:10.000000Z,3.751953125,3.75,1.0
2015-08-10T14:53:25.000000Z,3.751953125,3.75,1.0
2015-08-10T14:53:30.000000Z,3.751953125,3.75,1.0
2015-08-10T14:54:00.000000Z,3.751953125,3.75,1.0
2015-08-10T14:54:05.000000Z,3.751953125,3.75,1.0
2015-08-10T14:54:10.000000Z,3.751953125,3.75,1.0
2015-08-10T14:54:25.000000Z,3.751953125,3.75,1.0
2015-08-10T14:54:30.000000Z,3.751953125,3.75,1.0
2015-08-10T14:55:00.000000Z,3.751953125,3.75,1.0
2015-08-10T14:55:10.000000Z,3.751953125,3.75,1.0
2015-08-10T14:55:25.000000Z,3.751953125,3.75,1.0
2015-08-10T14:55:30.000000Z,3.751953125,3.75,1.0
2015-08-10T14:56:00.000000Z,3.751953125,3.75,1.0
2015-08-10T14:56:10.000000Z,3.751953125,3.75,1.0
2015-08-10T14:56:25.000000Z,3.751953125,3.75,1.0
2015-08-10T14:56:30.000000Z,3.751953125,3.75,1.0
2015-08-10T14:57:00.000000Z,3.751953125,3.75,1.0
2015-08-10T14:57:10.000000Z,3.751953125,3.75,1.0
2015-08-10T14:57:25.000000Z,3.751953125,3.75,1.0
2015-08-10T14:57:30.000000Z,3.751953125,3.75,2.0
2015-08-10T14:58:00.000000Z,3.751953125,3.75,1.0
2015-08-10T14:58:10.000000Z,3.751953125,3.75,1.0
2015-08-10T14:58:25.000000Z,3.751953125,3.75,1.0
2015-08-10T14:58:30.000000Z,3.751953125,3.75,1.0
2015-08-10T14:59:00.000000Z,3.751953125,3.75,1.0
2015-08-10T14:59:10.000000Z,3.751953125,3.75,1.0
2015-08-10T14:59:25.000000Z,3.751953125,3.75,1.0
2015-08-10T14:59:30.000000Z,3.751953125,3.75,1.0
2015-08-10T15:00:00.000000Z,3.751953125,3.75,1.0
2015-08-10T15:00:10.000000Z,3.751953125,3.75,1.0
2015-08-10T15:00:25.000000Z,3.751953125,3.75,1.0
2015-08-10T15:00:30.000000Z,3.751953125,3.75,1.0
2015-08-10T15:01:00.000000Z,3.751953125,3.75,1.0
2015-08-10T15:01:10.000000Z,3.751953125,3.75,1.0
2015-08-10T15:01:25.000000Z,3.751953125,3.75,1.0
2015-08-10T15:01:30.000000Z,3.751953125,3.75,1.0
2015-08-10T15:02:00.000000Z,3.751953125,3.75,1.0
2015-08-10T15:02:10.000000Z,3.751953125,3.75,1.0
2015-08-10T15:02:25.000000Z,3.751953125,3.75,1.0
2015-08-10T15:02:30.000000Z,3.751953125,3.75,1.0
2015-08-10T15:03:05.000000Z,3.751953125,3.75,1.0
2015-08-10T15:03:10.000000Z,3.751953125,3.75,1.0
2015-08-10T15:03:25.000000Z,3.751953125,3.75,1.0
2015-08-10T15:03:30.000000Z,3.751953125,3.75,1.0
2015-08-10T15:04:05.000000Z,3.751953125,3.75,1.0
2015-08-10T15:04:10.000000Z,3.751953125,3.75,1.0
2015-08-10T15:04:25.000000Z,3.751953125,3.75,1.0
2015-08-10T15:04:30.000000Z,3.751953125,3.75,1.0
2015-08-10T15:05:00.000000Z,3.751953125,3.75,1.0
2015-08-10T15:05:10.000000Z,3.751953125,3.75,1.0
2015-08-10T15:05:25.000000Z,3.751953125,3.75,1.0
2015-08-10T15:05:30.000000Z,3.751953125,3.75,1.0
2015-08-10T15:06:00.000000Z,3.751953125,3.75,1.0
2015-08-10T15:06:10.000000Z,3.751953125,3.75,1.0
2015-08-10T15:06:25.000000Z,3.751953125,3.75,1.0
2015-08-10T15:06:30.000000Z,3.751953125,3.75,1.0
2015-08-10T15:07:00.000000Z,3.751953125,3.75,1.0
2015-08-10T15:07:10.000000Z,3.751953125,3.75,1.0
2015-08-10T15:07:25.000000Z,3.751953125,3.75,1.0
2015-08-10T15:07:30.000000Z,3.751953125,3.75,1.0
2015-08-10T15:08:00.000000Z,3.751953125,3.75,1.0
2015-08-10T15:08:10.000000Z,3.751953125,3.75,1.0
2015-08-10T15:08:25.000000Z,3.751953125,3.75,1.0
2015-08-10T15:08:30.000000Z,3.751953125,3.75,1.0
2015-08-10T15:09:00.000000Z,3.751953125,3.75,1.0
2015-08-10T15:09:10.000000Z,3.751953125,3.75,1.0
2015-08-10T15:09:25.000000Z,3.751953125,3.75,1.0
2015-08-10T15:09:30.000000Z,3.751953125,3.75,1.0
2015-08-10T15:10:00.000000Z,3.751953125,3.75,1.0
2015-08-10T15:10:10.000000Z,3.751953125,3.75,1.0
2015-08-10T15:10:25.000000Z,3.751953125,3.75,1.0
2015-08-10T15:10:30.000000Z,3.751953125,3.75,1.0
2015-08-10T15:11:00.000000Z,3.751953125,3.75,1.0
2015-08-10T15:11:10.000000Z,3.751953125,3.75,1.0
2015-08-10T15:11:25.000000Z,3.751953125,3.75,1.0
2015-08-10T15:11:30.000000Z,3.751953125,3.75,1.0
2015-08-10T15:12:00.000000Z,3.751953125,3.75,1.0
2015-08-10T15:12:10.000000Z,3.751953125,3.75,1.0
2015-08-10T15:12:25.000000Z,3.751953125,3.75,1.0
2015-08-10T15:12:30.000000Z,3.751953125,3.75,1.0
2015-08-10T15:13:00.000000Z,3.751953125,3.75,1.0
2015-08-10T15:13:10.000000Z,3.751953125,3.75,1.0
2015-08-10T15:13:25.000000Z,3.751953125,3.75,1.0
2015-08-10T15:13:30.000000Z,3.751953125,3.75,1.0
2015-08-10T15:14:00.000000Z,3.751953125,3.75,1.0
2015-08-10T15:14:10.000000Z,3.751953125,3.75,1.0
2015-08-10T15:14:25.000000Z,3.751953125,3.75,1.0
2015-08-10T15:14:30.000000Z,3.751953125,3.75,1.0
2015-08-10T15:15:00.000000Z,3.751953125,3.75,1.0
2015-08-10T15:15:10.000000Z,3.751953125,3.75,1.0
2015-08-10T15:15:25.000000Z,3.751953125,3.75,1.0
2015-08-10T15:15:30.000000Z,3.751953125,3.75,1.0
2015-08-10T15:16:00.000000Z,3.751953125,3.75,1.0
2015-08-10T15:16:10.000000Z,3.751953125,3.75,1.0
2015-08-10T15:16:25.000000Z,3.751953125,3.75,1.0
2015-08-10T15:16:30.000000Z,3.751953125,3.75,1.0
2015-08-10T15:17:05.000000Z,3.751953125,3.75,1.0
2015-08-10T15:17:10.000000Z,3.751953125,3.75,1.0
2015-08-10T15:17:25.000000Z,3.751953125,3.75,1.0
2015-08-10T15:17:30.000000Z,3.751953125,3.75,1.0
2015-08-10T15:18:00.000000Z,3.751953125,3.75,1.0
2015-08-10T15:18:10.000000Z,3.751953125,3.75,1.0
2015-08-10T15:18:25.000000Z,3.751953125,3.75,1.0
2015-08-10T15:18:30.000000Z,3.751953125,3.75,1.0
2015-08-10T15:19:00.000000Z,3.751953125,3.75,1.0
2015-08-10T15:19:10.000000Z,3.751953125,3.75,1.0
2015-08-10T15:19:25.000000Z,3.751953125,3.75,1.0
2015-08-10T15:19:30.000000Z,3.751953125,3.75,1.0
2015-08-10T15:20:00.000000Z,3.751953125,3.75,1.0
2015-08-10T15:20:10.000000Z,3.751953125,3.75,1.0
2015-08-10T15:20:25.000000Z,3.751953125,3.75,1.0
2015-08-10T15:20:30.000000Z,3.751953125,3.75,1.0
2015-08-10T15:21:00.000000Z,3.751953125,3.75,1.0
2015-08-10T15:21:10.000000Z,3.751953125,3.75,1.0
2015-08-10T15:21:25.000000Z,3.751953125,3.75,1.0
2015-08-10T15:21:30.000000Z,3.751953125,3.75,1.0
2015-08-10T15:22:00.000000Z,3.751953125,3.75,1.0
2015-08-10T15:22:10.000000Z,3.751953125,3.75,1.0
2015-08-10T15:22:25.000000Z,3.751953125,3.75,1.0
2015-08-10T15:22:30.000000Z,3.751953125,3.75,1.0
2015-08-10T15:23:05.000000Z,3.751953125,3.75,1.0
2015-08-10T15:23:10.000000Z,3.751953125,3.75,1.0
2015-08-10T15:23:25.000000Z,3.751953125,3.75,1.0
2015-08-10T15:23:30.000000Z,3.751953125,3.75,1.0
2015-08-10T15:24:00.000000Z,3.751953125,3.75,1.0
2015-08-10T15:24:10.000000Z,3.751953125,3.75,1.0
2015-08-10T15:24:25.000000Z,3.751953125,3.75,1.0
2015-08-10T15:24:30.000000Z,3.751953125,3.75,1.0
2015-08-10T15:25:00.000000Z,3.751953125,3.75,1.0
2015-08-10T15:25:10.000000Z,3.751953125,3.75,1.0
2015-08-10T15:25:25.000000Z,3.751953125,3.75,1.0
2015-08-10T15:25:30.000000Z,3.751953125,3.75,1.0
2015-08-10T15:26:25.000000Z,3.751953125,3.75,1.0
2015-08-10T15:26:30.000000Z,3.751953125,3.75,1.0
2015-08-10T15:27:00.000000Z,3.751953125,3.75,1.0
2015-08-10T15:27:10.000000Z,3.751953125,3.75,1.0
2015-08-10T15:27:25.000000Z,3.751953125,3.75,1.0
2015-08-10T15:27:30.000000Z,3.751953125,3.75,1.0
2015-08-10T15:28:00.000000Z,3.751953125,3.75,1.0
2015-08-10T15:28:10.000000Z,3.751953125,3.75,1.0
2015-08-10T15:28:25.000000Z,3.751953125,3.75,1.0
2015-08-10T15:28:30.000000Z,3.751953125,3.75,1.0
2015-08-10T15:29:00.000000Z,3.751953125,3.75,1.0
2015-08-10T15:29:10.000000Z,3.751953125,3.75,1.0
2015-08-10T15:29:25.000000Z,3.751953125,3.75,1.0
2015-08-10T15:29:30.000000Z,3.751953125,3.75,1.0
2015-08-10T15:30:00.000000Z,3.751953125,3.75,2.0
2015-08-10T15:30:10.000000Z,3.751953125,3.75,1.0
2015-08-10T15:30:25.000000Z,3.751953125,3.75,1.0
2015-08-10T15:30:30.000000Z,3.751953125,3.75,1.0
2015-08-10T15:31:00.000000Z,3.751953125,3.75,1.0
2015-08-10T15:31:10.000000Z,3.751953125,3.75,1.0
2015-08-10T15:31:25.000000Z,3.751953125,3.75,1.0
2015-08-10T15:31:30.000000Z,3.751953125,3.75,1.0
2015-08-10T15:32:00.000000Z,3.751953125,3.75,1.0
2015-08-10T15:32:10.000000Z,3.751953125,3.75,1.0
2015-08-10T15:32:25.000000Z,3.751953125,3.75,1.0
2015-08-10T15:32:30.000000Z,3.751953125,3.75,1.0
2015-08-10T15:33:00.000000Z,3.751953125,3.75,1.0
2015-08-10T15:33:10.000000Z,3.751953125,3.75,1.0
2015-08-10T15:33:25.000000Z,3.751953125,3.75,1.0
2015-08-10T15:33:30.000000Z,3.751953125,3.75,1.0
2015-08-10T15:34:00.000000Z,3.751953125,3.75,1.0
2015-08-10T15:34:10.000000Z,3.751953125,3.75,1.0
2015-08-10T15:34:25.000000Z,3.751953125,3.75,1.0
2015-08-10T15:34:30.000000Z,3.751953125,3.75,1.0
2015-08-10T15:35:00.000000Z,3.751953125,3.75,1.0
2015-08-10T15:35:05.000000Z,3.751953125,3.75,1.0
2015-08-10T15:35:10.000000Z,3.751953125,3.75,1.0
2015-08-10T15:35:25.000000Z,3.751953125,3.75,1.0
2015-08-10T15:35:30.000000Z,3.751953125,3.75,1.0
2015-08-10T15:36:00.000000Z,3.751953125,3.75,1.0
2015-08-10T15:36:10.000000Z,3.751953125,3.75,1.0
2015-08-10T15:36:25.000000Z,3.751953125,3.75,1.0
2015-08-10T15:36:30.000000Z,3.751953125,3.75,1.0
2015-08-10T15:37:00.000000Z,3.751953125,3.75,1.0
2015-08-10T15:37:10.000000Z,3.751953125,3.75,1.0
2015-08-10T15:37:25.000000Z,3.751953125,3.75,1.0
2015-08-10T15:37:30.000000Z,3.751953125,3.75,1.0
2015-08-10T15:38:05.000000Z,3.751953125,3.75,1.0
2015-08-10T15:38:10.000000Z,3.751953125,3.75,1.0
2015-08-10T15:38:25.000000Z,3.751953125,3.75,1.0
2015-08-10T15:38:30.000000Z,3.751953125,3.75,1.0
2015-08-10T15:39:00.000000Z,3.751953125,3.75,1.0
2015-08-10T15:39:10.000000Z,3.751953125,3.75,1.0
2015-08-10T15:39:25.000000Z,3.751953125,3.75,1.0
2015-08-10T15:39:30.000000Z,3.751953125,3.75,1.0
2015-08-10T15:40:05.000000Z,3.751953125,3.75,1.0
2015-08-10T15:40:10.000000Z,3.751953125,3.75,1.0
2015-08-10T15:40:25.000000Z,3.751953125,3.75,1.0
2015-08-10T15:40:30.000000Z,3.751953125,3.75,1.0
2015-08-10T15:41:00.000000Z,3.751953125,3.75,1.0
2015-08-10T15:41:10.000000Z,3.751953125,3.75,1.0
2015-08-10T15:41:25.000000Z,3.751953125,3.75,1.0
2015-08-10T15:41:30.000000Z,3.751953125,3.75,1.0
2015-08-10T15:42:00.000000Z,3.751953125,3.75,1.0
2015-08-10T15:42:10.000000Z,3.751953125,3.75,1.0
2015-08-10T15:42:25.000000Z,3.751953125,3.75,1.0
2015-08-10T15:42:30.000000Z,3.751953125,3.75,1.0
2015-08-10T15:43:05.000000Z,3.751953125,3.75,1.0
2015-08-10T15:43:10.000000Z,3.751953125,3.75,1.0
2015-08-10T15:43:25.000000Z,3.751953125,3.75,1.0
2015-08-10T15:43:30.000000Z,3.751953125,3.75,1.0
2015-08-10T15:44:00.000000Z,3.751953125,3.75,1.0
2015-08-10T15:44:10.000000Z,3.751953125,3.75,1.0
2015-08-10T15:44:25.000000Z,3.751953125,3.75,1.0
2015-08-10T15:44:30.000000Z,3.751953125,3.75,1.0
2015-08-10T15:45:00.000000Z,3.751953125,3.75,1.0
2015-08-10T15:45:10.000000Z,3.751953125,3.75,1.0
2015-08-10T15:45:25.000000Z,3.751953125,3.75,1.0
2015-08-10T15:45:30.000000Z,3.751953125,3.75,1.0
2015-08-10T15:46:00.000000Z,3.751953125,3.75,1.0
2015-08-10T15:46:10.000000Z,3.751953125,3.75,1.0
2015-08-10T15:46:25.000000Z,3.751953125,3.75,1.0
2015-08-10T15:46:30.000000Z,3.751953125,3.75,1.0
2015-08-10T15:47:05.000000Z,3.751953125,3.75,1.0
2015-08-10T15:47:10.000000Z,3.751953125,3.75,1.0
2015-08-10T15:47:25.000000Z,3.751953125,3.75,1.0
2015-08-10T15:47:30.000000Z,3.751953125,3.75,1.0
2015-08-10T15:48:05.000000Z,3.751953125,3.75,1.0
2015-08-10T15:48:10.000000Z,3.751953125,3.75,1.0
2015-08-10T15:48:25.000000Z,3.751953125,3.75,1.0
2015-08-10T15:48:30.000000Z,3.751953125,3.75,1.0
2015-08-10T15:48:45.000000Z,3.751953125,3.748046875,1.0
2015-08-10T15:49:00.000000Z,3.751953125,3.75,1.0
2015-08-10T15:49:10.000000Z,3.751953125,3.748046875,1.0
2015-08-10T15:49:25.000000Z,3.751953125,3.75,1.0
2015-08-10T15:49:30.000000Z,3.751953125,3.748046875,1.0
2015-08-10T15:50:00.000000Z,3.751953125,3.75,1.0
2015-08-10T15:50:05.000000Z,3.751953125,3.748046875,1.0
2015-08-10T15:50:25.000000Z,3.751953125,3.75,1.0
2015-08-10T15:50:30.000000Z,3.751953125,3.748046875,1.0
2015-08-10T15:51:00.000000Z,3.751953125,3.75,1.0
2015-08-10T15:51:10.000000Z,3.751953125,3.748046875,1.0
2015-08-10T15:51:25.000000Z,3.751953125,3.75,1.0
2015-08-10T15:51:30.000000Z,3.751953125,3.748046875,1.0
2015-08-10T15:52:00.000000Z,3.751953125,3.75,1.0
2015-08-10T15:52:10.000000Z,3.751953125,3.748046875,1.0
2015-08-10T15:52:25.000000Z,3.751953125,3.75,1.0
2015-08-10T15:52:30.000000Z,3.751953125,3.748046875,1.0
2015-08-10T15:53:00.000000Z,3.751953125,3.75,1.0
2015-08-10T15:53:10.000000Z,3.751953125,3.748046875,1.0
2015-08-10T15:53:25.000000Z,3.751953125,3.75,1.0
2015-08-10T15:53:30.000000Z,3.751953125,3.748046875,1.0
2015-08-10T15:53:50.000000Z,3.751953125,3.748046875,1.0
2015-08-10T15:54:00.000000Z,3.751953125,3.748046875,2.0
2015-08-10T15:54:10.000000Z,3.751953125,3.748046875,1.0
2015-08-10T15:54:25.000000Z,3.751953125,3.75,1.0
2015-08-10T15:54:30.000000Z,3.751953125,3.748046875,1.0
2015-08-10T15:55:00.000000Z,3.751953125,3.75,1.0
2015-08-10T15:55:10.000000Z,3.751953125,3.748046875,1.0
2015-08-10T15:55:25.000000Z,3.751953125,3.75,1.0
2015-08-10T15:55:30.000000Z,3.751953125,3.748046875,1.0
2015-08-10T15:56:00.000000Z,3.751953125,3.75,1.0
2015-08-10T15:56:10.000000Z,3.751953125,3.748046875,1.0
2015-08-10T15:56:25.000000Z,3.751953125,3.75,1.0
2015-08-10T15:56:30.000000Z,3.751953125,3.748046875,2.0
2015-08-10T15:57:05.000000Z,3.751953125,3.75,1.0
2015-08-10T15:57:10.000000Z,3.751953125,3.748046875,1.0
2015-08-10T15:57:25.000000Z,3.751953125,3.75,1.0
2015-08-10T15:57:30.000000Z,3.751953125,3.748046875,1.0
2015-08-10T15:58:00.000000Z,3.751953125,3.748046875,2.0
2015-08-10T15:58:10.000000Z,3.751953125,3.748046875,1.0
2015-08-10T15:58:25.000000Z,3.751953125,3.75,1.0
2015-08-10T15:58:30.000000Z,3.751953125,3.748046875,1.0
2015-08-10T15:59:00.000000Z,3.751953125,3.748046875,3.0
2015-08-10T15:59:10.000000Z,3.751953125,3.748046875,1.0
2015-08-10T15:59:25.000000Z,3.751953125,3.75,1.0
2015-08-10T15:59:30.000000Z,3.751953125,3.748046875,1.0
2015-08-10T16:00:00.000000Z,3.751953125,3.75,2.0
2015-08-10T16:00:10.000000Z,3.751953125,3.75,1.0
2015-08-10T16:00:25.000000Z,3.751953125,3.75,1.0
2015-08-10T16:00:30.000000Z,3.751953125,3.75,1.0
2015-08-10T16:01:05.000000Z,3.751953125,3.75,1.0
2015-08-10T16:01:10.000000Z,3.751953125,3.75,1.0
2015-08-10T16:01:25.000000Z,3.751953125,3.75,1.0
2015-08-10T16:01:30.000000Z,3.751953125,3.75,1.0
2015-08-10T16:02:00.000000Z,3.751953125,3.75,1.0
2015-08-10T16:02:10.000000Z,3.751953125,3.75,1.0
2015-08-10T16:02:25.000000Z,3.751953125,3.75,1.0
2015-08-10T16:02:30.000000Z,3.751953125,3.75,1.0
2015-08-10T16:03:00.000000Z,3.751953125,3.75,1.0
2015-08-10T16:03:10.000000Z,3.751953125,3.75,1.0
2015-08-10T16:03:25.000000Z,3.751953125,3.75,1.0
2015-08-10T16:03:30.000000Z,3.751953125,3.75,1.0
2015-08-10T16:04:05.000000Z,3.751953125,3.75,1.0
2015-08-10T16:04:10.000000Z,3.751953125,3.75,1.0
2015-08-10T16:04:25.000000Z,3.751953125,3.75,1.0
2015-08-10T16:04:30.000000Z,3.751953125,3.75,1.0
2015-08-10T16:05:00.000000Z,3.751953125,3.75,1.0
2015-08-10T16:05:10.000000Z,3.751953125,3.75,1.0
2015-08-10T16:05:25.000000Z,3.751953125,3.75,1.0
2015-08-10T16:05:30.000000Z,3.751953125,3.75,1.0
2015-08-10T16:06:00.000000Z,3.751953125,3.75,1.0
2015-08-10T16:06:10.000000Z,3.751953125,3.75,1.0
2015-08-10T16:06:25.000000Z,3.751953125,3.75,1.0
2015-08-10T16:06:30.000000Z,3.751953125,3.75,1.0
2015-08-10T16:07:00.000000Z,3.751953125,3.75,1.0
2015-08-10T16:07:10.000000Z,3.751953125,3.75,1.0
2015-08-10T16:07:25.000000Z,3.751953125,3.75,1.0
2015-08-10T16:07:30.000000Z,3.751953125,3.75,1.0
2015-08-10T16:08:00.000000Z,3.751953125,3.75,1.0
2015-08-10T16:08:10.000000Z,3.751953125,3.75,1.0
2015-08-10T16:08:25.000000Z,3.751953125,3.75,1.0
2015-08-10T16:08:30.000000Z,3.751953125,3.75,1.0
2015-08-10T16:09:05.000000Z,3.751953125,3.75,1.0
2015-08-10T16:09:10.000000Z,3.751953125,3.75,1.0
2015-08-10T16:09:25.000000Z,3.751953125,3.75,1.0
2015-08-10T16:09:30.000000Z,3.751953125,3.75,1.0
2015-08-10T16:10:05.000000Z,3.751953125,3.75,1.0
2015-08-10T16:10:10.000000Z,3.751953125,3.75,1.0
2015-08-10T16:10:25.000000Z,3.751953125,3.75,1.0
2015-08-10T16:10:30.000000Z,3.751953125,3.75,1.0
2015-08-10T16:11:00.000000Z,3.751953125,3.75,1.0
2015-08-10T16:11:10.000000Z,3.751953125,3.75,1.0
2015-08-10T16:11:25.000000Z,3.751953125,3.75,1.0
2015-08-10T16:11:30.000000Z,3.751953125,3.75,1.0
2015-08-10T16:11:45.000000Z,3.751953125,3.75,1.0
2015-08-10T16:12:00.000000Z,3.751953125,3.75,1.0
2015-08-10T16:12:05.000000Z,3.751953125,3.75,1.0
2015-08-10T16:12:10.000000Z,3.751953125,3.75,1.0
2015-08-10T16:12:25.000000Z,3.751953125,3.75,1.0
2015-08-10T16:12:30.000000Z,3.751953125,3.75,1.0
2015-08-10T16:13:00.000000Z,3.751953125,3.75,1.0
2015-08-10T16:13:10.000000Z,3.751953125,3.75,1.0
2015-08-10T16:13:25.000000Z,3.751953125,3.75,1.0
2015-08-10T16:13:30.000000Z,3.751953125,3.75,1.0
2015-08-10T16:14:00.000000Z,3.751953125,3.75,1.0
2015-08-10T16:14:10.000000Z,3.751953125,3.75,1.0
2015-08-10T16:14:25.000000Z,3.751953125,3.75,1.0
2015-08-10T16:14:30.000000Z,3.751953125,3.75,1.0
2015-08-10T16:15:00.000000Z,3.751953125,3.75,1.0
2015-08-10T16:15:10.000000Z,3.751953125,3.75,1.0
2015-08-10T16:15:25.000000Z,3.751953125,3.75,1.0
2015-08-10T16:15:30.000000Z,3.751953125,3.75,1.0
2015-08-10T16:16:05.000000Z,3.751953125,3.75,1.0
2015-08-10T16:16:10.000000Z,3.751953125,3.75,1.0
2015-08-10T16:16:25.000000Z,3.751953125,3.75,1.0
2015-08-10T16:16:30.000000Z,3.751953125,3.75,1.0
2015-08-10T16:17:00.000000Z,3.751953125,3.75,1.0
2015-08-10T16:17:10.000000Z,3.751953125,3.75,1.0
2015-08-10T16:17:25.000000Z,3.751953125,3.75,1.0
2015-08-10T16:17:30.000000Z,3.751953125,3.75,1.0
2015-08-10T16:18:00.000000Z,3.751953125,3.75,1.0
2015-08-10T16:18:10.000000Z,3.751953125,3.75,1.0
2015-08-10T16:18:25.000000Z,3.751953125,3.75,1.0
2015-08-10T16:18:30.000000Z,3.751953125,3.75,1.0
2015-08-10T16:19:00.000000Z,3.751953125,3.75,1.0
2015-08-10T16:19:10.000000Z,3.751953125,3.75,1.0
2015-08-10T16:19:25.000000Z,3.751953125,3.75,1.0
2015-08-10T16:19:30.000000Z,3.751953125,3.75,1.0
2015-08-10T16:20:00.000000Z,3.751953125,3.75,1.0
2015-08-10T16:20:10.000000Z,3.751953125,3.75,1.0
2015-08-10T16:20:25.000000Z,3.751953125,3.75,1.0
2015-08-10T16:20:30.000000Z,3.751953125,3.75,1.0
2015-08-10T16:21:00.000000Z,3.751953125,3.75,1.0
2015-08-10T16:21:10.000000Z,3.751953125,3.75,1.0
2015-08-10T16:21:25.000000Z,3.751953125,3.75,1.0
2015-08-10T18:15:45.000000Z,3.751953125,3.75,1.0
2015-08-10T18:17:00.000000Z,3.751953125,3.75,1.0
2015-08-10T20:39:30.000000Z,3.751953125,3.75,2.0
2015-08-10T20:40:05.000000Z,3.751953125,3.75,1.0
2015-08-10T20:40:10.000000Z,3.751953125,3.75,1.0
2015-08-10T20:40:25.000000Z,3.751953125,3.75,1.0
2015-08-10T20:40:30.000000Z,3.751953125,3.75,1.0
2015-08-10T20:41:00.000000Z,3.751953125,3.75,1.0
2015-08-10T20:41:10.000000Z,3.751953125,3.75,1.0
2015-08-10T20:41:25.000000Z,3.751953125,3.75,1.0
2015-08-10T20:41:30.000000Z,3.751953125,3.75,1.0
2015-08-10T20:42:00.000000Z,3.751953125,3.75,1.0
2015-08-10T20:42:10.000000Z,3.751953125,3.75,1.0
2015-08-10T20:42:25.000000Z,3.751953125,3.75,1.0
2015-08-10T20:42:30.000000Z,3.751953125,3.75,1.0
2015-08-10T20:43:05.000000Z,3.751953125,3.75,1.0
2015-08-10T20:43:10.000000Z,3.751953125,3.75,1.0
2015-08-10T20:43:25.000000Z,3.751953125,3.75,1.0
2015-08-10T20:43:30.000000Z,3.751953125,3.75,1.0
2015-08-10T20:44:05.000000Z,3.751953125,3.75,1.0
2015-08-10T20:44:10.000000Z,3.751953125,3.75,1.0
2015-08-10T20:44:25.000000Z,3.751953125,3.75,2.0
2015-08-10T20:44:30.000000Z,3.751953125,3.75,1.0
2015-08-10T20:45:00.000000Z,3.751953125,3.75,1.0
2015-08-10T20:45:10.000000Z,3.751953125,3.75,1.0
2015-08-10T20:45:25.000000Z,3.751953125,3.75,1.0
2015-08-10T20:45:30.000000Z,3.751953125,3.75,1.0
2015-08-10T20:46:00.000000Z,3.751953125,3.75,1.0
2015-08-10T20:46:10.000000Z,3.751953125,3.75,1.0
2015-08-10T20:46:25.000000Z,3.751953125,3.75,1.0
2015-08-10T20:46:30.000000Z,3.751953125,3.75,1.0
2015-08-10T20:47:05.000000Z,3.751953125,3.75,1.0
2015-08-10T20:47:10.000000Z,3.751953125,3.75,1.0
2015-08-10T20:47:25.000000Z,3.751953125,3.75,1.0
2015-08-10T20:47:30.000000Z,3.751953125,3.75,1.0
2015-08-10T20:48:00.000000Z,3.751953125,3.75,1.0
2015-08-10T20:48:10.000000Z,3.751953125,3.75,1.0
2015-08-10T20:48:25.000000Z,3.751953125,3.75,1.0
2015-08-10T20:48:30.000000Z,3.751953125,3.75,1.0
2015-08-10T20:49:00.000000Z,3.751953125,3.75,1.0
2015-08-10T20:49:10.000000Z,3.751953125,3.75,1.0
2015-08-10T20:49:25.000000Z,3.751953125,3.75,1.0
2015-08-10T20:49:30.000000Z,3.751953125,3.75,1.0
2015-08-10T20:50:00.000000Z,3.751953125,3.75,1.0
2015-08-10T20:50:10.000000Z,3.751953125,3.75,1.0
2015-08-10T20:50:25.000000Z,3.751953125,3.75,1.0
2015-08-10T20:50:30.000000Z,3.751953125,3.75,1.0
2015-08-10T20:51:05.000000Z,3.751953125,3.75,1.0
2015-08-10T20:51:10.000000Z,3.751953125,3.75,1.0
2015-08-10T20:51:25.000000Z,3.751953125,3.75,1.0
2015-08-10T20:51:30.000000Z,3.751953125,3.75,1.0
2015-08-10T20:52:05.000000Z,3.751953125,3.75,1.0
2015-08-10T20:52:10.000000Z,3.751953125,3.75,1.0
2015-08-10T20:52:25.000000Z,3.751953125,3.75,1.0
2015-08-10T20:52:30.000000Z,3.751953125,3.75,1.0
2015-08-10T20:53:00.000000Z,3.751953125,3.75,1.0
2015-08-10T20:53:10.000000Z,3.751953125,3.75,1.0
2015-08-10T20:53:25.000000Z,3.751953125,3.75,1.0
2015-08-10T20:53:30.000000Z,3.751953125,3.75,1.0
2015-08-10T20:54:00.000000Z,3.751953125,3.75,1.0
2015-08-10T20:54:10.000000Z,3.751953125,3.75,1.0
2015-08-10T20:54:25.000000Z,3.751953125,3.75,1.0
2015-08-10T20:54:30.000000Z,3.751953125,3.75,1.0
2015-08-10T20:55:05.000000Z,3.751953125,3.75,1.0
2015-08-10T20:55:10.000000Z,3.751953125,3.75,1.0
2015-08-10T20:55:25.000000Z,3.751953125,3.75,1.0
2015-08-10T20:55:30.000000Z,3.751953125,3.75,1.0
2015-08-10T20:55:35.000000Z,3.751953125,3.75,1.0
2015-08-10T20:56:00.000000Z,3.751953125,3.75,2.0
2015-08-10T20:56:10.000000Z,3.751953125,3.75,1.0
2015-08-10T20:56:25.000000Z,3.751953125,3.75,1.0
2015-08-10T20:56:30.000000Z,3.751953125,3.75,1.0
2015-08-10T20:57:00.000000Z,3.751953125,3.75,1.0
2015-08-10T20:57:10.000000Z,3.751953125,3.75,1.0
2015-08-10T20:57:25.000000Z,3.751953125,3.75,1.0
2015-08-10T20:57:30.000000Z,3.751953125,3.75,1.0
2015-08-10T20:58:05.000000Z,3.751953125,3.75,1.0
2015-08-10T20:58:10.000000Z,3.751953125,3.75,1.0
2015-08-10T20:58:25.000000Z,3.751953125,3.75,1.0
2015-08-10T20:58:30.000000Z,3.751953125,3.75,1.0
2015-08-10T20:59:05.000000Z,3.751953125,3.75,1.0
2015-08-10T20:59:10.000000Z,3.751953125,3.75,1.0
2015-08-10T20:59:25.000000Z,3.751953125,3.75,1.0
2015-08-10T20:59:30.000000Z,3.751953125,3.75,1.0
2015-08-10T21:01:30.000000Z,3.755859375,3.74609375,1.0
2015-08-10T21:02:00.000000Z,3.751953125,3.75,1.0
2015-08-10T21:02:10.000000Z,3.751953125,3.75,1.0
2015-08-10T21:02:25.000000Z,3.751953125,3.75,1.0
2015-08-10T21:02:30.000000Z,3.751953125,3.75,1.0
2015-08-10T21:03:00.000000Z,3.751953125,3.75,1.0
2015-08-10T21:03:10.000000Z,3.751953125,3.75,1.0
2015-08-10T21:03:25.000000Z,3.751953125,3.75,1.0
2015-08-10T21:03:30.000000Z,3.751953125,3.75,1.0
2015-08-10T21:03:45.000000Z,3.751953125,3.75,1.0
2015-08-10T21:04:00.000000Z,3.751953125,3.75,2.0
2015-08-10T21:04:10.000000Z,3.751953125,3.75,1.0
2015-08-10T21:04:25.000000Z,3.751953125,3.75,1.0
2015-08-10T21:04:30.000000Z,3.751953125,3.75,1.0
2015-08-10T21:05:00.000000Z,3.751953125,3.75,1.0
2015-08-10T21:05:10.000000Z,3.751953125,3.75,1.0
2015-08-10T21:05:25.000000Z,3.751953125,3.75,1.0
2015-08-10T21:05:30.000000Z,3.751953125,3.75,1.0
2015-08-10T21:06:05.000000Z,3.751953125,3.75,1.0
2015-08-10T21:06:10.000000Z,3.751953125,3.75,1.0
2015-08-10T21:06:25.000000Z,3.751953125,3.75,1.0
2015-08-10T21:06:30.000000Z,3.751953125,3.75,1.0
2015-08-10T21:07:00.000000Z,3.751953125,3.75,1.0
2015-08-10T21:07:10.000000Z,3.751953125,3.75,1.0
2015-08-10T21:07:25.000000Z,3.751953125,3.75,1.0
2015-08-10T21:07:30.000000Z,3.751953125,3.75,1.0
2015-08-10T21:08:00.000000Z,3.751953125,3.75,1.0
2015-08-10T21:08:10.000000Z,3.751953125,3.75,1.0
2015-08-10T21:08:25.000000Z,3.751953125,3.75,1.0
2015-08-10T21:08:30.000000Z,3.751953125,3.75,1.0
2015-08-10T21:09:00.000000Z,3.751953125,3.75,1.0
2015-08-10T21:09:10.000000Z,3.751953125,3.75,1.0
2015-08-10T21:09:25.000000Z,3.751953125,3.75,1.0
2015-08-10T21:09:30.000000Z,3.751953125,3.75,1.0
2015-08-10T21:10:00.000000Z,3.751953125,3.75,1.0
2015-08-10T21:10:10.000000Z,3.751953125,3.75,1.0
2015-08-10T21:10:25.000000Z,3.755859375,3.74609375,3.0
2015-08-10T21:10:30.000000Z,3.751953125,3.75,2.0
2015-08-10T21:11:00.000000Z,3.751953125,3.75,1.0
2015-08-10T21:11:10.000000Z,3.751953125,3.75,1.0
2015-08-10T21:11:25.000000Z,3.751953125,3.75,1.0
2015-08-10T21:11:30.000000Z,3.751953125,3.75,1.0
2015-08-10T21:12:05.000000Z,3.751953125,3.75,1.0
2015-08-10T21:12:10.000000Z,3.751953125,3.75,1.0
2015-08-10T21:12:25.000000Z,3.751953125,3.75,1.0
2015-08-10T21:12:30.000000Z,3.751953125,3.75,1.0
2015-08-10T21:13:05.000000Z,3.751953125,3.75,1.0
2015-08-10T21:13:10.000000Z,3.751953125,3.75,1.0
2015-08-10T21:13:25.000000Z,3.751953125,3.75,1.0
2015-08-10T21:13:30.000000Z,3.751953125,3.75,1.0
2015-08-10T21:14:05.000000Z,3.751953125,3.75,1.0
2015-08-10T21:14:10.000000Z,3.751953125,3.75,1.0
2015-08-10T21:14:25.000000Z,3.751953125,3.75,1.0
2015-08-10T21:14:30.000000Z,3.751953125,3.75,1.0
2015-08-10T21:15:00.000000Z,3.751953125,3.75,1.0
2015-08-10T21:15:10.000000Z,3.751953125,3.75,1.0
2015-08-10T21:15:25.000000Z,3.751953125,3.748046875,4.0
2015-08-10T21:15:30.000000Z,3.751953125,3.75,1.0
2015-08-10T21:16:00.000000Z,3.751953125,3.75,1.0
2015-08-10T21:16:10.000000Z,3.751953125,3.75,1.0
2015-08-10T21:16:25.000000Z,3.751953125,3.75,1.0
2015-08-10T21:16:30.000000Z,3.751953125,3.75,1.0
2015-08-10T21:17:00.000000Z,3.751953125,3.75,1.0
2015-08-10T21:17:10.000000Z,3.751953125,3.75,1.0
2015-08-10T21:17:25.000000Z,3.751953125,3.75,1.0
2015-08-10T21:17:30.000000Z,3.751953125,3.75,1.0
2015-08-10T21:18:00.000000Z,3.751953125,3.75,1.0
2015-08-10T21:50:35.000000Z,3.751953125,3.75,1.0
2015-08-10T21:51:00.000000Z,3.751953125,3.75,1.0
2015-08-10T21:51:05.000000Z,3.751953125,3.75,1.0
2015-08-10T21:51:10.000000Z,3.751953125,3.75,1.0
2015-08-10T21:51:25.000000Z,3.751953125,3.75,1.0
2015-08-10T21:51:30.000000Z,3.751953125,3.75,1.0
2015-08-10T21:52:00.000000Z,3.751953125,3.75,1.0
2015-08-10T21:52:10.000000Z,3.751953125,3.75,1.0
2015-08-10T21:52:25.000000Z,3.751953125,3.75,1.0
