time,closeAsk,closeBid,volume
2015-08-11T02:02:30.000000Z,7.75390625,7.75390625,38.0
2015-08-11T02:02:35.000000Z,7.75390625,7.75390625,36.0
2015-08-11T02:02:40.000000Z,7.75390625,7.75390625,39.0
2015-08-11T02:02:45.000000Z,7.75390625,7.75390625,40.0
2015-08-11T02:02:50.000000Z,7.75390625,7.75390625,41.0
2015-08-11T02:02:55.000000Z,7.75390625,7.75390625,76.0
2015-08-11T02:03:00.000000Z,7.75390625,7.75390625,71.0
2015-08-11T02:03:05.000000Z,7.75390625,7.75390625,72.0
2015-08-11T02:03:10.000000Z,7.75390625,7.75390625,86.0
2015-08-11T02:03:15.000000Z,7.75390625,7.75390625,73.0
2015-08-11T02:03:20.000000Z,7.75390625,7.75390625,77.0
2015-08-11T02:03:25.000000Z,7.75390625,7.75390625,80.0
2015-08-11T02:03:30.000000Z,7.75390625,7.75390625,81.0
2015-08-11T02:03:35.000000Z,7.75390625,7.75390625,81.0
2015-08-11T02:03:40.000000Z,7.75390625,7.75390625,70.0
2015-08-11T02:03:45.000000Z,7.75390625,7.75390625,68.0
2015-08-11T02:03:50.000000Z,7.75390625,7.75390625,73.0
2015-08-11T02:03:55.000000Z,7.75390625,7.75390625,49.0
2015-08-11T02:04:00.000000Z,7.75390625,7.75390625,15.0
2015-08-11T02:04:05.000000Z,7.75390625,7.75390625,1.0
2015-08-11T02:04:10.000000Z,7.75390625,7.75390625,41.0
2015-08-11T02:04:15.000000Z,7.75390625,7.75390625,3.0
2015-08-11T02:04:20.000000Z,7.75390625,7.75390625,2.0
2015-08-11T02:04:25.000000Z,7.75390625,7.75390625,1.0
2015-08-11T02:04:40.000000Z,7.75390625,7.75390625,24.0
2015-08-11T02:04:45.000000Z,7.75390625,7.75390625,47.0
2015-08-11T02:04:50.000000Z,7.75390625,7.75390625,38.0
2015-08-11T02:04:55.000000Z,7.75390625,7.75390625,45.0
2015-08-11T02:05:00.000000Z,7.75390625,7.75390625,40.0
2015-08-11T02:05:05.000000Z,7.75390625,7.75390625,11.0
2015-08-11T02:05:15.000000Z,7.75390625,7.75390625,1.0
2015-08-11T02:05:20.000000Z,7.75390625,7.75390625,4.0
2015-08-11T02:05:25.000000Z,7.75390625,7.75390625,3.0
2015-08-11T02:05:40.000000Z,7.75390625,7.75390625,2.0
2015-08-11T02:05:45.000000Z,7.75390625,7.75390625,34.0
2015-08-11T02:05:50.000000Z,7.75390625,7.75390625,5.0
2015-08-11T02:05:55.000000Z,7.75390625,7.75390625,2.0
2015-08-11T02:06:00.000000Z,7.75390625,7.75390625,7.0
2015-08-11T02:06:05.000000Z,7.75390625,7.75390625,13.0
2015-08-11T02:06:10.000000Z,7.75390625,7.75390625,10.0
2015-08-11T02:06:15.000000Z,7.75390625,7.75390625,28.0
2015-08-11T02:06:20.000000Z,7.75390625,7.75390625,29.0
2015-08-11T02:06:25.000000Z,7.75390625,7.75390625,8.0
2015-08-11T02:06:30.000000Z,7.75390625,7.75390625,26.0
2015-08-11T02:06:35.000000Z,7.75390625,7.75390625,1.0
2015-08-11T02:06:40.000000Z,7.75390625,7.75390625,16.0
2015-08-11T02:06:45.000000Z,7.75390625,7.75390625,5.0
2015-08-11T02:06:50.000000Z,7.75390625,7.75390625,1.0
2015-08-11T02:07:00.000000Z,7.75390625,7.75390625,3.0
2015-08-11T02:07:30.000000Z,7.75390625,7.75390625,5.0
2015-08-11T02:07:35.000000Z,7.75390625,7.75390625,2.0
2015-08-11T02:07:40.000000Z,7.75390625,7.75390625,1.0
2015-08-11T02:07:50.000000Z,7.75390625,7.75390625,6.0
2015-08-11T02:07:55.000000Z,7.75390625,7.75390625,5.0
2015-08-11T02:08:00.000000Z,7.75390625,7.75390625,7.0
2015-08-11T02:08:05.000000Z,7.75390625,7.75390625,1.0
2015-08-11T02:08:10.000000Z,7.75390625,7.75390625,2.0
2015-08-11T02:08:15.000000Z,7.75390625,7.75390625,5.0
2015-08-11T02:08:20.000000Z,7.75390625,7.75390625,5.0
2015-08-11T02:08:25.000000Z,7.75390625,7.75390625,7.0
2015-08-11T02:08:30.000000Z,7.75390625,7.75390625,7.0
2015-08-11T02:08:40.000000Z,7.75390625,7.75390625,4.0
2015-08-11T02:08:45.000000Z,7.75390625,7.75390625,1.0
2015-08-11T02:08:50.000000Z,7.75390625,7.75390625,1.0
2015-08-11T02:08:55.000000Z,7.75390625,7.75390625,1.0
2015-08-11T02:09:20.000000Z,7.75390625,7.75390625,11.0
2015-08-11T02:09:45.000000Z,7.75390625,7.75390625,4.0
2015-08-11T02:09:50.000000Z,7.75390625,7.75390625,5.0
2015-08-11T02:10:05.000000Z,7.75390625,7.75390625,2.0
2015-08-11T02:10:10.000000Z,7.75390625,7.75390625,1.0
2015-08-11T02:10:15.000000Z,7.75390625,7.75390625,6.0
2015-08-11T02:10:20.000000Z,7.75390625,7.75390625,3.0
2015-08-11T02:10:55.000000Z,7.75390625,7.75390625,4.0
2015-08-11T02:11:00.000000Z,7.75390625,7.75390625,2.0
2015-08-11T02:11:55.000000Z,7.75390625,7.75390625,2.0
2015-08-11T02:12:00.000000Z,7.75390625,7.75390625,5.0
2015-08-11T02:12:10.000000Z,7.75390625,7.75390625,11.0
2015-08-11T02:12:30.000000Z,7.75390625,7.75390625,9.0
2015-08-11T02:12:40.000000Z,7.75390625,7.75390625,1.0
2015-08-11T02:14:00.000000Z,7.75390625,7.75390625,1.0
2015-08-11T02:14:05.000000Z,7.75390625,7.75390625,1.0
2015-08-11T02:14:20.000000Z,7.75390625,7.75390625,2.0
2015-08-11T02:14:30.000000Z,7.75390625,7.75390625,8.0
2015-08-11T02:14:35.000000Z,7.75390625,7.75390625,5.0
2015-08-11T02:15:35.000000Z,7.75390625,7.75390625,1.0
2015-08-11T02:16:00.000000Z,7.75390625,7.75390625,1.0
2015-08-11T02:18:20.000000Z,7.75390625,7.75390625,1.0
2015-08-11T02:18:30.000000Z,7.75390625,7.75390625,1.0
2015-08-11T02:19:35.000000Z,7.75390625,7.75390625,1.0
2015-08-11T02:19:45.000000Z,7.75390625,7.75390625,1.0
2015-08-11T02:19:50.000000Z,7.75390625,7.75390625,3.0
2015-08-11T02:22:30.000000Z,7.75390625,7.75390625,3.0
2015-08-11T02:22:35.000000Z,7.75390625,7.75390625,1.0
2015-08-11T02:22:50.000000Z,7.75390625,7.75390625,1.0
2015-08-11T02:23:15.000000Z,7.75390625,7.75390625,1.0
2015-08-11T02:23:30.000000Z,7.75390625,7.75390625,1.0
2015-08-11T02:26:00.000000Z,7.75390625,7.75390625,1.0
2015-08-11T02:28:15.000000Z,7.75390625,7.75390625,10.0
2015-08-11T02:28:20.000000Z,7.75390625,7.75390625,1.0
2015-08-11T02:28:40.000000Z,7.75390625,7.75390625,8.0
2015-08-11T02:29:15.000000Z,7.75390625,7.75390625,7.0
2015-08-11T02:29:20.000000Z,7.75390625,7.75390625,7.0
2015-08-11T02:29:25.000000Z,7.75390625,7.75390625,2.0
2015-08-11T02:30:00.000000Z,7.75390625,7.75390625,4.0
2015-08-11T02:30:10.000000Z,7.75390625,7.75390625,1.0
2015-08-11T02:30:15.000000Z,7.75390625,7.75390625,1.0
2015-08-11T02:32:10.000000Z,7.75390625,7.75390625,2.0
2015-08-11T02:32:40.000000Z,7.75390625,7.75390625,1.0
2015-08-11T02:33:05.000000Z,7.75390625,7.75390625,1.0
2015-08-11T02:34:05.000000Z,7.75390625,7.75390625,1.0
2015-08-11T02:34:10.000000Z,7.75390625,7.75390625,1.0
2015-08-11T02:34:25.000000Z,7.75390625,7.75390625,1.0
2015-08-11T02:34:30.000000Z,7.75390625,7.75390625,1.0
2015-08-11T02:34:55.000000Z,7.75390625,7.75390625,1.0
2015-08-11T02:35:15.000000Z,7.75390625,7.75390625,1.0
2015-08-11T02:35:45.000000Z,7.75390625,7.75390625,4.0
2015-08-11T02:35:50.000000Z,7.75390625,7.75390625,1.0
2015-08-11T02:36:10.000000Z,7.75390625,7.75390625,1.0
2015-08-11T02:36:15.000000Z,7.75390625,7.75390625,1.0
2015-08-11T02:36:20.000000Z,7.75390625,7.75390625,1.0
2015-08-11T02:36:35.000000Z,7.75390625,7.75390625,1.0
2015-08-11T02:36:50.000000Z,7.75390625,7.75390625,1.0
2015-08-11T02:37:20.000000Z,7.75390625,7.75390625,17.0
2015-08-11T02:37:35.000000Z,7.75390625,7.75390625,6.0
2015-08-11T02:37:40.000000Z,7.75390625,7.75390625,8.0
2015-08-11T02:38:00.000000Z,7.75390625,7.75390625,7.0
2015-08-11T02:38:45.000000Z,7.75390625,7.75390625,2.0
2015-08-11T02:39:05.000000Z,7.75390625,7.75390625,1.0
2015-08-11T02:39:10.000000Z,7.75390625,7.75390625,1.0
2015-08-11T02:39:50.000000Z,7.75390625,7.75390625,3.0
2015-08-11T02:40:45.000000Z,7.75390625,7.75390625,1.0
2015-08-11T02:40:50.000000Z,7.75390625,7.75390625,1.0
2015-08-11T02:40:55.000000Z,7.75390625,7.75390625,1.0
2015-08-11T02:41:00.000000Z,7.75390625,7.75390625,1.0
2015-08-11T02:41:35.000000Z,7.75390625,7.75390625,2.0
2015-08-11T02:41:45.000000Z,7.75390625,7.75390625,9.0
2015-08-11T02:41:50.000000Z,7.75390625,7.75390625,9.0
2015-08-11T02:41:55.000000Z,7.75390625,7.75390625,2.0
2015-08-11T02:42:35.000000Z,7.75390625,7.75390625,1.0
2015-08-11T02:42:55.000000Z,7.75390625,7.75390625,6.0
2015-08-11T02:43:00.000000Z,7.75390625,7.75390625,1.0
2015-08-11T02:44:30.000000Z,7.75390625,7.75390625,3.0
2015-08-11T02:45:30.000000Z,7.75390625,7.75390625,1.0
2015-08-11T02:46:10.000000Z,7.75390625,7.75390625,1.0
2015-08-11T02:48:30.000000Z,7.75390625,7.75390625,2.0
2015-08-11T02:48:35.000000Z,7.75390625,7.75390625,1.0
2015-08-11T02:48:40.000000Z,7.75390625,7.75390625,3.0
2015-08-11T02:51:30.000000Z,7.75390625,7.75390625,1.0
2015-08-11T02:51:35.000000Z,7.75390625,7.75390625,7.0
2015-08-11T02:51:40.000000Z,7.75390625,7.75390625,1.0
2015-08-11T02:51:45.000000Z,7.75390625,7.75390625,1.0
2015-08-11T02:53:05.000000Z,7.75390625,7.75390625,1.0
2015-08-11T02:53:20.000000Z,7.75390625,7.75390625,2.0
2015-08-11T02:53:50.000000Z,7.75390625,7.75390625,2.0
2015-08-11T02:54:10.000000Z,7.75390625,7.75390625,3.0
2015-08-11T02:54:25.000000Z,7.75390625,7.75390625,1.0
2015-08-11T02:56:10.000000Z,7.75390625,7.75390625,3.0
2015-08-11T02:56:15.000000Z,7.75390625,7.75390625,3.0
2015-08-11T02:56:20.000000Z,7.75390625,7.75390625,1.0
2015-08-11T02:56:25.000000Z,7.75390625,7.75390625,1.0
2015-08-11T02:57:15.000000Z,7.75390625,7.75390625,1.0
2015-08-11T02:58:55.000000Z,7.75390625,7.75390625,1.0
2015-08-11T02:59:00.000000Z,7.75390625,7.75390625,1.0
2015-08-11T02:59:15.000000Z,7.75390625,7.75390625,2.0
2015-08-11T02:59:40.000000Z,7.75390625,7.75390625,1.0
2015-08-11T03:00:00.000000Z,7.75390625,7.75390625,5.0
2015-08-11T03:01:05.000000Z,7.75390625,7.75390625,1.0
2015-08-11T03:01:15.000000Z,7.75390625,7.75390625,1.0
2015-08-11T03:01:20.000000Z,7.75390625,7.75390625,4.0
2015-08-11T03:01:25.000000Z,7.75390625,7.75390625,5.0
2015-08-11T03:01:40.000000Z,7.75390625,7.75390625,1.0
2015-08-11T03:01:45.000000Z,7.75390625,7.75390625,2.0
2015-08-11T03:01:50.000000Z,7.75390625,7.75390625,2.0
2015-08-11T03:01:55.000000Z,7.75390625,7.75390625,1.0
2015-08-11T03:02:25.000000Z,7.75390625,7.75390625,4.0
2015-08-11T03:02:30.000000Z,7.75390625,7.75390625,2.0
2015-08-11T03:02:35.000000Z,7.75390625,7.75390625,4.0
2015-08-11T03:02:40.000000Z,7.75390625,7.75390625,1.0
2015-08-11T03:02:45.000000Z,7.75390625,7.75390625,1.0
2015-08-11T03:02:50.000000Z,7.75390625,7.75390625,6.0
2015-08-11T03:02:55.000000Z,7.75390625,7.75390625,2.0
2015-08-11T03:03:00.000000Z,7.75390625,7.75390625,2.0
2015-08-11T03:04:15.000000Z,7.75390625,7.75390625,1.0
2015-08-11T03:05:40.000000Z,7.75390625,7.75390625,1.0
2015-08-11T03:05:55.000000Z,7.75390625,7.75390625,2.0
2015-08-11T03:06:00.000000Z,7.75390625,7.75390625,1.0
2015-08-11T03:07:20.000000Z,7.75390625,7.75390625,12.0
2015-08-11T03:07:30.000000Z,7.75390625,7.75390625,2.0
2015-08-11T03:08:00.000000Z,7.75390625,7.75390625,1.0
2015-08-11T03:08:20.000000Z,7.75390625,7.75390625,1.0
2015-08-11T03:08:25.000000Z,7.75390625,7.75390625,1.0
2015-08-11T03:09:00.000000Z,7.75390625,7.75390625,1.0
2015-08-11T03:09:10.000000Z,7.75390625,7.75390625,1.0
2015-08-11T03:11:20.000000Z,7.75390625,7.75390625,4.0
2015-08-11T03:13:35.000000Z,7.75390625,7.75390625,3.0
2015-08-11T03:13:40.000000Z,7.75390625,7.75390625,13.0
2015-08-11T03:14:10.000000Z,7.75390625,7.75390625,4.0
2015-08-11T03:14:15.000000Z,7.75390625,7.75390625,5.0
2015-08-11T03:14:20.000000Z,7.75390625,7.75390625,4.0
2015-08-11T03:14:40.000000Z,7.75390625,7.75390625,2.0
2015-08-11T03:15:05.000000Z,7.75390625,7.75390625,3.0
2015-08-11T03:15:25.000000Z,7.75390625,7.75390625,7.0
2015-08-11T03:15:45.000000Z,7.75390625,7.75390625,10.0
2015-08-11T03:16:05.000000Z,7.75390625,7.75390625,12.0
2015-08-11T03:16:10.000000Z,7.75390625,7.75390625,27.0
2015-08-11T03:16:15.000000Z,7.75390625,7.75390625,11.0
2015-08-11T03:16:20.000000Z,7.75390625,7.75390625,18.0
2015-08-11T03:16:25.000000Z,7.75390625,7.75390625,10.0
2015-08-11T03:16:30.000000Z,7.75390625,7.75390625,7.0
2015-08-11T03:16:35.000000Z,7.75390625,7.75390625,2.0
2015-08-11T03:16:40.000000Z,7.75390625,7.75390625,13.0
2015-08-11T03:16:45.000000Z,7.75390625,7.75390625,13.0
2015-08-11T03:16:50.000000Z,7.75390625,7.75390625,17.0
2015-08-11T03:16:55.000000Z,7.75390625,7.75390625,2.0
2015-08-11T03:17:00.000000Z,7.75390625,7.75390625,2.0
2015-08-11T03:17:10.000000Z,7.75390625,7.75390625,10.0
2015-08-11T03:17:20.000000Z,7.75390625,7.75390625,4.0
2015-08-11T03:17:25.000000Z,7.75390625,7.75390625,16.0
2015-08-11T03:17:30.000000Z,7.75390625,7.75390625,3.0
2015-08-11T03:17:35.000000Z,7.75390625,7.75390625,7.0
2015-08-11T03:17:40.000000Z,7.75390625,7.75390625,9.0
2015-08-11T03:18:15.000000Z,7.75390625,7.75390625,9.0
2015-08-11T03:18:20.000000Z,7.75390625,7.75390625,3.0
2015-08-11T03:18:30.000000Z,7.75390625,7.75390625,11.0
2015-08-11T03:18:35.000000Z,7.75390625,7.75390625,7.0
2015-08-11T03:18:40.000000Z,7.75390625,7.75390625,8.0
2015-08-11T03:18:45.000000Z,7.75390625,7.75390625,11.0
2015-08-11T03:18:50.000000Z,7.75390625,7.75390625,7.0
2015-08-11T03:19:10.000000Z,7.75390625,7.75390625,9.0
2015-08-11T03:19:20.000000Z,7.75390625,7.75390625,5.0
2015-08-11T03:19:25.000000Z,7.75390625,7.75390625,9.0
2015-08-11T03:19:30.000000Z,7.75390625,7.75390625,1.0
2015-08-11T03:19:35.000000Z,7.75390625,7.75390625,1.0
2015-08-11T03:19:45.000000Z,7.75390625,7.75390625,12.0
2015-08-11T03:19:50.000000Z,7.75390625,7.75390625,2.0
2015-08-11T03:20:05.000000Z,7.75390625,7.75390625,2.0
2015-08-11T03:20:15.000000Z,7.75390625,7.75390625,2.0
2015-08-11T03:20:25.000000Z,7.75390625,7.75390625,25.0
2015-08-11T03:20:30.000000Z,7.75390625,7.75390625,24.0
2015-08-11T03:20:35.000000Z,7.75390625,7.75390625,41.0
2015-08-11T03:20:40.000000Z,7.75390625,7.75390625,14.0
2015-08-11T03:20:45.000000Z,7.75390625,7.75390625,2.0
2015-08-11T03:20:50.000000Z,7.75390625,7.75390625,17.0
2015-08-11T03:20:55.000000Z,7.75390625,7.75390625,12.0
2015-08-11T03:21:00.000000Z,7.75390625,7.75390625,29.0
2015-08-11T03:21:05.000000Z,7.75390625,7.75390625,9.0
2015-08-11T03:21:35.000000Z,7.75390625,7.75390625,2.0
2015-08-11T03:21:40.000000Z,7.75390625,7.75390625,1.0
2015-08-11T03:21:45.000000Z,7.75390625,7.75390625,5.0
2015-08-11T03:21:50.000000Z,7.75390625,7.75390625,11.0
2015-08-11T03:21:55.000000Z,7.75390625,7.75390625,11.0
2015-08-11T03:22:00.000000Z,7.75390625,7.75390625,3.0
2015-08-11T03:22:05.000000Z,7.75390625,7.75390625,3.0
2015-08-11T03:22:10.000000Z,7.75390625,7.75390625,1.0
2015-08-11T03:22:15.000000Z,7.75390625,7.75390625,1.0
2015-08-11T03:22:35.000000Z,7.75390625,7.75390625,1.0
2015-08-11T03:23:10.000000Z,7.75390625,7.75390625,15.0
2015-08-11T03:23:15.000000Z,7.75390625,7.75390625,10.0
2015-08-11T03:23:20.000000Z,7.75390625,7.75390625,1.0
2015-08-11T03:23:25.000000Z,7.75390625,7.75390625,7.0
2015-08-11T03:23:30.000000Z,7.75390625,7.75390625,1.0
2015-08-11T03:23:40.000000Z,7.75390625,7.75390625,3.0
2015-08-11T03:23:45.000000Z,7.75390625,7.75390625,2.0
2015-08-11T03:24:10.000000Z,7.75390625,7.75390625,13.0
2015-08-11T03:24:15.000000Z,7.75390625,7.75390625,1.0
2015-08-11T03:24:35.000000Z,7.75390625,7.75390625,4.0
2015-08-11T03:24:55.000000Z,7.75390625,7.75390625,17.0
2015-08-11T03:25:00.000000Z,7.75390625,7.75390625,7.0
2015-08-11T03:25:05.000000Z,7.75390625,7.75390625,18.0
2015-08-11T03:25:10.000000Z,7.75390625,7.75390625,11.0
2015-08-11T03:25:15.000000Z,7.75390625,7.75390625,2.0
2015-08-11T03:25:20.000000Z,7.75390625,7.75390625,3.0
2015-08-11T03:25:25.000000Z,7.75390625,7.75390625,19.0
2015-08-11T03:26:50.000000Z,7.75390625,7.75390625,1.0
2015-08-11T03:27:30.000000Z,7.75390625,7.75390625,5.0
2015-08-11T03:27:35.000000Z,7.75390625,7.75390625,3.0
2015-08-11T03:27:50.000000Z,7.75390625,7.75390625,5.0
2015-08-11T03:28:10.000000Z,7.75390625,7.75390625,1.0
2015-08-11T03:29:20.000000Z,7.75390625,7.75390625,4.0
2015-08-11T03:30:10.000000Z,7.75390625,7.75390625,1.0
2015-08-11T03:30:15.000000Z,7.75390625,7.75390625,1.0
2015-08-11T03:30:20.000000Z,7.75390625,7.75390625,3.0
2015-08-11T03:30:25.000000Z,7.75390625,7.75390625,4.0
2015-08-11T03:32:55.000000Z,7.75390625,7.75390625,8.0
2015-08-11T03:33:00.000000Z,7.75390625,7.75390625,3.0
2015-08-11T03:35:40.000000Z,7.75390625,7.75390625,2.0
2015-08-11T03:36:20.000000Z,7.75390625,7.75390625,1.0
2015-08-11T03:36:30.000000Z,7.75390625,7.75390625,1.0
2015-08-11T03:36:35.000000Z,7.75390625,7.75390625,2.0
2015-08-11T03:36:50.000000Z,7.75390625,7.75390625,2.0
2015-08-11T03:37:25.000000Z,7.75390625,7.75390625,2.0
2015-08-11T03:38:05.000000Z,7.75390625,7.75390625,1.0
2015-08-11T03:38:30.000000Z,7.75390625,7.75390625,3.0
2015-08-11T03:39:50.000000Z,7.75390625,7.75390625,8.0
2015-08-11T03:39:55.000000Z,7.75390625,7.75390625,1.0
2015-08-11T03:41:00.000000Z,7.75390625,7.75390625,4.0
2015-08-11T03:41:05.000000Z,7.75390625,7.75390625,3.0
2015-08-11T03:41:10.000000Z,7.75390625,7.75390625,3.0
2015-08-11T03:41:15.000000Z,7.75390625,7.75390625,1.0
2015-08-11T03:41:25.000000Z,7.75390625,7.75390625,1.0
2015-08-11T03:41:30.000000Z,7.75390625,7.75390625,5.0
2015-08-11T03:41:35.000000Z,7.75390625,7.75390625,7.0
2015-08-11T03:41:50.000000Z,7.75390625,7.75390625,1.0
2015-08-11T03:42:00.000000Z,7.75390625,7.75390625,8.0
2015-08-11T03:42:05.000000Z,7.75390625,7.75390625,5.0
2015-08-11T03:42:10.000000Z,7.75390625,7.75390625,7.0
2015-08-11T03:42:15.000000Z,7.75390625,7.75390625,4.0
2015-08-11T03:42:20.000000Z,7.75390625,7.75390625,1.0
2015-08-11T03:43:20.000000Z,7.75390625,7.75390625,3.0
2015-08-11T03:43:55.000000Z,7.75390625,7.75390625,1.0
2015-08-11T03:44:00.000000Z,7.75390625,7.75390625,2.0
2015-08-11T03:44:05.000000Z,7.75390625,7.75390625,1.0
2015-08-11T03:44:15.000000Z,7.75390625,7.75390625,3.0
2015-08-11T03:44:30.000000Z,7.75390625,7.75390625,2.0
2015-08-11T03:44:45.000000Z,7.75390625,7.75390625,7.0
2015-08-11T03:44:50.000000Z,7.75390625,7.75390625,1.0
2015-08-11T03:45:00.000000Z,7.75390625,7.75390625,3.0
2015-08-11T03:45:05.000000Z,7.75390625,7.75390625,4.0
2015-08-11T03:45:20.000000Z,7.75390625,7.75390625,2.0
2015-08-11T03:46:35.000000Z,7.75390625,7.75390625,7.0
2015-08-11T03:46:40.000000Z,7.75390625,7.75390625,12.0
2015-08-11T03:46:45.000000Z,7.75390625,7.75390625,14.0
2015-08-11T03:46:50.000000Z,7.75390625,7.75390625,9.0
2015-08-11T03:46:55.000000Z,7.75390625,7.75390625,9.0
2015-08-11T03:47:00.000000Z,7.75390625,7.75390625,2.0
2015-08-11T03:47:05.000000Z,7.75390625,7.75390625,1.0
2015-08-11T03:47:10.000000Z,7.75390625,7.75390625,1.0
2015-08-11T03:47:15.000000Z,7.75390625,7.75390625,14.0
2015-08-11T03:47:20.000000Z,7.75390625,7.75390625,1.0
2015-08-11T03:47:25.000000Z,7.75390625,7.75390625,16.0
2015-08-11T03:47:30.000000Z,7.75390625,7.75390625,1.0
2015-08-11T03:47:35.000000Z,7.7578125,7.75390625,10.0
2015-08-11T03:47:40.000000Z,7.7578125,7.75390625,17.0
2015-08-11T03:47:50.000000Z,7.7578125,7.75390625,7.0
2015-08-11T03:47:55.000000Z,7.7578125,7.75390625,25.0
2015-08-11T03:48:00.000000Z,7.75390625,7.75390625,27.0
2015-08-11T03:48:05.000000Z,7.75390625,7.75390625,24.0
2015-08-11T03:48:10.000000Z,7.75390625,7.75390625,26.0
2015-08-11T03:48:15.000000Z,7.75390625,7.75390625,24.0
2015-08-11T03:48:20.000000Z,7.75390625,7.75390625,20.0
2015-08-11T03:48:25.000000Z,7.75390625,7.75390625,28.0
2015-08-11T03:48:30.000000Z,7.75390625,7.75390625,21.0
2015-08-11T03:48:35.000000Z,7.75390625,7.75390625,25.0
2015-08-11T03:48:40.000000Z,7.75390625,7.75390625,25.0
2015-08-11T03:48:45.000000Z,7.75390625,7.75390625,26.0
2015-08-11T03:48:50.000000Z,7.75390625,7.75390625,28.0
2015-08-11T03:48:55.000000Z,7.7578125,7.75390625,20.0
2015-08-11T03:49:00.000000Z,7.75390625,7.75390625,12.0
2015-08-11T03:49:05.000000Z,7.75390625,7.75390625,5.0
2015-08-11T03:49:15.000000Z,7.75390625,7.75390625,3.0
2015-08-11T03:49:20.000000Z,7.75390625,7.75390625,1.0
2015-08-11T03:50:00.000000Z,7.75390625,7.75390625,26.0
2015-08-11T03:50:15.000000Z,7.75390625,7.75390625,7.0
2015-08-11T03:50:20.000000Z,7.75390625,7.75390625,1.0
2015-08-11T03:50:55.000000Z,7.75390625,7.75390625,20.0
2015-08-11T03:51:05.000000Z,7.75390625,7.75390625,1.0
2015-08-11T03:51:15.000000Z,7.75390625,7.75390625,4.0
2015-08-11T03:51:25.000000Z,7.75390625,7.75390625,1.0
2015-08-11T03:51:35.000000Z,7.75390625,7.75390625,4.0
2015-08-11T03:51:55.000000Z,7.75390625,7.75390625,1.0
2015-08-11T03:52:25.000000Z,7.7578125,7.75390625,23.0
2015-08-11T03:52:30.000000Z,7.7578125,7.75390625,1.0
2015-08-11T03:52:45.000000Z,7.7578125,7.75390625,2.0
2015-08-11T03:53:25.000000Z,7.7578125,7.75390625,1.0
2015-08-11T03:54:25.000000Z,7.7578125,7.75390625,4.0
2015-08-11T03:54:30.000000Z,7.7578125,7.75390625,1.0
2015-08-11T03:54:40.000000Z,7.75390625,7.75390625,8.0
2015-08-11T03:54:45.000000Z,7.75390625,7.75390625,1.0
2015-08-11T03:54:50.000000Z,7.7578125,7.75390625,8.0
2015-08-11T03:55:30.000000Z,7.7578125,7.75390625,1.0
2015-08-11T03:55:35.000000Z,7.7578125,7.75390625,9.0
2015-08-11T03:55:40.000000Z,7.7578125,7.75390625,5.0
2015-08-11T03:56:25.000000Z,7.7578125,7.75390625,3.0
2015-08-11T03:56:30.000000Z,7.75390625,7.75390625,8.0
2015-08-11T03:56:45.000000Z,7.7578125,7.75390625,21.0
2015-08-11T03:58:35.000000Z,7.7578125,7.75390625,2.0
2015-08-11T03:58:40.000000Z,7.75390625,7.75390625,22.0
2015-08-11T03:58:45.000000Z,7.7578125,7.75390625,9.0
2015-08-11T03:58:50.000000Z,7.7578125,7.75390625,1.0
2015-08-11T03:59:05.000000Z,7.7578125,7.75390625,3.0
2015-08-11T03:59:15.000000Z,7.75390625,7.75390625,11.0
2015-08-11T03:59:20.000000Z,7.75390625,7.75390625,5.0
2015-08-11T03:59:25.000000Z,7.75390625,7.75390625,6.0
2015-08-11T03:59:30.000000Z,7.7578125,7.75390625,17.0
2015-08-11T03:59:35.000000Z,7.7578125,7.75390625,2.0
2015-08-11T03:59:45.000000Z,7.7578125,7.75390625,1.0
2015-08-11T04:00:00.000000Z,7.7578125,7.75390625,1.0
2015-08-11T04:00:10.000000Z,7.7578125,7.75390625,1.0
2015-08-11T04:00:15.000000Z,7.7578125,7.75390625,8.0
2015-08-11T04:00:20.000000Z,7.7578125,7.75390625,3.0
2015-08-11T04:00:30.000000Z,7.7578125,7.75390625,1.0
2015-08-11T04:01:05.000000Z,7.7578125,7.75390625,1.0
2015-08-11T04:03:15.000000Z,7.7578125,7.75390625,6.0
2015-08-11T04:03:20.000000Z,7.7578125,7.75390625,7.0
2015-08-11T04:03:25.000000Z,7.7578125,7.75390625,1.0
2015-08-11T04:03:30.000000Z,7.7578125,7.75390625,3.0
2015-08-11T04:03:40.000000Z,7.7578125,7.75390625,4.0
2015-08-11T04:03:45.000000Z,7.7578125,7.75390625,5.0
2015-08-11T04:03:50.000000Z,7.7578125,7.75390625,5.0
2015-08-11T04:05:25.000000Z,7.75390625,7.75390625,7.0
2015-08-11T04:05:30.000000Z,7.75390625,7.75390625,17.0
2015-08-11T04:05:35.000000Z,7.75390625,7.75390625,4.0
2015-08-11T04:05:40.000000Z,7.75390625,7.75390625,4.0
2015-08-11T04:05:45.000000Z,7.75390625,7.75390625,3.0
2015-08-11T04:05:50.000000Z,7.75390625,7.75390625,5.0
2015-08-11T04:05:55.000000Z,7.7578125,7.75390625,6.0
2015-08-11T04:06:00.000000Z,7.7578125,7.75390625,1.0
2015-08-11T04:06:30.000000Z,7.7578125,7.75390625,1.0
2015-08-11T04:06:40.000000Z,7.7578125,7.75390625,1.0
2015-08-11T04:06:45.000000Z,7.7578125,7.75390625,1.0
2015-08-11T04:07:10.000000Z,7.7578125,7.75390625,3.0
2015-08-11T04:07:25.000000Z,7.7578125,7.75390625,8.0
2015-08-11T04:07:30.000000Z,7.7578125,7.75390625,2.0
2015-08-11T04:07:35.000000Z,7.7578125,7.75390625,1.0
2015-08-11T04:07:55.000000Z,7.7578125,7.75390625,1.0
2015-08-11T04:08:05.000000Z,7.7578125,7.75390625,9.0
2015-08-11T04:08:30.000000Z,7.7578125,7.75390625,9.0
2015-08-11T04:08:40.000000Z,7.7578125,7.75390625,1.0
2015-08-11T04:08:45.000000Z,7.7578125,7.75390625,1.0
2015-08-11T04:09:20.000000Z,7.7578125,7.75390625,4.0
2015-08-11T04:09:30.000000Z,7.7578125,7.75390625,7.0
2015-08-11T04:09:35.000000Z,7.7578125,7.75390625,2.0
2015-08-11T04:09:40.000000Z,7.7578125,7.75390625,1.0
2015-08-11T04:10:25.000000Z,7.7578125,7.75390625,2.0
2015-08-11T04:10:50.000000Z,7.7578125,7.75390625,1.0
2015-08-11T04:11:40.000000Z,7.7578125,7.75390625,1.0
2015-08-11T04:11:50.000000Z,7.7578125,7.75390625,1.0
2015-08-11T04:12:00.000000Z,7.7578125,7.75390625,2.0
2015-08-11T04:12:15.000000Z,7.7578125,7.75390625,1.0
2015-08-11T04:13:50.000000Z,7.7578125,7.75390625,1.0
2015-08-11T04:17:10.000000Z,7.7578125,7.75390625,4.0
2015-08-11T04:20:20.000000Z,7.7578125,7.75390625,1.0
2015-08-11T04:20:30.000000Z,7.7578125,7.75390625,1.0
2015-08-11T04:20:40.000000Z,7.7578125,7.75390625,1.0
2015-08-11T04:20:50.000000Z,7.7578125,7.75390625,1.0
2015-08-11T04:21:00.000000Z,7.7578125,7.75390625,1.0
2015-08-11T04:21:10.000000Z,7.7578125,7.75390625,1.0
2015-08-11T04:21:20.000000Z,7.7578125,7.75390625,1.0
2015-08-11T04:21:30.000000Z,7.7578125,7.75390625,1.0
2015-08-11T04:22:15.000000Z,7.7578125,7.75390625,4.0
2015-08-11T04:26:05.000000Z,7.7578125,7.75390625,1.0
2015-08-11T04:26:30.000000Z,7.7578125,7.75390625,1.0
2015-08-11T04:26:35.000000Z,7.7578125,7.75390625,2.0
2015-08-11T04:26:55.000000Z,7.7578125,7.75390625,1.0
2015-08-11T04:27:00.000000Z,7.7578125,7.75390625,1.0
2015-08-11T04:28:05.000000Z,7.7578125,7.75390625,1.0
2015-08-11T04:28:15.000000Z,7.7578125,7.75390625,1.0
2015-08-11T04:28:25.000000Z,7.7578125,7.75390625,1.0
2015-08-11T04:28:35.000000Z,7.7578125,7.75390625,1.0
2015-08-11T04:28:45.000000Z,7.7578125,7.75390625,1.0
2015-08-11T04:28:55.000000Z,7.7578125,7.75390625,1.0
2015-08-11T04:29:05.000000Z,7.7578125,7.75390625,1.0
2015-08-11T04:29:15.000000Z,7.7578125,7.75390625,1.0
2015-08-11T04:29:25.000000Z,7.7578125,7.75390625,1.0
2015-08-11T04:29:30.000000Z,7.7578125,7.75390625,5.0
2015-08-11T04:29:45.000000Z,7.75390625,7.75390625,14.0
2015-08-11T04:29:55.000000Z,7.75390625,7.75390625,10.0
2015-08-11T04:30:05.000000Z,7.75390625,7.75390625,2.0
2015-08-11T04:30:15.000000Z,7.75390625,7.75390625,1.0
2015-08-11T04:30:30.000000Z,7.75390625,7.75390625,1.0
2015-08-11T04:31:05.000000Z,7.75390625,7.75390625,2.0
2015-08-11T04:31:10.000000Z,7.75390625,7.75390625,1.0
2015-08-11T04:31:20.000000Z,7.75390625,7.75390625,2.0
2015-08-11T04:31:25.000000Z,7.75390625,7.75390625,5.0
2015-08-11T04:31:30.000000Z,7.75390625,7.75390625,1.0
2015-08-11T04:31:45.000000Z,7.75390625,7.75390625,1.0
2015-08-11T04:32:00.000000Z,7.75390625,7.75390625,1.0
2015-08-11T04:32:50.000000Z,7.75390625,7.75390625,1.0
2015-08-11T04:33:05.000000Z,7.7578125,7.75390625,10.0
2015-08-11T04:33:10.000000Z,7.7578125,7.75390625,3.0
2015-08-11T04:37:15.000000Z,7.7578125,7.75390625,2.0
2015-08-11T04:37:20.000000Z,7.7578125,7.75390625,2.0
2015-08-11T04:38:35.000000Z,7.7578125,7.75390625,1.0
2015-08-11T04:39:25.000000Z,7.7578125,7.75390625,3.0
2015-08-11T04:39:30.000000Z,7.7578125,7.75390625,9.0
2015-08-11T04:40:50.000000Z,7.7578125,7.75390625,1.0
2015-08-11T04:46:10.000000Z,7.7578125,7.75390625,2.0
2015-08-11T04:47:40.000000Z,7.7578125,7.75390625,2.0
2015-08-11T04:49:55.000000Z,7.7578125,7.75390625,1.0
2015-08-11T04:50:00.000000Z,7.7578125,7.75390625,6.0
2015-08-11T04:51:25.000000Z,7.7578125,7.75390625,6.0
2015-08-11T04:51:45.000000Z,7.7578125,7.75390625,2.0
2015-08-11T04:52:25.000000Z,7.7578125,7.75390625,1.0
2015-08-11T04:52:40.000000Z,7.7578125,7.75390625,1.0
2015-08-11T04:52:55.000000Z,7.7578125,7.75390625,1.0
2015-08-11T04:53:00.000000Z,7.7578125,7.75390625,2.0
2015-08-11T04:53:30.000000Z,7.7578125,7.75390625,2.0
2015-08-11T04:54:35.000000Z,7.7578125,7.75390625,2.0
2015-08-11T04:54:45.000000Z,7.7578125,7.75390625,8.0
2015-08-11T04:55:10.000000Z,7.7578125,7.75390625,1.0
2015-08-11T04:56:00.000000Z,7.7578125,7.75390625,1.0
2015-08-11T04:56:10.000000Z,7.7578125,7.75390625,1.0
2015-08-11T04:57:10.000000Z,7.7578125,7.75390625,1.0
2015-08-11T04:57:15.000000Z,7.7578125,7.75390625,2.0
2015-08-11T04:57:20.000000Z,7.7578125,7.75390625,6.0
2015-08-11T04:57:30.000000Z,7.7578125,7.75390625,7.0
2015-08-11T04:58:00.000000Z,7.7578125,7.75390625,2.0
2015-08-11T04:58:05.000000Z,7.7578125,7.75390625,9.0
2015-08-11T04:58:10.000000Z,7.7578125,7.75390625,1.0
2015-08-11T04:58:20.000000Z,7.7578125,7.7578125,1.0
2015-08-11T04:58:30.000000Z,7.7578125,7.75390625,2.0
2015-08-11T04:58:45.000000Z,7.7578125,7.7578125,1.0
2015-08-11T04:58:50.000000Z,7.7578125,7.75390625,1.0
2015-08-11T04:58:55.000000Z,7.7578125,7.7578125,1.0
2015-08-11T05:00:05.000000Z,7.7578125,7.75390625,1.0
2015-08-11T05:00:15.000000Z,7.7578125,7.7578125,1.0
2015-08-11T05:00:20.000000Z,7.7578125,7.75390625,2.0
2015-08-11T05:01:30.000000Z,7.7578125,7.75390625,1.0
2015-08-11T05:02:25.000000Z,7.7578125,7.75390625,1.0
2015-08-11T05:03:25.000000Z,7.7578125,7.75390625,1.0
2015-08-11T05:04:55.000000Z,7.7578125,7.75390625,1.0
2015-08-11T05:05:25.000000Z,7.7578125,7.75390625,3.0
2015-08-11T05:05:30.000000Z,7.7578125,7.75390625,1.0
2015-08-11T05:08:20.000000Z,7.7578125,7.75390625,1.0
2015-08-11T05:08:50.000000Z,7.7578125,7.75390625,3.0
2015-08-11T05:09:05.000000Z,7.7578125,7.7578125,8.0
2015-08-11T05:09:10.000000Z,7.7578125,7.7578125,1.0
2015-08-11T05:10:10.000000Z,7.7578125,7.7578125,1.0
2015-08-11T05:10:55.000000Z,7.7578125,7.7578125,4.0
2015-08-11T05:11:10.000000Z,7.7578125,7.7578125,1.0
2015-08-11T05:11:20.000000Z,7.7578125,7.7578125,5.0
2015-08-11T05:11:25.000000Z,7.7578125,7.7578125,2.0
2015-08-11T05:11:50.000000Z,7.7578125,7.7578125,15.0
2015-08-11T05:13:00.000000Z,7.7578125,7.7578125,1.0
2015-08-11T05:13:05.000000Z,7.7578125,7.7578125,1.0
2015-08-11T05:13:10.000000Z,7.7578125,7.7578125,1.0
2015-08-11T05:21:10.000000Z,7.7578125,7.7578125,1.0
2015-08-11T05:21:40.000000Z,7.7578125,7.7578125,1.0
2015-08-11T05:28:10.000000Z,7.7578125,7.7578125,1.0
2015-08-11T05:28:30.000000Z,7.7578125,7.7578125,10.0
2015-08-11T05:28:35.000000Z,7.7578125,7.7578125,12.0
2015-08-11T05:28:40.000000Z,7.7578125,7.7578125,6.0
2015-08-11T05:28:55.000000Z,7.7578125,7.7578125,11.0
2015-08-11T05:29:00.000000Z,7.7578125,7.7578125,1.0
2015-08-11T05:29:05.000000Z,7.7578125,7.7578125,7.0
2015-08-11T05:29:10.000000Z,7.7578125,7.7578125,5.0
2015-08-11T05:29:15.000000Z,7.7578125,7.7578125,2.0
2015-08-11T05:29:30.000000Z,7.7578125,7.7578125,1.0
2015-08-11T05:29:45.000000Z,7.7578125,7.7578125,1.0
2015-08-11T05:30:00.000000Z,7.7578125,7.7578125,2.0
2015-08-11T05:30:25.000000Z,7.7578125,7.7578125,1.0
2015-08-11T05:32:15.000000Z,7.7578125,7.7578125,3.0
2015-08-11T05:32:25.000000Z,7.7578125,7.7578125,4.0
2015-08-11T05:32:30.000000Z,7.7578125,7.7578125,4.0
2015-08-11T05:32:35.000000Z,7.7578125,7.7578125,1.0
2015-08-11T05:33:10.000000Z,7.7578125,7.7578125,10.0
2015-08-11T05:33:25.000000Z,7.7578125,7.7578125,2.0
2015-08-11T05:33:35.000000Z,7.7578125,7.7578125,1.0
2015-08-11T05:33:40.000000Z,7.7578125,7.7578125,1.0
2015-08-11T05:34:15.000000Z,7.7578125,7.7578125,16.0
2015-08-11T05:34:20.000000Z,7.7578125,7.7578125,4.0
2015-08-11T05:34:45.000000Z,7.7578125,7.7578125,1.0
2015-08-11T05:34:50.000000Z,7.7578125,7.7578125,2.0
2015-08-11T05:35:00.000000Z,7.7578125,7.7578125,1.0
2015-08-11T05:35:15.000000Z,7.7578125,7.7578125,3.0
2015-08-11T05:35:20.000000Z,7.7578125,7.7578125,5.0
2015-08-11T05:35:35.000000Z,7.7578125,7.7578125,1.0
2015-08-11T05:36:00.000000Z,7.7578125,7.7578125,1.0
2015-08-11T05:36:35.000000Z,7.7578125,7.7578125,2.0
2015-08-11T05:36:40.000000Z,7.7578125,7.7578125,7.0
2015-08-11T05:36:45.000000Z,7.7578125,7.7578125,5.0
2015-08-11T05:37:05.000000Z,7.7578125,7.7578125,1.0
2015-08-11T05:37:15.000000Z,7.7578125,7.7578125,1.0
2015-08-11T05:37:25.000000Z,7.7578125,7.7578125,3.0
2015-08-11T05:37:35.000000Z,7.7578125,7.7578125,2.0
2015-08-11T05:37:40.000000Z,7.7578125,7.7578125,6.0
2015-08-11T05:38:05.000000Z,7.7578125,7.7578125,1.0
2015-08-11T05:38:45.000000Z,7.7578125,7.7578125,8.0
2015-08-11T05:39:25.000000Z,7.7578125,7.7578125,2.0
2015-08-11T05:39:40.000000Z,7.7578125,7.7578125,4.0
2015-08-11T05:39:50.000000Z,7.7578125,7.7578125,1.0
2015-08-11T05:40:35.000000Z,7.7578125,7.7578125,1.0
2015-08-11T05:41:10.000000Z,7.7578125,7.7578125,1.0
2015-08-11T05:42:40.000000Z,7.7578125,7.7578125,1.0
2015-08-11T05:43:50.000000Z,7.7578125,7.7578125,2.0
2015-08-11T05:44:30.000000Z,7.7578125,7.7578125,4.0
2015-08-11T05:44:35.000000Z,7.7578125,7.7578125,1.0
2015-08-11T05:44:45.000000Z,7.7578125,7.7578125,1.0
2015-08-11T05:44:50.000000Z,7.7578125,7.7578125,3.0
2015-08-11T05:45:45.000000Z,7.7578125,7.7578125,1.0
2015-08-11T05:52:45.000000Z,7.7578125,7.7578125,4.0
2015-08-11T05:52:55.000000Z,7.7578125,7.7578125,5.0
2015-08-11T05:53:00.000000Z,7.7578125,7.7578125,3.0
2015-08-11T05:53:05.000000Z,7.7578125,7.7578125,1.0
2015-08-11T05:53:55.000000Z,7.7578125,7.7578125,6.0
2015-08-11T05:54:35.000000Z,7.7578125,7.7578125,1.0
2015-08-11T05:54:45.000000Z,7.7578125,7.7578125,1.0
2015-08-11T05:55:05.000000Z,7.7578125,7.7578125,1.0
2015-08-11T05:55:10.000000Z,7.7578125,7.7578125,1.0
2015-08-11T05:55:35.000000Z,7.7578125,7.7578125,1.0
2015-08-11T05:56:15.000000Z,7.7578125,7.7578125,1.0
2015-08-11T05:57:30.000000Z,7.7578125,7.7578125,1.0
2015-08-11T05:58:40.000000Z,7.76171875,7.7578125,41.0
2015-08-11T05:58:45.000000Z,7.76171875,7.76171875,2.0
2015-08-11T05:58:50.000000Z,7.76171875,7.7578125,18.0
2015-08-11T05:58:55.000000Z,7.76171875,7.7578125,17.0
2015-08-11T05:59:00.000000Z,7.76171875,7.7578125,5.0
2015-08-11T05:59:05.000000Z,7.76171875,7.7578125,1.0
2015-08-11T05:59:10.000000Z,7.76171875,7.7578125,2.0
2015-08-11T05:59:25.000000Z,7.76171875,7.7578125,1.0
2015-08-11T05:59:30.000000Z,7.76171875,7.7578125,1.0
2015-08-11T05:59:35.000000Z,7.76171875,7.7578125,6.0
2015-08-11T05:59:40.000000Z,7.76171875,7.7578125,14.0
2015-08-11T05:59:45.000000Z,7.7578125,7.7578125,36.0
2015-08-11T05:59:50.000000Z,7.7578125,7.7578125,4.0
2015-08-11T05:59:55.000000Z,7.7578125,7.7578125,4.0
2015-08-11T06:00:00.000000Z,7.7578125,7.7578125,11.0
2015-08-11T06:00:20.000000Z,7.7578125,7.7578125,25.0
2015-08-11T06:00:25.000000Z,7.7578125,7.7578125,21.0
2015-08-11T06:00:30.000000Z,7.7578125,7.7578125,27.0
2015-08-11T06:00:35.000000Z,7.7578125,7.7578125,7.0
2015-08-11T06:00:40.000000Z,7.7578125,7.7578125,5.0
2015-08-11T06:00:50.000000Z,7.7578125,7.7578125,1.0
2015-08-11T06:01:00.000000Z,7.7578125,7.7578125,2.0
2015-08-11T06:01:20.000000Z,7.7578125,7.7578125,7.0
2015-08-11T06:01:25.000000Z,7.7578125,7.7578125,4.0
2015-08-11T06:01:30.000000Z,7.7578125,7.7578125,9.0
2015-08-11T06:01:35.000000Z,7.7578125,7.7578125,1.0
2015-08-11T06:01:40.000000Z,7.7578125,7.7578125,20.0
2015-08-11T06:01:45.000000Z,7.7578125,7.7578125,1.0
2015-08-11T06:01:50.000000Z,7.7578125,7.7578125,24.0
2015-08-11T06:01:55.000000Z,7.7578125,7.7578125,13.0
2015-08-11T06:02:05.000000Z,7.7578125,7.7578125,22.0
2015-08-11T06:02:10.000000Z,7.7578125,7.7578125,17.0
2015-08-11T06:02:15.000000Z,7.7578125,7.7578125,3.0
2015-08-11T06:02:20.000000Z,7.7578125,7.7578125,1.0
2015-08-11T06:02:30.000000Z,7.7578125,7.7578125,9.0
2015-08-11T06:02:40.000000Z,7.7578125,7.7578125,11.0
2015-08-11T06:02:45.000000Z,7.7578125,7.7578125,3.0
2015-08-11T06:02:50.000000Z,7.7578125,7.7578125,1.0
2015-08-11T06:02:55.000000Z,7.7578125,7.7578125,1.0
2015-08-11T06:03:00.000000Z,7.7578125,7.7578125,8.0
2015-08-11T06:03:05.000000Z,7.7578125,7.7578125,6.0
2015-08-11T06:03:10.000000Z,7.7578125,7.7578125,6.0
2015-08-11T06:03:15.000000Z,7.7578125,7.7578125,3.0
2015-08-11T06:03:20.000000Z,7.7578125,7.7578125,1.0
2015-08-11T06:03:25.000000Z,7.7578125,7.7578125,3.0
2015-08-11T06:03:30.000000Z,7.7578125,7.7578125,49.0
2015-08-11T06:03:35.000000Z,7.7578125,7.7578125,7.0
2015-08-11T06:03:40.000000Z,7.7578125,7.7578125,11.0
2015-08-11T06:03:45.000000Z,7.7578125,7.7578125,3.0
2015-08-11T06:03:50.000000Z,7.7578125,7.7578125,7.0
2015-08-11T06:04:00.000000Z,7.7578125,7.7578125,3.0
2015-08-11T06:04:05.000000Z,7.7578125,7.7578125,3.0
2015-08-11T06:04:20.000000Z,7.7578125,7.7578125,1.0
2015-08-11T06:05:10.000000Z,7.7578125,7.7578125,1.0
2015-08-11T06:06:05.000000Z,7.7578125,7.7578125,1.0
2015-08-11T06:07:30.000000Z,7.7578125,7.7578125,1.0
2015-08-11T06:08:30.000000Z,7.7578125,7.7578125,4.0
2015-08-11T06:08:40.000000Z,7.7578125,7.7578125,5.0
2015-08-11T06:08:55.000000Z,7.7578125,7.7578125,2.0
2015-08-11T06:09:00.000000Z,7.7578125,7.7578125,4.0
2015-08-11T06:09:05.000000Z,7.7578125,7.7578125,3.0
2015-08-11T06:09:10.000000Z,7.7578125,7.7578125,1.0
2015-08-11T06:09:40.000000Z,7.7578125,7.7578125,1.0
2015-08-11T06:09:55.000000Z,7.7578125,7.7578125,3.0
2015-08-11T06:10:00.000000Z,7.7578125,7.7578125,5.0
2015-08-11T06:10:10.000000Z,7.7578125,7.7578125,1.0
2015-08-11T06:10:15.000000Z,7.7578125,7.7578125,2.0
2015-08-11T06:10:40.000000Z,7.7578125,7.7578125,1.0
2015-08-11T06:10:50.000000Z,7.7578125,7.7578125,1.0
2015-08-11T06:10:55.000000Z,7.7578125,7.7578125,5.0
2015-08-11T06:11:10.000000Z,7.7578125,7.7578125,1.0
2015-08-11T06:11:35.000000Z,7.7578125,7.7578125,10.0
2015-08-11T06:11:40.000000Z,7.7578125,7.7578125,2.0
2015-08-11T06:11:50.000000Z,7.7578125,7.7578125,2.0
2015-08-11T06:11:55.000000Z,7.7578125,7.7578125,1.0
2015-08-11T06:12:15.000000Z,7.7578125,7.7578125,1.0
2015-08-11T06:12:40.000000Z,7.7578125,7.7578125,1.0
2015-08-11T06:13:00.000000Z,7.7578125,7.7578125,1.0
2015-08-11T06:14:20.000000Z,7.7578125,7.7578125,2.0
2015-08-11T06:14:35.000000Z,7.7578125,7.7578125,7.0
2015-08-11T06:14:50.000000Z,7.7578125,7.7578125,4.0
2015-08-11T06:15:10.000000Z,7.7578125,7.7578125,10.0
2015-08-11T06:15:25.000000Z,7.7578125,7.7578125,1.0
2015-08-11T06:15:30.000000Z,7.7578125,7.7578125,1.0
2015-08-11T06:16:20.000000Z,7.7578125,7.7578125,4.0
2015-08-11T06:16:25.000000Z,7.7578125,7.7578125,16.0
2015-08-11T06:16:30.000000Z,7.7578125,7.7578125,2.0
2015-08-11T06:16:40.000000Z,7.7578125,7.7578125,1.0
2015-08-11T06:16:45.000000Z,7.7578125,7.7578125,4.0
2015-08-11T06:16:50.000000Z,7.7578125,7.7578125,4.0
2015-08-11T06:17:00.000000Z,7.7578125,7.7578125,1.0
2015-08-11T06:17:20.000000Z,7.7578125,7.7578125,26.0
2015-08-11T06:17:30.000000Z,7.7578125,7.7578125,1.0
2015-08-11T06:18:10.000000Z,7.7578125,7.7578125,10.0
2015-08-11T06:18:25.000000Z,7.7578125,7.7578125,22.0
2015-08-11T06:18:30.000000Z,7.7578125,7.7578125,3.0
2015-08-11T06:18:35.000000Z,7.7578125,7.7578125,4.0
2015-08-11T06:18:40.000000Z,7.7578125,7.7578125,1.0
2015-08-11T06:19:35.000000Z,7.7578125,7.7578125,2.0
2015-08-11T06:19:45.000000Z,7.7578125,7.7578125,1.0
2015-08-11T06:20:10.000000Z,7.7578125,7.7578125,1.0
2015-08-11T06:21:30.000000Z,7.7578125,7.7578125,1.0
2015-08-11T06:21:35.000000Z,7.7578125,7.7578125,3.0
2015-08-11T06:23:25.000000Z,7.7578125,7.7578125,7.0
2015-08-11T06:23:30.000000Z,7.7578125,7.7578125,14.0
2015-08-11T06:23:35.000000Z,7.7578125,7.7578125,12.0
2015-08-11T06:23:40.000000Z,7.7578125,7.7578125,5.0
2015-08-11T06:25:00.000000Z,7.7578125,7.7578125,2.0
2015-08-11T06:25:05.000000Z,7.7578125,7.7578125,2.0
2015-08-11T06:27:00.000000Z,7.7578125,7.7578125,1.0
2015-08-11T06:27:35.000000Z,7.7578125,7.7578125,1.0
2015-08-11T06:27:45.000000Z,7.7578125,7.7578125,19.0
2015-08-11T06:28:20.000000Z,7.7578125,7.7578125,2.0
2015-08-11T06:28:35.000000Z,7.7578125,7.7578125,11.0
2015-08-11T06:28:40.000000Z,7.7578125,7.7578125,13.0
2015-08-11T06:28:50.000000Z,7.7578125,7.7578125,5.0
2015-08-11T06:28:55.000000Z,7.7578125,7.7578125,2.0
2015-08-11T06:30:00.000000Z,7.7578125,7.7578125,2.0
2015-08-11T06:32:10.000000Z,7.7578125,7.7578125,2.0
2015-08-11T06:33:55.000000Z,7.7578125,7.7578125,2.0
2015-08-11T06:34:35.000000Z,7.7578125,7.7578125,2.0
2015-08-11T06:35:15.000000Z,7.7578125,7.7578125,1.0
2015-08-11T06:35:20.000000Z,7.7578125,7.7578125,1.0
2015-08-11T06:35:40.000000Z,7.7578125,7.7578125,3.0
2015-08-11T06:35:55.000000Z,7.7578125,7.7578125,2.0
2015-08-11T06:36:05.000000Z,7.7578125,7.7578125,2.0
2015-08-11T06:36:25.000000Z,7.7578125,7.7578125,1.0
2015-08-11T06:36:35.000000Z,7.7578125,7.7578125,2.0
2015-08-11T06:37:10.000000Z,7.7578125,7.7578125,1.0
2015-08-11T06:37:15.000000Z,7.7578125,7.7578125,3.0
2015-08-11T06:37:20.000000Z,7.7578125,7.7578125,6.0
2015-08-11T06:37:25.000000Z,7.7578125,7.7578125,6.0
2015-08-11T06:37:40.000000Z,7.7578125,7.7578125,1.0
2015-08-11T06:38:45.000000Z,7.7578125,7.7578125,1.0
2015-08-11T06:38:50.000000Z,7.7578125,7.7578125,1.0
2015-08-11T06:39:05.000000Z,7.7578125,7.7578125,4.0
2015-08-11T06:39:30.000000Z,7.7578125,7.7578125,4.0
2015-08-11T06:40:10.000000Z,7.7578125,7.7578125,1.0
2015-08-11T06:41:10.000000Z,7.7578125,7.7578125,1.0
2015-08-11T06:41:20.000000Z,7.7578125,7.7578125,4.0
2015-08-11T06:41:40.000000Z,7.7578125,7.7578125,1.0
2015-08-11T06:42:30.000000Z,7.7578125,7.7578125,1.0
2015-08-11T06:42:35.000000Z,7.7578125,7.7578125,1.0
2015-08-11T06:42:45.000000Z,7.7578125,7.7578125,1.0
2015-08-11T06:43:30.000000Z,7.7578125,7.7578125,6.0
2015-08-11T06:43:35.000000Z,7.7578125,7.7578125,1.0
2015-08-11T06:43:40.000000Z,7.7578125,7.7578125,1.0
2015-08-11T06:43:50.000000Z,7.7578125,7.7578125,1.0
2015-08-11T06:44:35.000000Z,7.7578125,7.7578125,1.0
2015-08-11T06:44:50.000000Z,7.7578125,7.7578125,6.0
2015-08-11T06:46:10.000000Z,7.7578125,7.7578125,1.0
2015-08-11T06:46:30.000000Z,7.7578125,7.7578125,6.0
2015-08-11T06:46:35.000000Z,7.7578125,7.7578125,1.0
2015-08-11T06:48:00.000000Z,7.7578125,7.7578125,16.0
2015-08-11T06:48:10.000000Z,7.7578125,7.7578125,1.0
2015-08-11T06:48:35.000000Z,7.7578125,7.7578125,3.0
2015-08-11T06:48:40.000000Z,7.7578125,7.7578125,1.0
2015-08-11T06:49:00.000000Z,7.7578125,7.7578125,1.0
2015-08-11T06:49:20.000000Z,7.7578125,7.7578125,4.0
2015-08-11T06:50:00.000000Z,7.7578125,7.7578125,2.0
2015-08-11T06:50:15.000000Z,7.7578125,7.7578125,1.0
2015-08-11T06:50:40.000000Z,7.7578125,7.7578125,10.0
2015-08-11T06:50:50.000000Z,7.7578125,7.7578125,1.0
2015-08-11T06:50:55.000000Z,7.7578125,7.7578125,4.0
2015-08-11T06:51:15.000000Z,7.7578125,7.7578125,1.0
2015-08-11T06:51:50.000000Z,7.7578125,7.7578125,14.0
2015-08-11T06:51:55.000000Z,7.7578125,7.7578125,11.0
2015-08-11T06:52:00.000000Z,7.7578125,7.7578125,10.0
2015-08-11T06:52:10.000000Z,7.7578125,7.7578125,2.0
2015-08-11T06:52:20.000000Z,7.7578125,7.7578125,1.0
2015-08-11T06:52:30.000000Z,7.7578125,7.7578125,1.0
2015-08-11T06:52:40.000000Z,7.7578125,7.7578125,1.0
2015-08-11T06:52:45.000000Z,7.7578125,7.7578125,2.0
2015-08-11T06:52:50.000000Z,7.7578125,7.7578125,2.0
2015-08-11T06:53:15.000000Z,7.7578125,7.7578125,1.0
2015-08-11T06:53:25.000000Z,7.7578125,7.7578125,11.0
2015-08-11T06:53:30.000000Z,7.7578125,7.7578125,1.0
2015-08-11T06:53:50.000000Z,7.7578125,7.7578125,3.0
2015-08-11T06:54:15.000000Z,7.7578125,7.7578125,3.0
2015-08-11T06:54:25.000000Z,7.7578125,7.7578125,16.0
2015-08-11T06:54:30.000000Z,7.7578125,7.7578125,6.0
2015-08-11T06:54:35.000000Z,7.7578125,7.7578125,3.0
2015-08-11T06:54:40.000000Z,7.7578125,7.7578125,1.0
2015-08-11T06:54:50.000000Z,7.7578125,7.7578125,1.0
2015-08-11T06:55:10.000000Z,7.7578125,7.7578125,1.0
2015-08-11T06:55:15.000000Z,7.7578125,7.7578125,5.0
2015-08-11T06:55:25.000000Z,7.7578125,7.7578125,4.0
2015-08-11T06:55:40.000000Z,7.7578125,7.7578125,7.0
2015-08-11T06:55:50.000000Z,7.7578125,7.7578125,2.0
2015-08-11T06:57:00.000000Z,7.7578125,7.7578125,1.0
2015-08-11T06:57:35.000000Z,7.7578125,7.7578125,7.0
2015-08-11T06:57:40.000000Z,7.7578125,7.7578125,1.0
2015-08-11T06:57:50.000000Z,7.7578125,7.7578125,2.0
2015-08-11T06:58:00.000000Z,7.7578125,7.7578125,1.0
2015-08-11T06:58:15.000000Z,7.7578125,7.7578125,3.0
2015-08-11T06:58:20.000000Z,7.7578125,7.7578125,6.0
2015-08-11T06:58:40.000000Z,7.7578125,7.7578125,1.0
2015-08-11T06:59:00.000000Z,7.7578125,7.7578125,1.0
2015-08-11T06:59:55.000000Z,7.7578125,7.7578125,1.0
2015-08-11T07:00:00.000000Z,7.7578125,7.7578125,5.0
2015-08-11T07:00:20.000000Z,7.7578125,7.7578125,1.0
2015-08-11T07:00:25.000000Z,7.7578125,7.7578125,1.0
2015-08-11T07:00:30.000000Z,7.7578125,7.7578125,4.0
2015-08-11T07:00:40.000000Z,7.7578125,7.7578125,4.0
2015-08-11T07:00:55.000000Z,7.7578125,7.7578125,3.0
2015-08-11T07:01:30.000000Z,7.7578125,7.7578125,2.0
2015-08-11T07:01:35.000000Z,7.7578125,7.7578125,8.0
2015-08-11T07:01:40.000000Z,7.7578125,7.7578125,6.0
2015-08-11T07:01:45.000000Z,7.7578125,7.7578125,1.0
2015-08-11T07:01:55.000000Z,7.7578125,7.7578125,1.0
2015-08-11T07:02:00.000000Z,7.7578125,7.7578125,11.0
2015-08-11T07:02:05.000000Z,7.7578125,7.7578125,1.0
2015-08-11T07:02:10.000000Z,7.7578125,7.7578125,8.0
2015-08-11T07:02:15.000000Z,7.7578125,7.7578125,8.0
2015-08-11T07:02:20.000000Z,7.7578125,7.7578125,18.0
2015-08-11T07:02:30.000000Z,7.7578125,7.7578125,1.0
2015-08-11T07:03:00.000000Z,7.7578125,7.7578125,1.0
2015-08-11T07:03:20.000000Z,7.7578125,7.7578125,1.0
2015-08-11T07:03:30.000000Z,7.7578125,7.7578125,1.0
2015-08-11T07:03:55.000000Z,7.7578125,7.7578125,19.0
2015-08-11T07:04:00.000000Z,7.7578125,7.7578125,1.0
2015-08-11T07:04:05.000000Z,7.7578125,7.7578125,2.0
2015-08-11T07:04:15.000000Z,7.7578125,7.7578125,1.0
2015-08-11T07:04:55.000000Z,7.7578125,7.7578125,1.0
2015-08-11T07:05:35.000000Z,7.7578125,7.7578125,1.0
2015-08-11T07:05:40.000000Z,7.7578125,7.7578125,2.0
2015-08-11T07:05:50.000000Z,7.7578125,7.7578125,1.0
2015-08-11T07:06:15.000000Z,7.7578125,7.7578125,4.0
2015-08-11T07:06:20.000000Z,7.7578125,7.7578125,1.0
2015-08-11T07:06:45.000000Z,7.7578125,7.7578125,7.0
2015-08-11T07:06:50.000000Z,7.7578125,7.7578125,4.0
2015-08-11T07:06:55.000000Z,7.7578125,7.7578125,1.0
2015-08-11T07:07:00.000000Z,7.7578125,7.7578125,13.0
2015-08-11T07:07:30.000000Z,7.7578125,7.7578125,2.0
2015-08-11T07:07:35.000000Z,7.7578125,7.7578125,1.0
2015-08-11T07:10:10.000000Z,7.7578125,7.7578125,2.0
2015-08-11T07:10:15.000000Z,7.7578125,7.7578125,2.0
2015-08-11T07:10:35.000000Z,7.7578125,7.7578125,1.0
2015-08-11T07:10:50.000000Z,7.7578125,7.7578125,15.0
2015-08-11T07:11:05.000000Z,7.7578125,7.7578125,1.0
2015-08-11T07:11:35.000000Z,7.7578125,7.7578125,3.0
2015-08-11T07:11:40.000000Z,7.7578125,7.7578125,5.0
2015-08-11T07:11:50.000000Z,7.7578125,7.7578125,8.0
2015-08-11T07:11:55.000000Z,7.7578125,7.7578125,5.0
2015-08-11T07:12:00.000000Z,7.7578125,7.7578125,1.0
2015-08-11T07:12:10.000000Z,7.7578125,7.7578125,1.0
2015-08-11T07:12:35.000000Z,7.7578125,7.7578125,4.0
2015-08-11T07:14:00.000000Z,7.7578125,7.7578125,1.0
2015-08-11T07:15:10.000000Z,7.7578125,7.7578125,1.0
2015-08-11T07:15:15.000000Z,7.7578125,7.7578125,3.0
2015-08-11T07:15:25.000000Z,7.7578125,7.7578125,1.0
2015-08-11T07:16:15.000000Z,7.7578125,7.7578125,3.0
2015-08-11T07:17:25.000000Z,7.7578125,7.7578125,2.0
2015-08-11T07:17:40.000000Z,7.7578125,7.7578125,4.0
2015-08-11T07:17:50.000000Z,7.7578125,7.7578125,4.0
2015-08-11T07:17:55.000000Z,7.7578125,7.7578125,25.0
2015-08-11T07:18:00.000000Z,7.7578125,7.7578125,7.0
2015-08-11T07:18:05.000000Z,7.7578125,7.7578125,15.0
2015-08-11T07:18:10.000000Z,7.7578125,7.7578125,2.0
2015-08-11T07:18:15.000000Z,7.7578125,7.7578125,4.0
2015-08-11T07:18:25.000000Z,7.7578125,7.7578125,1.0
2015-08-11T07:18:40.000000Z,7.7578125,7.7578125,6.0
2015-08-11T07:19:00.000000Z,7.7578125,7.7578125,20.0
2015-08-11T07:19:05.000000Z,7.7578125,7.7578125,3.0
2015-08-11T07:19:10.000000Z,7.7578125,7.7578125,4.0
2015-08-11T07:19:20.000000Z,7.7578125,7.7578125,9.0
2015-08-11T07:19:35.000000Z,7.7578125,7.7578125,1.0
2015-08-11T07:20:40.000000Z,7.7578125,7.7578125,1.0
2015-08-11T07:20:55.000000Z,7.7578125,7.7578125,2.0
2015-08-11T07:21:00.000000Z,7.7578125,7.7578125,1.0
2015-08-11T07:21:05.000000Z,7.7578125,7.7578125,3.0
2015-08-11T07:21:10.000000Z,7.7578125,7.7578125,1.0
2015-08-11T07:21:15.000000Z,7.7578125,7.7578125,2.0
2015-08-11T07:21:20.000000Z,7.7578125,7.7578125,2.0
2015-08-11T07:21:25.000000Z,7.7578125,7.7578125,10.0
2015-08-11T07:21:35.000000Z,7.7578125,7.7578125,6.0
2015-08-11T07:21:45.000000Z,7.7578125,7.7578125,2.0
2015-08-11T07:21:55.000000Z,7.7578125,7.7578125,9.0
2015-08-11T07:22:00.000000Z,7.7578125,7.7578125,23.0
2015-08-11T07:22:10.000000Z,7.7578125,7.7578125,30.0
2015-08-11T07:22:15.000000Z,7.7578125,7.7578125,13.0
2015-08-11T07:22:20.000000Z,7.7578125,7.7578125,2.0
2015-08-11T07:22:30.000000Z,7.7578125,7.7578125,22.0
2015-08-11T07:22:35.000000Z,7.7578125,7.7578125,2.0
2015-08-11T07:22:40.000000Z,7.7578125,7.7578125,1.0
2015-08-11T07:22:50.000000Z,7.7578125,7.7578125,1.0
2015-08-11T07:23:00.000000Z,7.7578125,7.7578125,3.0
2015-08-11T07:23:05.000000Z,7.7578125,7.7578125,2.0
2015-08-11T07:23:10.000000Z,7.7578125,7.7578125,1.0
2015-08-11T07:23:15.000000Z,7.7578125,7.7578125,1.0
2015-08-11T07:23:20.000000Z,7.7578125,7.7578125,3.0
2015-08-11T07:23:30.000000Z,7.7578125,7.7578125,1.0
2015-08-11T07:23:35.000000Z,7.7578125,7.7578125,2.0
2015-08-11T07:23:40.000000Z,7.7578125,7.7578125,1.0
2015-08-11T07:24:00.000000Z,7.7578125,7.7578125,1.0
2015-08-11T07:25:30.000000Z,7.7578125,7.7578125,7.0
2015-08-11T07:25:35.000000Z,7.7578125,7.7578125,20.0
2015-08-11T07:25:40.000000Z,7.7578125,7.7578125,14.0
2015-08-11T07:25:45.000000Z,7.7578125,7.7578125,15.0
2015-08-11T07:25:50.000000Z,7.7578125,7.7578125,5.0
2015-08-11T07:26:00.000000Z,7.7578125,7.7578125,1.0
2015-08-11T07:26:05.000000Z,7.7578125,7.7578125,6.0
2015-08-11T07:26:15.000000Z,7.7578125,7.7578125,1.0
2015-08-11T07:26:20.000000Z,7.7578125,7.7578125,4.0
2015-08-11T07:26:35.000000Z,7.7578125,7.7578125,5.0
2015-08-11T07:27:45.000000Z,7.7578125,7.7578125,1.0
2015-08-11T07:27:55.000000Z,7.7578125,7.7578125,6.0
2015-08-11T07:28:15.000000Z,7.7578125,7.7578125,6.0
2015-08-11T07:28:30.000000Z,7.7578125,7.7578125,4.0
2015-08-11T07:29:10.000000Z,7.7578125,7.7578125,36.0
2015-08-11T07:29:15.000000Z,7.7578125,7.7578125,13.0
2015-08-11T07:29:20.000000Z,7.7578125,7.7578125,13.0
2015-08-11T07:29:25.000000Z,7.7578125,7.7578125,3.0
2015-08-11T07:29:30.000000Z,7.7578125,7.7578125,2.0
2015-08-11T07:29:40.000000Z,7.7578125,7.7578125,3.0
2015-08-11T07:29:45.000000Z,7.7578125,7.7578125,2.0
2015-08-11T07:29:50.000000Z,7.7578125,7.7578125,1.0
2015-08-11T07:29:55.000000Z,7.7578125,7.7578125,6.0
2015-08-11T07:30:00.000000Z,7.7578125,7.75390625,11.0
2015-08-11T07:30:10.000000Z,7.7578125,7.7578125,9.0
2015-08-11T07:30:15.000000Z,7.7578125,7.7578125,1.0
2015-08-11T07:30:20.000000Z,7.7578125,7.7578125,7.0
2015-08-11T07:30:25.000000Z,7.7578125,7.7578125,1.0
2015-08-11T07:30:35.000000Z,7.7578125,7.7578125,5.0
2015-08-11T07:30:50.000000Z,7.7578125,7.7578125,13.0
2015-08-11T07:30:55.000000Z,7.7578125,7.7578125,12.0
2015-08-11T07:31:10.000000Z,7.7578125,7.7578125,8.0
2015-08-11T07:31:20.000000Z,7.7578125,7.75390625,6.0
2015-08-11T07:31:30.000000Z,7.7578125,7.75390625,2.0
2015-08-11T07:31:35.000000Z,7.7578125,7.75390625,2.0
2015-08-11T07:31:40.000000Z,7.7578125,7.75390625,2.0
2015-08-11T07:31:45.000000Z,7.7578125,7.75390625,4.0
2015-08-11T07:31:50.000000Z,7.7578125,7.75390625,2.0
2015-08-11T07:32:30.000000Z,7.7578125,7.7578125,3.0
2015-08-11T07:32:45.000000Z,7.7578125,7.7578125,5.0
2015-08-11T07:33:15.000000Z,7.7578125,7.7578125,1.0
2015-08-11T07:33:20.000000Z,7.7578125,7.7578125,1.0
2015-08-11T07:34:05.000000Z,7.7578125,7.7578125,1.0
2015-08-11T07:34:10.000000Z,7.7578125,7.7578125,1.0
2015-08-11T07:34:20.000000Z,7.7578125,7.7578125,2.0
2015-08-11T07:34:25.000000Z,7.7578125,7.75390625,12.0
2015-08-11T07:34:30.000000Z,7.7578125,7.75390625,12.0
2015-08-11T07:34:40.000000Z,7.7578125,7.75390625,4.0
2015-08-11T07:34:50.000000Z,7.7578125,7.75390625,25.0
2015-08-11T07:34:55.000000Z,7.7578125,7.75390625,1.0
2015-08-11T07:35:00.000000Z,7.7578125,7.75390625,4.0
2015-08-11T07:35:05.000000Z,7.7578125,7.75390625,23.0
2015-08-11T07:35:15.000000Z,7.7578125,7.75390625,2.0
2015-08-11T07:36:05.000000Z,7.7578125,7.75390625,4.0
2015-08-11T07:36:35.000000Z,7.7578125,7.75390625,5.0
2015-08-11T07:36:50.000000Z,7.7578125,7.75390625,1.0
2015-08-11T07:36:55.000000Z,7.7578125,7.7578125,9.0
2015-08-11T07:37:00.000000Z,7.7578125,7.7578125,10.0
2015-08-11T07:37:05.000000Z,7.7578125,7.75390625,28.0
2015-08-11T07:37:10.000000Z,7.7578125,7.7578125,8.0
2015-08-11T07:37:15.000000Z,7.7578125,7.7578125,1.0
2015-08-11T07:37:20.000000Z,7.7578125,7.7578125,6.0
2015-08-11T07:38:40.000000Z,7.7578125,7.7578125,13.0
2015-08-11T07:38:45.000000Z,7.7578125,7.7578125,40.0
2015-08-11T07:38:50.000000Z,7.7578125,7.7578125,51.0
2015-08-11T07:38:55.000000Z,7.7578125,7.7578125,2.0
2015-08-11T07:39:00.000000Z,7.7578125,7.7578125,22.0
2015-08-11T07:39:05.000000Z,7.7578125,7.7578125,5.0
2015-08-11T07:39:10.000000Z,7.7578125,7.7578125,13.0
2015-08-11T07:39:15.000000Z,7.7578125,7.75390625,31.0
2015-08-11T07:39:40.000000Z,7.7578125,7.75390625,4.0
2015-08-11T07:39:45.000000Z,7.7578125,7.75390625,3.0
2015-08-11T07:39:55.000000Z,7.7578125,7.75390625,4.0
2015-08-11T07:40:00.000000Z,7.7578125,7.75390625,13.0
2015-08-11T07:40:05.000000Z,7.7578125,7.75390625,1.0
2015-08-11T07:40:10.000000Z,7.7578125,7.7578125,8.0
2015-08-11T07:40:20.000000Z,7.7578125,7.7578125,2.0
2015-08-11T07:41:00.000000Z,7.7578125,7.7578125,8.0
2015-08-11T07:41:05.000000Z,7.7578125,7.7578125,7.0
2015-08-11T07:41:40.000000Z,7.7578125,7.7578125,1.0
2015-08-11T07:41:45.000000Z,7.7578125,7.7578125,2.0
2015-08-11T07:41:50.000000Z,7.7578125,7.7578125,4.0
2015-08-11T07:42:10.000000Z,7.7578125,7.7578125,1.0
2015-08-11T07:42:20.000000Z,7.7578125,7.7578125,1.0
2015-08-11T07:42:30.000000Z,7.7578125,7.7578125,10.0
2015-08-11T07:42:35.000000Z,7.7578125,7.7578125,6.0
2015-08-11T07:42:40.000000Z,7.7578125,7.7578125,5.0
2015-08-11T07:42:45.000000Z,7.7578125,7.7578125,16.0
2015-08-11T07:43:00.000000Z,7.7578125,7.7578125,6.0
2015-08-11T07:43:15.000000Z,7.7578125,7.7578125,1.0
2015-08-11T07:44:10.000000Z,7.7578125,7.7578125,1.0
2015-08-11T07:44:35.000000Z,7.7578125,7.7578125,1.0
2015-08-11T07:44:55.000000Z,7.7578125,7.7578125,1.0
2015-08-11T07:45:00.000000Z,7.7578125,7.7578125,6.0
2015-08-11T07:45:05.000000Z,7.7578125,7.7578125,2.0
2015-08-11T07:45:10.000000Z,7.7578125,7.7578125,1.0
2015-08-11T07:45:20.000000Z,7.7578125,7.7578125,1.0
2015-08-11T07:45:40.000000Z,7.7578125,7.7578125,1.0
2015-08-11T07:46:05.000000Z,7.7578125,7.7578125,1.0
2015-08-11T07:46:10.000000Z,7.7578125,7.7578125,2.0
2015-08-11T07:47:45.000000Z,7.7578125,7.7578125,3.0
2015-08-11T07:48:25.000000Z,7.7578125,7.7578125,1.0
2015-08-11T07:48:40.000000Z,7.7578125,7.7578125,1.0
2015-08-11T07:49:30.000000Z,7.7578125,7.7578125,2.0
2015-08-11T07:49:35.000000Z,7.7578125,7.7578125,1.0
2015-08-11T07:49:45.000000Z,7.7578125,7.7578125,1.0
2015-08-11T07:50:00.000000Z,7.7578125,7.7578125,1.0
2015-08-11T07:50:25.000000Z,7.7578125,7.7578125,9.0
2015-08-11T07:50:30.000000Z,7.7578125,7.7578125,2.0
2015-08-11T07:50:40.000000Z,7.7578125,7.7578125,1.0
2015-08-11T07:50:55.000000Z,7.7578125,7.7578125,1.0
2015-08-11T07:51:05.000000Z,7.7578125,7.7578125,10.0
2015-08-11T07:52:25.000000Z,7.7578125,7.7578125,5.0
2015-08-11T07:52:30.000000Z,7.7578125,7.7578125,2.0
2015-08-11T07:52:40.000000Z,7.7578125,7.7578125,2.0
2015-08-11T07:52:55.000000Z,7.7578125,7.7578125,5.0
2015-08-11T07:53:10.000000Z,7.7578125,7.7578125,1.0
2015-08-11T07:53:15.000000Z,7.7578125,7.7578125,1.0
2015-08-11T07:54:10.000000Z,7.7578125,7.7578125,1.0
2015-08-11T07:56:05.000000Z,7.7578125,7.7578125,3.0
2015-08-11T07:56:10.000000Z,7.7578125,7.7578125,2.0
2015-08-11T07:56:25.000000Z,7.7578125,7.7578125,1.0
2015-08-11T07:56:30.000000Z,7.7578125,7.7578125,7.0
2015-08-11T07:57:00.000000Z,7.7578125,7.7578125,2.0
2015-08-11T07:57:05.000000Z,7.7578125,7.7578125,2.0
2015-08-11T07:57:15.000000Z,7.7578125,7.7578125,6.0
2015-08-11T07:57:20.000000Z,7.7578125,7.7578125,5.0
2015-08-11T07:57:30.000000Z,7.7578125,7.7578125,1.0
2015-08-11T07:57:40.000000Z,7.7578125,7.7578125,1.0
2015-08-11T07:58:05.000000Z,7.7578125,7.7578125,1.0
2015-08-11T07:58:45.000000Z,7.7578125,7.7578125,1.0
2015-08-11T07:59:10.000000Z,7.7578125,7.7578125,5.0
2015-08-11T07:59:20.000000Z,7.7578125,7.7578125,1.0
2015-08-11T07:59:25.000000Z,7.7578125,7.7578125,1.0
2015-08-11T07:59:30.000000Z,7.7578125,7.7578125,32.0
2015-08-11T07:59:35.000000Z,7.7578125,7.7578125,1.0
2015-08-11T07:59:45.000000Z,7.7578125,7.7578125,11.0
2015-08-11T07:59:50.000000Z,7.7578125,7.7578125,1.0
2015-08-11T08:00:25.000000Z,7.7578125,7.7578125,1.0
2015-08-11T08:00:30.000000Z,7.7578125,7.7578125,3.0
2015-08-11T08:01:15.000000Z,7.7578125,7.7578125,1.0
2015-08-11T08:01:20.000000Z,7.7578125,7.7578125,5.0
2015-08-11T08:01:25.000000Z,7.7578125,7.7578125,3.0
2015-08-11T08:01:35.000000Z,7.7578125,7.7578125,1.0
2015-08-11T08:01:40.000000Z,7.7578125,7.7578125,8.0
2015-08-11T08:01:45.000000Z,7.7578125,7.7578125,1.0
2015-08-11T08:01:50.000000Z,7.7578125,7.7578125,1.0
2015-08-11T08:02:05.000000Z,7.7578125,7.7578125,1.0
2015-08-11T08:02:10.000000Z,7.7578125,7.7578125,1.0
2015-08-11T08:02:25.000000Z,7.7578125,7.7578125,1.0
2015-08-11T08:03:00.000000Z,7.7578125,7.7578125,1.0
2015-08-11T08:03:10.000000Z,7.7578125,7.7578125,2.0
2015-08-11T08:03:15.000000Z,7.7578125,7.7578125,1.0
2015-08-11T08:03:25.000000Z,7.7578125,7.7578125,1.0
2015-08-11T08:04:30.000000Z,7.7578125,7.7578125,3.0
2015-08-11T08:04:40.000000Z,7.7578125,7.7578125,6.0
2015-08-11T08:04:45.000000Z,7.7578125,7.7578125,8.0
2015-08-11T08:04:50.000000Z,7.7578125,7.7578125,1.0
2015-08-11T08:05:10.000000Z,7.7578125,7.7578125,2.0
2015-08-11T08:05:25.000000Z,7.7578125,7.7578125,2.0
2015-08-11T08:05:30.000000Z,7.7578125,7.7578125,9.0
2015-08-11T08:05:35.000000Z,7.7578125,7.7578125,1.0
2015-08-11T08:05:40.000000Z,7.7578125,7.7578125,26.0
2015-08-11T08:05:45.000000Z,7.7578125,7.7578125,2.0
2015-08-11T08:05:50.000000Z,7.7578125,7.75390625,23.0
2015-08-11T08:05:55.000000Z,7.7578125,7.75390625,1.0
2015-08-11T08:06:00.000000Z,7.7578125,7.75390625,19.0
2015-08-11T08:06:10.000000Z,7.7578125,7.75390625,7.0
2015-08-11T08:06:15.000000Z,7.7578125,7.75390625,12.0
2015-08-11T08:06:20.000000Z,7.7578125,7.75390625,1.0
2015-08-11T08:06:30.000000Z,7.7578125,7.75390625,13.0
2015-08-11T08:06:50.000000Z,7.7578125,7.75390625,2.0
2015-08-11T08:06:55.000000Z,7.7578125,7.75390625,1.0
2015-08-11T08:07:00.000000Z,7.7578125,7.7578125,21.0
2015-08-11T08:07:05.000000Z,7.7578125,7.7578125,4.0
2015-08-11T08:07:10.000000Z,7.7578125,7.75390625,10.0
2015-08-11T08:07:40.000000Z,7.7578125,7.75390625,3.0
2015-08-11T08:07:55.000000Z,7.7578125,7.75390625,1.0
2015-08-11T08:08:15.000000Z,7.7578125,7.75390625,10.0
2015-08-11T08:08:20.000000Z,7.7578125,7.75390625,5.0
2015-08-11T08:08:30.000000Z,7.7578125,7.75390625,1.0
2015-08-11T08:08:35.000000Z,7.7578125,7.75390625,1.0
2015-08-11T08:08:55.000000Z,7.7578125,7.75390625,1.0
2015-08-11T08:09:20.000000Z,7.7578125,7.75390625,6.0
2015-08-11T08:09:25.000000Z,7.7578125,7.75390625,5.0
2015-08-11T08:09:35.000000Z,7.7578125,7.75390625,12.0
2015-08-11T08:09:40.000000Z,7.7578125,7.75390625,1.0
2015-08-11T08:09:55.000000Z,7.7578125,7.75390625,1.0
2015-08-11T08:10:55.000000Z,7.7578125,7.75390625,1.0
2015-08-11T08:11:10.000000Z,7.7578125,7.75390625,3.0
2015-08-11T08:11:15.000000Z,7.7578125,7.75390625,15.0
2015-08-11T08:11:20.000000Z,7.7578125,7.75390625,17.0
2015-08-11T08:11:25.000000Z,7.7578125,7.75390625,7.0
2015-08-11T08:11:35.000000Z,7.7578125,7.75390625,6.0
2015-08-11T08:11:40.000000Z,7.7578125,7.75390625,4.0
2015-08-11T08:11:45.000000Z,7.7578125,7.75390625,5.0
2015-08-11T08:12:10.000000Z,7.7578125,7.75390625,2.0
2015-08-11T08:12:25.000000Z,7.7578125,7.75390625,1.0
2015-08-11T08:12:35.000000Z,7.7578125,7.75390625,1.0
2015-08-11T08:12:45.000000Z,7.7578125,7.75390625,7.0
2015-08-11T08:12:50.000000Z,7.7578125,7.75390625,2.0
2015-08-11T08:13:50.000000Z,7.7578125,7.75390625,8.0
2015-08-11T08:13:55.000000Z,7.7578125,7.75390625,1.0
2015-08-11T08:14:10.000000Z,7.7578125,7.75390625,4.0
2015-08-11T08:14:40.000000Z,7.7578125,7.75390625,1.0
2015-08-11T08:15:05.000000Z,7.7578125,7.75390625,1.0
2015-08-11T08:15:40.000000Z,7.7578125,7.75390625,10.0
2015-08-11T08:15:55.000000Z,7.7578125,7.75390625,1.0
2015-08-11T08:17:00.000000Z,7.7578125,7.75390625,2.0
2015-08-11T08:17:30.000000Z,7.7578125,7.75390625,1.0
2015-08-11T08:19:15.000000Z,7.7578125,7.75390625,1.0
2015-08-11T08:19:20.000000Z,7.7578125,7.75390625,7.0
2015-08-11T08:19:25.000000Z,7.7578125,7.75390625,1.0
2015-08-11T08:19:30.000000Z,7.7578125,7.75390625,8.0
2015-08-11T08:19:35.000000Z,7.7578125,7.75390625,6.0
2015-08-11T08:19:45.000000Z,7.7578125,7.75390625,6.0
2015-08-11T08:20:55.000000Z,7.7578125,7.75390625,2.0
2015-08-11T08:21:00.000000Z,7.7578125,7.75390625,16.0
2015-08-11T08:21:05.000000Z,7.7578125,7.75390625,1.0
2015-08-11T08:21:15.000000Z,7.7578125,7.75390625,6.0
2015-08-11T08:22:05.000000Z,7.7578125,7.75390625,1.0
2015-08-11T08:22:10.000000Z,7.7578125,7.75390625,9.0
2015-08-11T08:22:15.000000Z,7.7578125,7.75390625,10.0
2015-08-11T08:22:20.000000Z,7.7578125,7.75390625,1.0
2015-08-11T08:22:30.000000Z,7.7578125,7.75390625,8.0
2015-08-11T08:22:35.000000Z,7.7578125,7.75390625,8.0
2015-08-11T08:22:40.000000Z,7.7578125,7.75390625,5.0
2015-08-11T08:22:45.000000Z,7.7578125,7.75390625,1.0
2015-08-11T08:23:00.000000Z,7.7578125,7.7578125,14.0
2015-08-11T08:23:05.000000Z,7.7578125,7.7578125,2.0
2015-08-11T08:23:10.000000Z,7.7578125,7.7578125,5.0
2015-08-11T08:23:40.000000Z,7.7578125,7.7578125,3.0
2015-08-11T08:23:45.000000Z,7.7578125,7.7578125,1.0
2015-08-11T08:23:50.000000Z,7.7578125,7.7578125,10.0
2015-08-11T08:23:55.000000Z,7.7578125,7.7578125,7.0
2015-08-11T08:24:40.000000Z,7.7578125,7.7578125,1.0
2015-08-11T08:25:05.000000Z,7.7578125,7.7578125,10.0
2015-08-11T08:25:15.000000Z,7.7578125,7.7578125,5.0
2015-08-11T08:25:20.000000Z,7.7578125,7.7578125,1.0
2015-08-11T08:25:25.000000Z,7.7578125,7.7578125,1.0
2015-08-11T08:26:00.000000Z,7.7578125,7.7578125,2.0
2015-08-11T08:26:20.000000Z,7.7578125,7.7578125,1.0
2015-08-11T08:27:25.000000Z,7.7578125,7.7578125,1.0
2015-08-11T08:27:30.000000Z,7.7578125,7.7578125,4.0
2015-08-11T08:27:40.000000Z,7.7578125,7.7578125,1.0
2015-08-11T08:27:45.000000Z,7.7578125,7.75390625,18.0
2015-08-11T08:27:50.000000Z,7.7578125,7.75390625,1.0
2015-08-11T08:28:20.000000Z,7.7578125,7.75390625,2.0
2015-08-11T08:28:25.000000Z,7.7578125,7.75390625,2.0
2015-08-11T08:28:40.000000Z,7.7578125,7.75390625,1.0
2015-08-11T08:28:55.000000Z,7.7578125,7.75390625,5.0
2015-08-11T08:29:05.000000Z,7.7578125,7.75390625,3.0
2015-08-11T08:29:10.000000Z,7.7578125,7.75390625,6.0
2015-08-11T08:30:10.000000Z,7.7578125,7.75390625,1.0
2015-08-11T08:31:00.000000Z,7.7578125,7.75390625,17.0
2015-08-11T08:32:25.000000Z,7.7578125,7.75390625,1.0
2015-08-11T08:32:35.000000Z,7.7578125,7.75390625,1.0
2015-08-11T08:32:45.000000Z,7.7578125,7.75390625,1.0
2015-08-11T08:33:15.000000Z,7.7578125,7.7578125,3.0
2015-08-11T08:33:20.000000Z,7.7578125,7.7578125,4.0
2015-08-11T08:33:25.000000Z,7.7578125,7.7578125,1.0
2015-08-11T08:33:30.000000Z,7.7578125,7.7578125,1.0
2015-08-11T08:33:45.000000Z,7.7578125,7.7578125,3.0
2015-08-11T08:34:25.000000Z,7.7578125,7.7578125,2.0
2015-08-11T08:34:30.000000Z,7.7578125,7.7578125,9.0
2015-08-11T08:34:40.000000Z,7.7578125,7.7578125,3.0
2015-08-11T08:34:45.000000Z,7.7578125,7.7578125,8.0
2015-08-11T08:34:50.000000Z,7.7578125,7.7578125,1.0
2015-08-11T08:35:00.000000Z,7.7578125,7.7578125,1.0
2015-08-11T08:35:10.000000Z,7.7578125,7.7578125,3.0
2015-08-11T08:35:15.000000Z,7.7578125,7.7578125,1.0
2015-08-11T08:35:20.000000Z,7.7578125,7.7578125,2.0
2015-08-11T08:35:40.000000Z,7.7578125,7.7578125,2.0
2015-08-11T08:35:45.000000Z,7.7578125,7.75390625,12.0
2015-08-11T08:35:50.000000Z,7.7578125,7.75390625,10.0
2015-08-11T08:35:55.000000Z,7.7578125,7.7578125,7.0
2015-08-11T08:36:00.000000Z,7.7578125,7.7578125,1.0
2015-08-11T08:36:15.000000Z,7.7578125,7.7578125,1.0
2015-08-11T08:36:35.000000Z,7.7578125,7.7578125,1.0
2015-08-11T08:37:05.000000Z,7.7578125,7.7578125,5.0
2015-08-11T08:37:10.000000Z,7.7578125,7.7578125,5.0
2015-08-11T08:37:15.000000Z,7.7578125,7.7578125,1.0
2015-08-11T08:37:20.000000Z,7.7578125,7.7578125,1.0
2015-08-11T08:37:25.000000Z,7.7578125,7.7578125,2.0
2015-08-11T08:37:30.000000Z,7.7578125,7.7578125,4.0
2015-08-11T08:38:15.000000Z,7.7578125,7.7578125,2.0
2015-08-11T08:38:20.000000Z,7.7578125,7.75390625,12.0
2015-08-11T08:39:40.000000Z,7.7578125,7.75390625,1.0
2015-08-11T08:41:15.000000Z,7.7578125,7.7578125,9.0
2015-08-11T08:42:35.000000Z,7.7578125,7.7578125,1.0
2015-08-11T08:42:45.000000Z,7.7578125,7.7578125,4.0
2015-08-11T08:43:45.000000Z,7.7578125,7.75390625,8.0
2015-08-11T08:43:55.000000Z,7.7578125,7.7578125,1.0
2015-08-11T08:44:10.000000Z,7.7578125,7.7578125,1.0
2015-08-11T08:44:35.000000Z,7.7578125,7.7578125,13.0
2015-08-11T08:44:40.000000Z,7.7578125,7.7578125,12.0
2015-08-11T08:44:45.000000Z,7.7578125,7.7578125,9.0
2015-08-11T08:44:50.000000Z,7.7578125,7.7578125,5.0
2015-08-11T08:44:55.000000Z,7.7578125,7.7578125,8.0
2015-08-11T08:45:00.000000Z,7.7578125,7.7578125,4.0
2015-08-11T08:45:05.000000Z,7.7578125,7.7578125,4.0
2015-08-11T08:45:10.000000Z,7.7578125,7.7578125,1.0
2015-08-11T08:45:20.000000Z,7.7578125,7.7578125,1.0
2015-08-11T08:45:45.000000Z,7.7578125,7.7578125,3.0
2015-08-11T08:45:55.000000Z,7.7578125,7.7578125,2.0
2015-08-11T08:46:00.000000Z,7.7578125,7.75390625,25.0
2015-08-11T08:46:05.000000Z,7.7578125,7.7578125,6.0
2015-08-11T08:46:10.000000Z,7.7578125,7.75390625,8.0
2015-08-11T08:46:15.000000Z,7.7578125,7.75390625,14.0
2015-08-11T08:46:20.000000Z,7.7578125,7.75390625,4.0
2015-08-11T08:46:25.000000Z,7.7578125,7.75390625,4.0
2015-08-11T08:46:35.000000Z,7.7578125,7.75390625,8.0
2015-08-11T08:46:40.000000Z,7.7578125,7.75390625,4.0
2015-08-11T08:46:50.000000Z,7.7578125,7.75390625,2.0
2015-08-11T08:47:00.000000Z,7.7578125,7.75390625,5.0
2015-08-11T08:47:05.000000Z,7.7578125,7.75390625,8.0
2015-08-11T08:47:10.000000Z,7.7578125,7.75390625,4.0
2015-08-11T08:47:15.000000Z,7.7578125,7.7578125,3.0
2015-08-11T08:47:25.000000Z,7.7578125,7.75390625,5.0
2015-08-11T08:47:30.000000Z,7.7578125,7.7578125,2.0
2015-08-11T08:47:40.000000Z,7.7578125,7.7578125,5.0
2015-08-11T08:48:00.000000Z,7.7578125,7.7578125,3.0
2015-08-11T08:48:05.000000Z,7.7578125,7.7578125,5.0
2015-08-11T08:48:10.000000Z,7.7578125,7.7578125,3.0
2015-08-11T08:48:15.000000Z,7.7578125,7.7578125,2.0
2015-08-11T08:48:20.000000Z,7.7578125,7.7578125,3.0
2015-08-11T08:49:20.000000Z,7.7578125,7.7578125,3.0
2015-08-11T08:49:40.000000Z,7.7578125,7.7578125,2.0
2015-08-11T08:49:45.000000Z,7.7578125,7.7578125,1.0
2015-08-11T08:49:50.000000Z,7.7578125,7.7578125,1.0
2015-08-11T08:49:55.000000Z,7.7578125,7.7578125,1.0
2015-08-11T08:50:20.000000Z,7.7578125,7.7578125,1.0
2015-08-11T08:50:55.000000Z,7.7578125,7.7578125,3.0
2015-08-11T08:51:05.000000Z,7.7578125,7.7578125,2.0
2015-08-11T08:51:15.000000Z,7.7578125,7.7578125,1.0
2015-08-11T08:51:25.000000Z,7.7578125,7.7578125,7.0
2015-08-11T08:51:30.000000Z,7.7578125,7.7578125,3.0
2015-08-11T08:51:35.000000Z,7.7578125,7.7578125,7.0
2015-08-11T08:51:40.000000Z,7.7578125,7.7578125,8.0
2015-08-11T08:51:50.000000Z,7.7578125,7.7578125,3.0
2015-08-11T08:51:55.000000Z,7.7578125,7.7578125,2.0
2015-08-11T08:52:05.000000Z,7.7578125,7.7578125,2.0
2015-08-11T08:52:10.000000Z,7.7578125,7.7578125,1.0
2015-08-11T08:52:15.000000Z,7.7578125,7.7578125,1.0
2015-08-11T08:52:20.000000Z,7.7578125,7.7578125,1.0
2015-08-11T08:52:25.000000Z,7.7578125,7.7578125,1.0
2015-08-11T08:52:45.000000Z,7.7578125,7.7578125,2.0
2015-08-11T08:52:50.000000Z,7.7578125,7.7578125,5.0
2015-08-11T08:52:55.000000Z,7.7578125,7.7578125,14.0
2015-08-11T08:53:25.000000Z,7.7578125,7.7578125,3.0
2015-08-11T08:53:30.000000Z,7.7578125,7.7578125,4.0
2015-08-11T08:53:45.000000Z,7.7578125,7.7578125,4.0
2015-08-11T08:53:55.000000Z,7.7578125,7.7578125,1.0
2015-08-11T08:54:15.000000Z,7.7578125,7.7578125,2.0
2015-08-11T08:55:25.000000Z,7.7578125,7.7578125,2.0
2015-08-11T08:55:30.000000Z,7.7578125,7.7578125,1.0
2015-08-11T08:55:35.000000Z,7.7578125,7.7578125,1.0
2015-08-11T08:55:45.000000Z,7.7578125,7.7578125,1.0
2015-08-11T08:56:00.000000Z,7.7578125,7.7578125,2.0
2015-08-11T08:56:10.000000Z,7.7578125,7.7578125,4.0
2015-08-11T08:56:30.000000Z,7.7578125,7.7578125,4.0
2015-08-11T08:56:45.000000Z,7.7578125,7.7578125,7.0
2015-08-11T08:57:05.000000Z,7.7578125,7.7578125,3.0
2015-08-11T08:57:15.000000Z,7.7578125,7.7578125,1.0
2015-08-11T08:57:20.000000Z,7.7578125,7.7578125,4.0
2015-08-11T08:57:25.000000Z,7.7578125,7.7578125,4.0
2015-08-11T08:57:30.000000Z,7.7578125,7.7578125,7.0
2015-08-11T08:57:35.000000Z,7.7578125,7.7578125,1.0
2015-08-11T08:57:50.000000Z,7.7578125,7.7578125,4.0
2015-08-11T08:57:55.000000Z,7.7578125,7.7578125,3.0
2015-08-11T08:58:20.000000Z,7.7578125,7.7578125,1.0
2015-08-11T08:58:30.000000Z,7.7578125,7.7578125,1.0
2015-08-11T08:58:40.000000Z,7.7578125,7.7578125,1.0
2015-08-11T08:59:15.000000Z,7.7578125,7.75390625,9.0
2015-08-11T08:59:25.000000Z,7.7578125,7.7578125,3.0
2015-08-11T08:59:30.000000Z,7.7578125,7.7578125,7.0
2015-08-11T09:00:00.000000Z,7.7578125,7.7578125,1.0
2015-08-11T09:00:10.000000Z,7.7578125,7.7578125,1.0
2015-08-11T09:00:35.000000Z,7.7578125,7.7578125,1.0
2015-08-11T09:01:00.000000Z,7.7578125,7.7578125,5.0
2015-08-11T09:01:05.000000Z,7.7578125,7.7578125,2.0
2015-08-11T09:01:10.000000Z,7.7578125,7.7578125,1.0
2015-08-11T09:01:25.000000Z,7.7578125,7.7578125,2.0
2015-08-11T09:01:40.000000Z,7.7578125,7.7578125,4.0
2015-08-11T09:01:50.000000Z,7.7578125,7.7578125,6.0
2015-08-11T09:01:55.000000Z,7.7578125,7.7578125,3.0
2015-08-11T09:02:10.000000Z,7.7578125,7.7578125,1.0
2015-08-11T09:02:35.000000Z,7.7578125,7.7578125,2.0
2015-08-11T09:02:40.000000Z,7.7578125,7.7578125,1.0
2015-08-11T09:03:05.000000Z,7.7578125,7.7578125,2.0
2015-08-11T09:03:10.000000Z,7.7578125,7.7578125,1.0
2015-08-11T09:04:00.000000Z,7.7578125,7.7578125,1.0
2015-08-11T09:04:20.000000Z,7.7578125,7.7578125,1.0
2015-08-11T09:04:25.000000Z,7.7578125,7.7578125,1.0
2015-08-11T09:04:30.000000Z,7.7578125,7.7578125,3.0
2015-08-11T09:04:35.000000Z,7.7578125,7.7578125,3.0
2015-08-11T09:05:00.000000Z,7.7578125,7.7578125,8.0
2015-08-11T09:05:20.000000Z,7.7578125,7.7578125,1.0
2015-08-11T09:05:25.000000Z,7.7578125,7.7578125,7.0
2015-08-11T09:05:55.000000Z,7.7578125,7.7578125,2.0
2015-08-11T09:06:00.000000Z,7.7578125,7.7578125,3.0
2015-08-11T09:06:05.000000Z,7.7578125,7.7578125,10.0
2015-08-11T09:06:20.000000Z,7.7578125,7.7578125,6.0
2015-08-11T09:07:15.000000Z,7.7578125,7.7578125,5.0
2015-08-11T09:07:30.000000Z,7.7578125,7.7578125,1.0
2015-08-11T09:07:35.000000Z,7.7578125,7.7578125,2.0
2015-08-11T09:08:45.000000Z,7.7578125,7.7578125,2.0
2015-08-11T09:09:00.000000Z,7.7578125,7.7578125,3.0
2015-08-11T09:09:10.000000Z,7.7578125,7.7578125,7.0
2015-08-11T09:09:15.000000Z,7.7578125,7.7578125,2.0
2015-08-11T09:09:20.000000Z,7.7578125,7.7578125,10.0
2015-08-11T09:09:25.000000Z,7.7578125,7.7578125,5.0
2015-08-11T09:09:30.000000Z,7.7578125,7.7578125,12.0
2015-08-11T09:09:35.000000Z,7.7578125,7.75390625,27.0
2015-08-11T09:09:40.000000Z,7.7578125,7.7578125,1.0
2015-08-11T09:09:45.000000Z,7.7578125,7.7578125,1.0
2015-08-11T09:09:50.000000Z,7.7578125,7.7578125,1.0
2015-08-11T09:09:55.000000Z,7.7578125,7.7578125,8.0
2015-08-11T09:10:05.000000Z,7.7578125,7.75390625,3.0
2015-08-11T09:11:05.000000Z,7.7578125,7.75390625,9.0
2015-08-11T09:11:10.000000Z,7.7578125,7.75390625,1.0
2015-08-11T09:11:15.000000Z,7.7578125,7.75390625,5.0
2015-08-11T09:11:20.000000Z,7.7578125,7.75390625,6.0
2015-08-11T09:11:25.000000Z,7.7578125,7.75390625,1.0
2015-08-11T09:11:35.000000Z,7.7578125,7.75390625,3.0
2015-08-11T09:11:40.000000Z,7.7578125,7.75390625,7.0
2015-08-11T09:12:15.000000Z,7.7578125,7.75390625,8.0
2015-08-11T09:12:20.000000Z,7.7578125,7.75390625,1.0
2015-08-11T09:12:35.000000Z,7.7578125,7.75390625,5.0
2015-08-11T09:12:40.000000Z,7.7578125,7.7578125,2.0
2015-08-11T09:12:45.000000Z,7.7578125,7.7578125,5.0
2015-08-11T09:12:50.000000Z,7.7578125,7.75390625,2.0
2015-08-11T09:12:55.000000Z,7.7578125,7.75390625,8.0
2015-08-11T09:13:00.000000Z,7.7578125,7.75390625,3.0
2015-08-11T09:13:05.000000Z,7.7578125,7.75390625,1.0
2015-08-11T09:13:10.000000Z,7.7578125,7.7578125,6.0
2015-08-11T09:13:20.000000Z,7.7578125,7.75390625,2.0
2015-08-11T09:13:40.000000Z,7.7578125,7.75390625,3.0
2015-08-11T09:13:45.000000Z,7.7578125,7.75390625,2.0
2015-08-11T09:14:00.000000Z,7.7578125,7.75390625,4.0
2015-08-11T09:14:05.000000Z,7.7578125,7.75390625,1.0
2015-08-11T09:14:10.000000Z,7.7578125,7.75390625,2.0
2015-08-11T09:14:35.000000Z,7.7578125,7.75390625,2.0
2015-08-11T09:15:00.000000Z,7.7578125,7.75390625,1.0
2015-08-11T09:15:10.000000Z,7.7578125,7.75390625,1.0
2015-08-11T09:15:40.000000Z,7.7578125,7.75390625,1.0
2015-08-11T09:15:55.000000Z,7.7578125,7.75390625,2.0
2015-08-11T09:16:00.000000Z,7.7578125,7.75390625,1.0
2015-08-11T09:16:45.000000Z,7.7578125,7.7578125,7.0
2015-08-11T09:16:50.000000Z,7.7578125,7.7578125,1.0
2015-08-11T09:17:00.000000Z,7.7578125,7.7578125,2.0
2015-08-11T09:17:10.000000Z,7.7578125,7.7578125,1.0
2015-08-11T09:17:40.000000Z,7.7578125,7.7578125,1.0
2015-08-11T09:17:55.000000Z,7.7578125,7.7578125,11.0
2015-08-11T09:18:00.000000Z,7.7578125,7.7578125,11.0
2015-08-11T09:18:05.000000Z,7.7578125,7.7578125,1.0
2015-08-11T09:18:15.000000Z,7.7578125,7.7578125,1.0
2015-08-11T09:18:20.000000Z,7.7578125,7.7578125,1.0
2015-08-11T09:18:30.000000Z,7.7578125,7.7578125,2.0
2015-08-11T09:18:35.000000Z,7.7578125,7.7578125,1.0
2015-08-11T09:19:10.000000Z,7.7578125,7.7578125,1.0
2015-08-11T09:19:25.000000Z,7.7578125,7.7578125,3.0
2015-08-11T09:19:50.000000Z,7.7578125,7.7578125,9.0
2015-08-11T09:20:00.000000Z,7.7578125,7.75390625,11.0
2015-08-11T09:20:10.000000Z,7.7578125,7.75390625,1.0
2015-08-11T09:20:15.000000Z,7.7578125,7.75390625,3.0
2015-08-11T09:20:20.000000Z,7.7578125,7.75390625,1.0
2015-08-11T09:21:45.000000Z,7.7578125,7.75390625,1.0
2015-08-11T09:21:50.000000Z,7.7578125,7.75390625,2.0
2015-08-11T09:22:10.000000Z,7.7578125,7.75390625,1.0
2015-08-11T09:22:15.000000Z,7.7578125,7.75390625,1.0
2015-08-11T09:22:20.000000Z,7.7578125,7.75390625,12.0
2015-08-11T09:22:25.000000Z,7.7578125,7.75390625,7.0
2015-08-11T09:22:30.000000Z,7.75390625,7.75390625,7.0
2015-08-11T09:22:35.000000Z,7.75390625,7.75390625,21.0
2015-08-11T09:22:40.000000Z,7.75390625,7.75390625,8.0
2015-08-11T09:22:50.000000Z,7.75390625,7.75390625,2.0
2015-08-11T09:23:15.000000Z,7.7578125,7.75390625,12.0
2015-08-11T09:23:20.000000Z,7.75390625,7.75390625,5.0
2015-08-11T09:23:25.000000Z,7.75390625,7.75390625,5.0
2015-08-11T09:23:30.000000Z,7.75390625,7.75390625,15.0
2015-08-11T09:23:35.000000Z,7.75390625,7.75390625,9.0
2015-08-11T09:23:45.000000Z,7.75390625,7.75390625,6.0
2015-08-11T09:23:50.000000Z,7.75390625,7.75390625,1.0
2015-08-11T09:23:55.000000Z,7.75390625,7.75390625,6.0
2015-08-11T09:24:00.000000Z,7.75390625,7.75390625,6.0
2015-08-11T09:24:20.000000Z,7.75390625,7.75390625,5.0
2015-08-11T09:24:25.000000Z,7.75390625,7.75390625,1.0
2015-08-11T09:25:10.000000Z,7.7578125,7.75390625,22.0
2015-08-11T09:25:15.000000Z,7.7578125,7.75390625,5.0
2015-08-11T09:25:20.000000Z,7.7578125,7.75390625,5.0
2015-08-11T09:25:25.000000Z,7.7578125,7.75390625,1.0
2015-08-11T09:25:35.000000Z,7.7578125,7.75390625,1.0
2015-08-11T09:25:40.000000Z,7.75390625,7.75390625,11.0
2015-08-11T09:25:45.000000Z,7.75390625,7.75390625,1.0
2015-08-11T09:25:50.000000Z,7.75390625,7.75390625,2.0
2015-08-11T09:26:15.000000Z,7.75390625,7.75390625,4.0
2015-08-11T09:26:20.000000Z,7.75390625,7.75390625,2.0
2015-08-11T09:26:25.000000Z,7.75390625,7.75390625,1.0
2015-08-11T09:26:35.000000Z,7.75390625,7.75390625,23.0
2015-08-11T09:26:40.000000Z,7.75390625,7.75390625,1.0
2015-08-11T09:26:45.000000Z,7.75390625,7.75390625,5.0
2015-08-11T09:26:55.000000Z,7.75390625,7.75390625,10.0
2015-08-11T09:27:00.000000Z,7.75390625,7.75390625,1.0
2015-08-11T09:27:05.000000Z,7.75390625,7.75390625,6.0
2015-08-11T09:27:10.000000Z,7.75390625,7.75390625,9.0
2015-08-11T09:27:15.000000Z,7.75390625,7.75390625,1.0
2015-08-11T09:27:20.000000Z,7.75390625,7.75390625,1.0
2015-08-11T09:27:35.000000Z,7.75390625,7.75390625,8.0
2015-08-11T09:27:40.000000Z,7.75390625,7.75390625,6.0
2015-08-11T09:27:55.000000Z,7.75390625,7.75390625,10.0
2015-08-11T09:28:10.000000Z,7.75390625,7.75390625,1.0
2015-08-11T09:28:50.000000Z,7.75390625,7.75390625,1.0
2015-08-11T09:29:10.000000Z,7.75390625,7.75390625,1.0
2015-08-11T09:29:55.000000Z,7.75390625,7.75390625,7.0
2015-08-11T09:30:10.000000Z,7.75390625,7.75390625,8.0
2015-08-11T09:30:20.000000Z,7.75390625,7.75390625,1.0
2015-08-11T09:30:30.000000Z,7.75390625,7.75390625,3.0
2015-08-11T09:31:00.000000Z,7.75390625,7.75390625,5.0
2015-08-11T09:31:05.000000Z,7.75390625,7.75390625,14.0
2015-08-11T09:31:10.000000Z,7.75390625,7.75390625,2.0
2015-08-11T09:31:20.000000Z,7.75390625,7.75390625,8.0
2015-08-11T09:31:25.000000Z,7.75390625,7.75390625,1.0
2015-08-11T09:31:35.000000Z,7.75390625,7.75390625,1.0
2015-08-11T09:32:05.000000Z,7.75390625,7.75390625,1.0
2015-08-11T09:32:10.000000Z,7.75390625,7.75390625,17.0
2015-08-11T09:32:15.000000Z,7.75390625,7.75390625,2.0
2015-08-11T09:32:25.000000Z,7.75390625,7.75390625,6.0
2015-08-11T09:32:35.000000Z,7.75390625,7.75390625,1.0
2015-08-11T09:32:40.000000Z,7.75390625,7.75390625,1.0
2015-08-11T09:33:15.000000Z,7.75390625,7.75390625,4.0
2015-08-11T09:33:30.000000Z,7.75390625,7.75390625,3.0
2015-08-11T09:33:45.000000Z,7.75390625,7.75390625,2.0
2015-08-11T09:35:00.000000Z,7.75390625,7.75390625,12.0
2015-08-11T09:35:05.000000Z,7.75390625,7.75390625,1.0
2015-08-11T09:35:15.000000Z,7.75390625,7.75390625,1.0
2015-08-11T09:35:40.000000Z,7.75390625,7.75390625,1.0
2015-08-11T09:36:10.000000Z,7.75390625,7.75390625,1.0
2015-08-11T09:36:40.000000Z,7.75390625,7.75390625,11.0
2015-08-11T09:36:45.000000Z,7.75390625,7.75390625,2.0
2015-08-11T09:36:50.000000Z,7.75390625,7.75390625,1.0
2015-08-11T09:37:05.000000Z,7.75390625,7.75390625,2.0
2015-08-11T09:38:15.000000Z,7.75390625,7.75390625,1.0
2015-08-11T09:38:40.000000Z,7.75390625,7.75390625,6.0
2015-08-11T09:39:45.000000Z,7.75390625,7.75390625,3.0
2015-08-11T09:40:20.000000Z,7.75390625,7.75390625,1.0
2015-08-11T09:40:30.000000Z,7.75390625,7.75390625,1.0
2015-08-11T09:41:10.000000Z,7.75390625,7.75390625,1.0
2015-08-11T09:42:20.000000Z,7.75390625,7.75390625,1.0
2015-08-11T09:42:25.000000Z,7.75390625,7.75390625,1.0
2015-08-11T09:42:30.000000Z,7.75390625,7.75390625,5.0
2015-08-11T09:42:50.000000Z,7.75390625,7.75390625,22.0
2015-08-11T09:42:55.000000Z,7.75390625,7.75390625,3.0
2015-08-11T09:43:05.000000Z,7.75390625,7.75390625,4.0
2015-08-11T09:43:20.000000Z,7.75390625,7.75390625,1.0
2015-08-11T09:43:25.000000Z,7.75390625,7.75390625,19.0
2015-08-11T09:43:30.000000Z,7.75390625,7.75390625,4.0
2015-08-11T09:43:35.000000Z,7.75390625,7.75390625,1.0
2015-08-11T09:43:40.000000Z,7.75390625,7.75390625,6.0
2015-08-11T09:43:50.000000Z,7.75390625,7.75390625,1.0
2015-08-11T09:44:00.000000Z,7.75390625,7.75390625,4.0
2015-08-11T09:45:40.000000Z,7.75390625,7.75390625,11.0
2015-08-11T09:45:45.000000Z,7.75390625,7.75390625,1.0
2015-08-11T09:46:00.000000Z,7.75390625,7.75390625,1.0
2015-08-11T09:46:10.000000Z,7.75390625,7.75390625,1.0
2015-08-11T09:46:15.000000Z,7.75390625,7.75390625,7.0
2015-08-11T09:46:25.000000Z,7.75390625,7.75390625,7.0
2015-08-11T09:46:30.000000Z,7.75390625,7.75390625,1.0
2015-08-11T09:46:40.000000Z,7.75390625,7.75390625,1.0
2015-08-11T09:46:50.000000Z,7.75390625,7.75390625,1.0
2015-08-11T09:47:10.000000Z,7.75390625,7.75390625,1.0
2015-08-11T09:47:50.000000Z,7.75390625,7.75390625,1.0
2015-08-11T09:47:55.000000Z,7.75390625,7.75390625,1.0
2015-08-11T09:48:00.000000Z,7.75390625,7.75390625,7.0
2015-08-11T09:48:05.000000Z,7.75390625,7.75390625,16.0
2015-08-11T09:48:10.000000Z,7.75390625,7.75390625,7.0
2015-08-11T09:48:15.000000Z,7.75390625,7.75390625,1.0
2015-08-11T09:48:20.000000Z,7.75390625,7.75390625,7.0
2015-08-11T09:48:25.000000Z,7.75390625,7.75390625,5.0
2015-08-11T09:49:40.000000Z,7.75390625,7.75390625,12.0
2015-08-11T09:50:00.000000Z,7.75390625,7.75390625,1.0
2015-08-11T09:50:15.000000Z,7.75390625,7.75390625,7.0
2015-08-11T09:50:20.000000Z,7.75390625,7.75390625,2.0
2015-08-11T09:52:55.000000Z,7.75390625,7.75390625,1.0
2015-08-11T09:53:00.000000Z,7.75390625,7.75390625,1.0
2015-08-11T09:53:05.000000Z,7.75390625,7.75390625,1.0
2015-08-11T09:54:15.000000Z,7.75390625,7.75390625,5.0
2015-08-11T09:55:15.000000Z,7.75390625,7.75390625,1.0
2015-08-11T09:55:25.000000Z,7.75390625,7.75390625,1.0
2015-08-11T09:57:15.000000Z,7.75390625,7.75390625,1.0
2015-08-11T09:57:30.000000Z,7.75390625,7.75390625,1.0
2015-08-11T09:57:40.000000Z,7.75390625,7.75390625,1.0
2015-08-11T09:57:50.000000Z,7.75390625,7.75390625,1.0
2015-08-11T09:58:20.000000Z,7.75390625,7.75390625,4.0
2015-08-11T09:58:30.000000Z,7.75390625,7.75390625,4.0
2015-08-11T09:58:40.000000Z,7.75390625,7.75390625,1.0
2015-08-11T09:59:00.000000Z,7.75390625,7.75390625,3.0
2015-08-11T09:59:10.000000Z,7.75390625,7.75390625,1.0
2015-08-11T09:59:25.000000Z,7.75390625,7.75390625,1.0
2015-08-11T09:59:30.000000Z,7.75390625,7.75390625,1.0
2015-08-11T09:59:40.000000Z,7.75390625,7.75390625,6.0
2015-08-11T09:59:50.000000Z,7.75390625,7.75390625,1.0
2015-08-11T10:00:05.000000Z,7.75390625,7.75390625,1.0
2015-08-11T10:00:15.000000Z,7.75390625,7.75390625,2.0
2015-08-11T10:00:20.000000Z,7.75390625,7.75390625,2.0
2015-08-11T10:00:30.000000Z,7.75390625,7.75390625,2.0
2015-08-11T10:00:40.000000Z,7.75390625,7.75390625,1.0
2015-08-11T10:01:25.000000Z,7.75390625,7.75390625,1.0
2015-08-11T10:02:00.000000Z,7.75390625,7.75390625,9.0
2015-08-11T10:02:05.000000Z,7.75390625,7.75390625,4.0
2015-08-11T10:02:10.000000Z,7.75390625,7.75390625,1.0
2015-08-11T10:02:15.000000Z,7.75390625,7.75390625,4.0
2015-08-11T10:03:05.000000Z,7.75390625,7.75390625,6.0
2015-08-11T10:03:45.000000Z,7.75390625,7.75390625,14.0
2015-08-11T10:04:00.000000Z,7.75390625,7.75390625,1.0
2015-08-11T10:04:30.000000Z,7.75390625,7.75390625,12.0
2015-08-11T10:04:35.000000Z,7.75390625,7.75390625,9.0
2015-08-11T10:05:55.000000Z,7.75390625,7.75390625,1.0
2015-08-11T10:06:35.000000Z,7.75390625,7.75390625,4.0
2015-08-11T10:06:40.000000Z,7.75390625,7.75390625,1.0
2015-08-11T10:07:00.000000Z,7.75390625,7.75390625,1.0
2015-08-11T10:08:15.000000Z,7.75390625,7.75390625,2.0
2015-08-11T10:11:05.000000Z,7.75390625,7.75390625,12.0
2015-08-11T10:11:35.000000Z,7.75390625,7.75390625,14.0
2015-08-11T10:11:40.000000Z,7.75390625,7.75390625,1.0
2015-08-11T10:11:50.000000Z,7.75390625,7.75390625,14.0
2015-08-11T10:11:55.000000Z,7.75390625,7.75390625,1.0
2015-08-11T10:12:00.000000Z,7.75390625,7.75390625,5.0
2015-08-11T10:12:05.000000Z,7.75390625,7.75390625,6.0
2015-08-11T10:12:10.000000Z,7.75390625,7.75390625,1.0
2015-08-11T10:12:20.000000Z,7.75390625,7.75390625,3.0
2015-08-11T10:12:35.000000Z,7.75390625,7.75390625,6.0
2015-08-11T10:12:50.000000Z,7.75390625,7.75390625,1.0
2015-08-11T10:13:10.000000Z,7.75390625,7.75390625,2.0
2015-08-11T10:13:20.000000Z,7.75390625,7.75390625,4.0
2015-08-11T10:13:40.000000Z,7.75390625,7.75390625,3.0
2015-08-11T10:14:35.000000Z,7.75390625,7.75390625,4.0
2015-08-11T10:15:10.000000Z,7.75390625,7.75390625,4.0
2015-08-11T10:15:15.000000Z,7.75390625,7.75390625,12.0
2015-08-11T10:15:20.000000Z,7.75390625,7.75390625,7.0
2015-08-11T10:16:10.000000Z,7.75390625,7.75390625,4.0
2015-08-11T10:16:15.000000Z,7.75390625,7.75390625,18.0
2015-08-11T10:16:20.000000Z,7.75390625,7.75390625,4.0
2015-08-11T10:16:25.000000Z,7.75390625,7.75390625,10.0
2015-08-11T10:16:35.000000Z,7.75390625,7.75390625,6.0
2015-08-11T10:16:40.000000Z,7.75390625,7.75390625,6.0
2015-08-11T10:16:50.000000Z,7.75390625,7.75390625,5.0
2015-08-11T10:17:20.000000Z,7.75390625,7.75390625,1.0
2015-08-11T10:17:25.000000Z,7.75390625,7.75390625,15.0
2015-08-11T10:17:30.000000Z,7.75390625,7.75390625,3.0
2015-08-11T10:18:15.000000Z,7.75390625,7.75390625,8.0
2015-08-11T10:18:20.000000Z,7.75390625,7.75390625,13.0
2015-08-11T10:18:25.000000Z,7.75390625,7.75390625,3.0
2015-08-11T10:18:30.000000Z,7.75390625,7.75390625,1.0
2015-08-11T10:18:50.000000Z,7.75390625,7.75390625,1.0
2015-08-11T10:19:55.000000Z,7.75390625,7.75390625,1.0
2015-08-11T10:22:25.000000Z,7.75390625,7.75390625,3.0
2015-08-11T10:22:30.000000Z,7.75390625,7.75390625,1.0
2015-08-11T10:23:20.000000Z,7.75390625,7.75390625,4.0
2015-08-11T10:23:55.000000Z,7.75390625,7.75390625,2.0
2015-08-11T10:24:00.000000Z,7.75390625,7.75390625,3.0
2015-08-11T10:24:40.000000Z,7.75390625,7.75390625,8.0
2015-08-11T10:25:15.000000Z,7.75390625,7.75390625,6.0
2015-08-11T10:25:25.000000Z,7.75390625,7.75390625,8.0
2015-08-11T10:25:30.000000Z,7.75390625,7.75390625,1.0
2015-08-11T10:25:40.000000Z,7.75390625,7.75390625,1.0
2015-08-11T10:25:55.000000Z,7.75390625,7.75390625,2.0
2015-08-11T10:27:35.000000Z,7.75390625,7.75390625,4.0
2015-08-11T10:28:25.000000Z,7.75390625,7.75390625,2.0
2015-08-11T10:28:30.000000Z,7.75390625,7.75390625,1.0
2015-08-11T10:28:40.000000Z,7.75390625,7.75390625,1.0
2015-08-11T10:29:15.000000Z,7.75390625,7.75390625,5.0
2015-08-11T10:30:30.000000Z,7.75390625,7.75390625,1.0
2015-08-11T10:30:35.000000Z,7.75390625,7.75390625,16.0
2015-08-11T10:30:40.000000Z,7.75390625,7.75390625,8.0
2015-08-11T10:30:50.000000Z,7.75390625,7.75390625,7.0
2015-08-11T10:30:55.000000Z,7.75390625,7.75390625,1.0
2015-08-11T10:31:00.000000Z,7.75390625,7.75390625,13.0
2015-08-11T10:31:35.000000Z,7.75390625,7.75390625,21.0
2015-08-11T10:31:40.000000Z,7.75390625,7.75390625,8.0
2015-08-11T10:32:40.000000Z,7.75390625,7.75390625,17.0
2015-08-11T10:32:45.000000Z,7.75390625,7.75390625,1.0
2015-08-11T10:32:50.000000Z,7.75390625,7.75390625,15.0
2015-08-11T10:32:55.000000Z,7.75390625,7.75390625,2.0
2015-08-11T10:33:00.000000Z,7.75390625,7.75390625,1.0
2015-08-11T10:33:35.000000Z,7.75390625,7.75390625,10.0
2015-08-11T10:33:40.000000Z,7.75390625,7.75390625,14.0
2015-08-11T10:33:45.000000Z,7.75390625,7.75390625,4.0
2015-08-11T10:33:50.000000Z,7.75390625,7.75390625,12.0
2015-08-11T10:33:55.000000Z,7.75390625,7.75390625,6.0
2015-08-11T10:34:00.000000Z,7.75390625,7.75390625,3.0
2015-08-11T10:34:05.000000Z,7.75390625,7.75390625,1.0
2015-08-11T10:34:15.000000Z,7.75390625,7.75390625,1.0
2015-08-11T10:34:20.000000Z,7.75390625,7.75390625,2.0
2015-08-11T10:34:30.000000Z,7.75390625,7.75390625,1.0
2015-08-11T10:35:10.000000Z,7.75390625,7.75390625,1.0
2015-08-11T10:35:25.000000Z,7.75390625,7.75390625,2.0
2015-08-11T10:35:30.000000Z,7.75390625,7.75390625,1.0
2015-08-11T10:35:45.000000Z,7.75390625,7.75390625,1.0
2015-08-11T10:36:15.000000Z,7.75390625,7.75390625,1.0
2015-08-11T10:36:20.000000Z,7.75390625,7.75390625,1.0
2015-08-11T10:36:30.000000Z,7.75390625,7.75390625,1.0
2015-08-11T10:36:45.000000Z,7.75390625,7.75390625,1.0
2015-08-11T10:36:50.000000Z,7.75390625,7.75390625,1.0
2015-08-11T10:37:15.000000Z,7.75390625,7.75390625,1.0
2015-08-11T10:37:25.000000Z,7.75390625,7.75390625,1.0
2015-08-11T10:37:55.000000Z,7.75390625,7.75390625,1.0
2015-08-11T10:38:00.000000Z,7.75390625,7.75390625,1.0
2015-08-11T10:38:05.000000Z,7.75390625,7.75390625,1.0
2015-08-11T10:39:00.000000Z,7.75390625,7.75390625,2.0
2015-08-11T10:39:05.000000Z,7.75390625,7.75390625,1.0
2015-08-11T10:41:15.000000Z,7.75390625,7.75390625,1.0
2015-08-11T10:41:40.000000Z,7.75390625,7.75390625,1.0
2015-08-11T10:41:50.000000Z,7.75390625,7.75390625,1.0
2015-08-11T10:42:25.000000Z,7.75390625,7.75390625,9.0
2015-08-11T10:42:30.000000Z,7.75390625,7.75390625,5.0
2015-08-11T10:42:50.000000Z,7.7578125,7.75390625,6.0
2015-08-11T10:42:55.000000Z,7.7578125,7.75390625,12.0
2015-08-11T10:43:00.000000Z,7.7578125,7.75390625,6.0
2015-08-11T10:43:15.000000Z,7.7578125,7.75390625,3.0
2015-08-11T10:43:40.000000Z,7.7578125,7.75390625,1.0
2015-08-11T10:44:20.000000Z,7.7578125,7.75390625,7.0
2015-08-11T10:44:40.000000Z,7.7578125,7.75390625,6.0
2015-08-11T10:44:45.000000Z,7.7578125,7.75390625,2.0
2015-08-11T10:44:50.000000Z,7.7578125,7.75390625,13.0
2015-08-11T10:44:55.000000Z,7.7578125,7.75390625,1.0
2015-08-11T10:45:05.000000Z,7.7578125,7.75390625,1.0
2015-08-11T10:45:10.000000Z,7.7578125,7.75390625,3.0
2015-08-11T10:45:30.000000Z,7.7578125,7.75390625,1.0
2015-08-11T10:45:55.000000Z,7.7578125,7.75390625,2.0
2015-08-11T10:46:00.000000Z,7.7578125,7.75390625,1.0
2015-08-11T10:46:05.000000Z,7.7578125,7.75390625,3.0
2015-08-11T10:46:10.000000Z,7.7578125,7.75390625,1.0
2015-08-11T10:46:15.000000Z,7.7578125,7.75390625,8.0
2015-08-11T10:46:30.000000Z,7.7578125,7.75390625,1.0
2015-08-11T10:46:50.000000Z,7.7578125,7.75390625,1.0
2015-08-11T10:47:05.000000Z,7.7578125,7.75390625,6.0
2015-08-11T10:47:10.000000Z,7.7578125,7.75390625,2.0
2015-08-11T10:47:30.000000Z,7.7578125,7.75390625,2.0
2015-08-11T10:47:40.000000Z,7.7578125,7.75390625,1.0
2015-08-11T10:48:10.000000Z,7.7578125,7.75390625,2.0
2015-08-11T10:48:15.000000Z,7.7578125,7.75390625,1.0
2015-08-11T10:48:20.000000Z,7.7578125,7.75390625,3.0
2015-08-11T10:48:30.000000Z,7.7578125,7.75390625,4.0
2015-08-11T10:48:35.000000Z,7.7578125,7.75390625,1.0
2015-08-11T10:48:40.000000Z,7.7578125,7.75390625,2.0
2015-08-11T10:49:10.000000Z,7.7578125,7.75390625,1.0
2015-08-11T10:52:05.000000Z,7.7578125,7.75390625,4.0
2015-08-11T10:52:15.000000Z,7.7578125,7.7578125,1.0
2015-08-11T10:55:50.000000Z,7.7578125,7.7578125,6.0
2015-08-11T10:55:55.000000Z,7.7578125,7.75390625,2.0
2015-08-11T10:56:00.000000Z,7.7578125,7.7578125,1.0
2015-08-11T10:56:15.000000Z,7.7578125,7.75390625,4.0
2015-08-11T10:56:20.000000Z,7.7578125,7.75390625,4.0
2015-08-11T10:56:35.000000Z,7.7578125,7.75390625,6.0
2015-08-11T10:56:40.000000Z,7.7578125,7.75390625,5.0
2015-08-11T10:56:50.000000Z,7.7578125,7.75390625,1.0
2015-08-11T10:56:55.000000Z,7.7578125,7.75390625,2.0
2015-08-11T10:57:00.000000Z,7.7578125,7.75390625,1.0
2015-08-11T10:57:10.000000Z,7.7578125,7.75390625,1.0
2015-08-11T10:57:30.000000Z,7.7578125,7.75390625,24.0
2015-08-11T10:57:35.000000Z,7.7578125,7.75390625,2.0
2015-08-11T10:57:40.000000Z,7.7578125,7.75390625,1.0
2015-08-11T10:57:50.000000Z,7.7578125,7.75390625,18.0
2015-08-11T10:57:55.000000Z,7.7578125,7.75390625,20.0
2015-08-11T10:58:00.000000Z,7.7578125,7.75390625,11.0
2015-08-11T10:58:10.000000Z,7.7578125,7.75390625,1.0
2015-08-11T10:58:20.000000Z,7.7578125,7.75390625,11.0
2015-08-11T10:58:25.000000Z,7.7578125,7.75390625,19.0
2015-08-11T10:58:30.000000Z,7.7578125,7.75390625,11.0
2015-08-11T10:58:35.000000Z,7.7578125,7.75390625,1.0
2015-08-11T10:58:40.000000Z,7.75390625,7.75390625,4.0
2015-08-11T10:58:50.000000Z,7.75390625,7.75390625,1.0
2015-08-11T10:59:10.000000Z,7.75390625,7.75390625,2.0
2015-08-11T10:59:25.000000Z,7.75390625,7.75390625,16.0
2015-08-11T10:59:30.000000Z,7.75390625,7.75390625,20.0
2015-08-11T10:59:40.000000Z,7.7578125,7.75390625,12.0
2015-08-11T10:59:45.000000Z,7.7578125,7.75390625,1.0
2015-08-11T10:59:50.000000Z,7.7578125,7.75390625,1.0
2015-08-11T10:59:55.000000Z,7.7578125,7.75390625,4.0
2015-08-11T11:00:00.000000Z,7.7578125,7.75390625,2.0
2015-08-11T11:00:05.000000Z,7.7578125,7.75390625,1.0
2015-08-11T11:00:10.000000Z,7.7578125,7.75390625,14.0
2015-08-11T11:00:15.000000Z,7.7578125,7.75390625,4.0
2015-08-11T11:00:20.000000Z,7.7578125,7.75390625,1.0
2015-08-11T11:00:25.000000Z,7.7578125,7.75390625,12.0
2015-08-11T11:00:30.000000Z,7.7578125,7.75390625,10.0
2015-08-11T11:00:50.000000Z,7.7578125,7.75390625,16.0
2015-08-11T11:00:55.000000Z,7.7578125,7.75390625,1.0
2015-08-11T11:01:05.000000Z,7.7578125,7.75390625,2.0
2015-08-11T11:01:10.000000Z,7.7578125,7.75390625,2.0
2015-08-11T11:01:25.000000Z,7.7578125,7.75390625,5.0
2015-08-11T11:01:30.000000Z,7.7578125,7.75390625,3.0
2015-08-11T11:01:35.000000Z,7.7578125,7.75390625,2.0
2015-08-11T11:01:50.000000Z,7.7578125,7.75390625,6.0
2015-08-11T11:01:55.000000Z,7.7578125,7.75390625,5.0
2015-08-11T11:02:00.000000Z,7.7578125,7.75390625,4.0
2015-08-11T11:02:05.000000Z,7.7578125,7.75390625,2.0
2015-08-11T11:02:10.000000Z,7.7578125,7.75390625,2.0
2015-08-11T11:02:15.000000Z,7.7578125,7.75390625,1.0
2015-08-11T11:02:20.000000Z,7.7578125,7.75390625,5.0
2015-08-11T11:02:30.000000Z,7.7578125,7.75390625,3.0
2015-08-11T11:03:30.000000Z,7.7578125,7.75390625,1.0
2015-08-11T11:04:45.000000Z,7.7578125,7.75390625,1.0
2015-08-11T11:04:50.000000Z,7.7578125,7.7578125,18.0
2015-08-11T11:05:00.000000Z,7.7578125,7.7578125,1.0
2015-08-11T11:05:05.000000Z,7.7578125,7.7578125,12.0
2015-08-11T11:05:15.000000Z,7.7578125,7.7578125,1.0
2015-08-11T11:05:25.000000Z,7.7578125,7.7578125,2.0
2015-08-11T11:05:45.000000Z,7.7578125,7.7578125,1.0
2015-08-11T11:05:50.000000Z,7.7578125,7.7578125,5.0
2015-08-11T11:06:30.000000Z,7.7578125,7.7578125,1.0
2015-08-11T11:07:05.000000Z,7.7578125,7.7578125,8.0
2015-08-11T11:07:10.000000Z,7.7578125,7.75390625,17.0
2015-08-11T11:08:10.000000Z,7.7578125,7.75390625,1.0
2015-08-11T11:09:15.000000Z,7.7578125,7.75390625,6.0
2015-08-11T11:09:20.000000Z,7.7578125,7.75390625,3.0
2015-08-11T11:09:50.000000Z,7.7578125,7.75390625,1.0
2015-08-11T11:09:55.000000Z,7.7578125,7.75390625,1.0
2015-08-11T11:10:25.000000Z,7.7578125,7.75390625,17.0
2015-08-11T11:10:30.000000Z,7.75390625,7.75390625,1.0
2015-08-11T11:11:00.000000Z,7.75390625,7.75390625,1.0
2015-08-11T11:11:05.000000Z,7.75390625,7.75390625,1.0
2015-08-11T11:12:00.000000Z,7.75390625,7.75390625,1.0
2015-08-11T11:12:30.000000Z,7.75390625,7.75390625,2.0
2015-08-11T11:12:35.000000Z,7.75390625,7.75390625,4.0
2015-08-11T11:12:50.000000Z,7.75390625,7.75390625,4.0
2015-08-11T11:13:00.000000Z,7.75390625,7.75390625,2.0
2015-08-11T11:13:20.000000Z,7.75390625,7.75390625,1.0
2015-08-11T11:13:55.000000Z,7.75390625,7.75390625,1.0
2015-08-11T11:14:00.000000Z,7.75390625,7.75390625,1.0
2015-08-11T11:14:10.000000Z,7.75390625,7.75390625,1.0
2015-08-11T11:14:15.000000Z,7.75390625,7.75390625,1.0
2015-08-11T11:14:20.000000Z,7.75390625,7.75390625,1.0
2015-08-11T11:14:30.000000Z,7.7578125,7.75390625,7.0
2015-08-11T11:14:35.000000Z,7.7578125,7.75390625,12.0
2015-08-11T11:14:40.000000Z,7.7578125,7.75390625,7.0
2015-08-11T11:14:45.000000Z,7.7578125,7.75390625,1.0
2015-08-11T11:14:55.000000Z,7.7578125,7.75390625,1.0
2015-08-11T11:16:00.000000Z,7.7578125,7.75390625,1.0
2015-08-11T11:19:20.000000Z,7.7578125,7.75390625,4.0
2015-08-11T11:19:25.000000Z,7.7578125,7.75390625,4.0
2015-08-11T11:19:30.000000Z,7.7578125,7.75390625,12.0
2015-08-11T11:19:35.000000Z,7.7578125,7.75390625,15.0
2015-08-11T11:19:40.000000Z,7.7578125,7.75390625,3.0
2015-08-11T11:20:00.000000Z,7.7578125,7.75390625,2.0
2015-08-11T11:20:10.000000Z,7.7578125,7.75390625,2.0
2015-08-11T11:20:15.000000Z,7.7578125,7.75390625,1.0
2015-08-11T11:20:20.000000Z,7.7578125,7.75390625,3.0
2015-08-11T11:20:25.000000Z,7.7578125,7.75390625,5.0
2015-08-11T11:20:30.000000Z,7.7578125,7.75390625,1.0
2015-08-11T11:20:50.000000Z,7.7578125,7.75390625,1.0
2015-08-11T11:21:15.000000Z,7.7578125,7.75390625,6.0
2015-08-11T11:22:30.000000Z,7.7578125,7.75390625,1.0
2015-08-11T11:23:05.000000Z,7.7578125,7.75390625,2.0
2015-08-11T11:23:10.000000Z,7.7578125,7.75390625,1.0
2015-08-11T11:27:45.000000Z,7.7578125,7.75390625,2.0
2015-08-11T11:28:55.000000Z,7.7578125,7.75390625,2.0
2015-08-11T11:29:40.000000Z,7.7578125,7.75390625,4.0
2015-08-11T11:34:45.000000Z,7.7578125,7.75390625,1.0
2015-08-11T11:35:45.000000Z,7.7578125,7.75390625,23.0
2015-08-11T11:35:50.000000Z,7.7578125,7.75390625,9.0
2015-08-11T11:36:00.000000Z,7.7578125,7.75390625,1.0
2015-08-11T11:36:10.000000Z,7.7578125,7.75390625,7.0
2015-08-11T11:37:20.000000Z,7.7578125,7.75390625,7.0
2015-08-11T11:37:35.000000Z,7.7578125,7.75390625,6.0
2015-08-11T11:37:40.000000Z,7.75390625,7.75390625,3.0
2015-08-11T11:37:45.000000Z,7.7578125,7.75390625,6.0
2015-08-11T11:38:10.000000Z,7.7578125,7.75390625,6.0
2015-08-11T11:38:15.000000Z,7.75390625,7.75390625,5.0
2015-08-11T11:38:20.000000Z,7.7578125,7.75390625,9.0
2015-08-11T11:39:00.000000Z,7.7578125,7.75390625,6.0
2015-08-11T11:39:20.000000Z,7.7578125,7.75390625,1.0
2015-08-11T11:39:25.000000Z,7.7578125,7.75390625,3.0
2015-08-11T11:42:45.000000Z,7.7578125,7.75390625,6.0
2015-08-11T11:42:50.000000Z,7.7578125,7.75390625,3.0
2015-08-11T11:43:40.000000Z,7.7578125,7.75390625,5.0
2015-08-11T11:43:45.000000Z,7.7578125,7.75390625,13.0
2015-08-11T11:43:50.000000Z,7.7578125,7.75390625,13.0
2015-08-11T11:45:45.000000Z,7.7578125,7.75390625,4.0
2015-08-11T11:46:00.000000Z,7.7578125,7.75390625,5.0
2015-08-11T11:46:05.000000Z,7.7578125,7.75390625,3.0
2015-08-11T11:47:10.000000Z,7.7578125,7.75390625,1.0
2015-08-11T11:48:40.000000Z,7.7578125,7.75390625,13.0
2015-08-11T11:48:45.000000Z,7.7578125,7.75390625,12.0
2015-08-11T11:48:50.000000Z,7.7578125,7.75390625,16.0
2015-08-11T11:48:55.000000Z,7.7578125,7.75390625,2.0
2015-08-11T11:49:00.000000Z,7.7578125,7.75390625,9.0
2015-08-11T11:49:05.000000Z,7.7578125,7.75390625,1.0
2015-08-11T11:49:10.000000Z,7.7578125,7.75390625,1.0
2015-08-11T11:49:25.000000Z,7.7578125,7.75390625,3.0
2015-08-11T11:49:30.000000Z,7.7578125,7.75390625,1.0
2015-08-11T11:49:50.000000Z,7.7578125,7.75390625,1.0
2015-08-11T11:50:00.000000Z,7.7578125,7.75390625,2.0
2015-08-11T11:50:05.000000Z,7.7578125,7.75390625,18.0
2015-08-11T11:50:10.000000Z,7.7578125,7.7578125,3.0
2015-08-11T11:50:35.000000Z,7.7578125,7.7578125,10.0
2015-08-11T11:50:45.000000Z,7.7578125,7.7578125,1.0
2015-08-11T11:51:15.000000Z,7.7578125,7.7578125,5.0
2015-08-11T11:51:20.000000Z,7.7578125,7.7578125,2.0
2015-08-11T11:51:40.000000Z,7.7578125,7.7578125,1.0
2015-08-11T11:51:45.000000Z,7.7578125,7.7578125,1.0
2015-08-11T11:51:55.000000Z,7.7578125,7.7578125,1.0
2015-08-11T11:52:45.000000Z,7.7578125,7.7578125,1.0
2015-08-11T11:56:45.000000Z,7.7578125,7.7578125,2.0
2015-08-11T11:57:15.000000Z,7.7578125,7.7578125,1.0
2015-08-11T11:57:30.000000Z,7.7578125,7.7578125,5.0
2015-08-11T11:57:35.000000Z,7.7578125,7.7578125,2.0
2015-08-11T11:57:40.000000Z,7.7578125,7.7578125,1.0
2015-08-11T11:58:55.000000Z,7.7578125,7.75390625,18.0
2015-08-11T11:59:00.000000Z,7.7578125,7.7578125,27.0
2015-08-11T11:59:05.000000Z,7.7578125,7.75390625,15.0
2015-08-11T11:59:20.000000Z,7.7578125,7.75390625,1.0
2015-08-11T11:59:30.000000Z,7.7578125,7.75390625,8.0
2015-08-11T11:59:45.000000Z,7.7578125,7.75390625,8.0
2015-08-11T11:59:50.000000Z,7.75390625,7.75390625,3.0
2015-08-11T11:59:55.000000Z,7.75390625,7.75390625,2.0
2015-08-11T12:00:00.000000Z,7.7578125,7.75390625,13.0
2015-08-11T12:00:20.000000Z,7.7578125,7.75390625,1.0
2015-08-11T12:01:50.000000Z,7.7578125,7.75390625,1.0
2015-08-11T12:02:30.000000Z,7.7578125,7.75390625,4.0
2015-08-11T12:02:45.000000Z,7.7578125,7.75390625,16.0
2015-08-11T12:02:50.000000Z,7.7578125,7.75390625,1.0
2015-08-11T12:03:15.000000Z,7.7578125,7.75390625,3.0
2015-08-11T12:03:25.000000Z,7.7578125,7.75390625,1.0
2015-08-11T12:03:30.000000Z,7.7578125,7.75390625,8.0
2015-08-11T12:03:35.000000Z,7.7578125,7.7578125,1.0
2015-08-11T12:03:40.000000Z,7.7578125,7.7578125,1.0
2015-08-11T12:03:55.000000Z,7.7578125,7.7578125,1.0
2015-08-11T12:04:10.000000Z,7.7578125,7.7578125,9.0
2015-08-11T12:04:15.000000Z,7.7578125,7.7578125,22.0
2015-08-11T12:04:20.000000Z,7.7578125,7.7578125,1.0
2015-08-11T12:04:30.000000Z,7.7578125,7.75390625,1.0
2015-08-11T12:04:35.000000Z,7.7578125,7.7578125,1.0
2015-08-11T12:04:50.000000Z,7.7578125,7.75390625,1.0
2015-08-11T12:05:00.000000Z,7.7578125,7.7578125,1.0
2015-08-11T12:05:20.000000Z,7.7578125,7.7578125,8.0
2015-08-11T12:05:25.000000Z,7.7578125,7.75390625,9.0
2015-08-11T12:05:30.000000Z,7.7578125,7.75390625,12.0
2015-08-11T12:05:35.000000Z,7.7578125,7.7578125,10.0
2015-08-11T12:05:40.000000Z,7.7578125,7.75390625,25.0
2015-08-11T12:05:45.000000Z,7.7578125,7.75390625,4.0
2015-08-11T12:05:50.000000Z,7.7578125,7.7578125,9.0
2015-08-11T12:05:55.000000Z,7.7578125,7.7578125,9.0
2015-08-11T12:06:00.000000Z,7.7578125,7.7578125,8.0
2015-08-11T12:06:05.000000Z,7.7578125,7.7578125,1.0
2015-08-11T12:06:10.000000Z,7.7578125,7.7578125,16.0
2015-08-11T12:06:15.000000Z,7.7578125,7.7578125,13.0
2015-08-11T12:06:20.000000Z,7.7578125,7.7578125,4.0
2015-08-11T12:06:25.000000Z,7.7578125,7.7578125,10.0
2015-08-11T12:06:30.000000Z,7.7578125,7.75390625,13.0
2015-08-11T12:06:35.000000Z,7.7578125,7.7578125,9.0
2015-08-11T12:06:40.000000Z,7.7578125,7.75390625,17.0
2015-08-11T12:06:55.000000Z,7.7578125,7.75390625,2.0
2015-08-11T12:07:00.000000Z,7.7578125,7.75390625,4.0
2015-08-11T12:07:05.000000Z,7.7578125,7.7578125,10.0
2015-08-11T12:07:10.000000Z,7.7578125,7.7578125,2.0
2015-08-11T12:07:15.000000Z,7.7578125,7.75390625,24.0
2015-08-11T12:07:20.000000Z,7.7578125,7.75390625,13.0
2015-08-11T12:07:25.000000Z,7.7578125,7.75390625,1.0
2015-08-11T12:07:35.000000Z,7.7578125,7.75390625,1.0
2015-08-11T12:07:40.000000Z,7.7578125,7.75390625,19.0
2015-08-11T12:07:45.000000Z,7.7578125,7.75390625,17.0
2015-08-11T12:07:50.000000Z,7.7578125,7.75390625,1.0
2015-08-11T12:08:15.000000Z,7.7578125,7.75390625,2.0
2015-08-11T12:08:45.000000Z,7.7578125,7.7578125,5.0
2015-08-11T12:08:55.000000Z,7.7578125,7.75390625,4.0
2015-08-11T12:09:00.000000Z,7.7578125,7.7578125,6.0
2015-08-11T12:09:20.000000Z,7.7578125,7.75390625,10.0
2015-08-11T12:09:40.000000Z,7.7578125,7.75390625,12.0
2015-08-11T12:09:55.000000Z,7.7578125,7.75390625,3.0
2015-08-11T12:10:10.000000Z,7.7578125,7.75390625,2.0
2015-08-11T12:10:25.000000Z,7.7578125,7.75390625,2.0
2015-08-11T12:10:35.000000Z,7.7578125,7.75390625,1.0
2015-08-11T12:11:10.000000Z,7.7578125,7.75390625,1.0
2015-08-11T12:18:15.000000Z,7.7578125,7.75390625,9.0
2015-08-11T12:18:20.000000Z,7.7578125,7.75390625,1.0
2015-08-11T12:18:30.000000Z,7.7578125,7.75390625,10.0
2015-08-11T12:18:55.000000Z,7.7578125,7.75390625,2.0
2015-08-11T12:19:00.000000Z,7.7578125,7.75390625,6.0
2015-08-11T12:19:05.000000Z,7.7578125,7.75390625,5.0
2015-08-11T12:19:10.000000Z,7.7578125,7.75390625,1.0
2015-08-11T12:19:30.000000Z,7.7578125,7.75390625,17.0
2015-08-11T12:19:35.000000Z,7.7578125,7.75390625,16.0
2015-08-11T12:19:40.000000Z,7.7578125,7.75390625,9.0
2015-08-11T12:19:45.000000Z,7.7578125,7.75390625,9.0
2015-08-11T12:19:50.000000Z,7.7578125,7.75390625,11.0
2015-08-11T12:19:55.000000Z,7.7578125,7.75390625,2.0
2015-08-11T12:20:00.000000Z,7.7578125,7.75390625,2.0
2015-08-11T12:20:10.000000Z,7.7578125,7.75390625,17.0
2015-08-11T12:20:15.000000Z,7.7578125,7.75390625,11.0
2015-08-11T12:20:20.000000Z,7.7578125,7.75390625,1.0
2015-08-11T12:20:30.000000Z,7.7578125,7.75390625,2.0
2015-08-11T12:20:40.000000Z,7.7578125,7.75390625,2.0
2015-08-11T12:20:45.000000Z,7.7578125,7.75390625,1.0
