time,closeAsk,closeBid
2015-07-22T06:48:20.000000Z,90.83,90.797
2015-07-22T06:48:25.000000Z,90.831,90.798
2015-07-22T06:48:30.000000Z,90.83,90.795
2015-07-22T06:48:35.000000Z,90.84,90.804
2015-07-22T06:48:40.000000Z,90.841,90.805
2015-07-22T06:48:45.000000Z,90.836,90.801
2015-07-22T06:48:50.000000Z,90.838,90.798
2015-07-22T06:48:55.000000Z,90.836,90.797
2015-07-22T06:49:00.000000Z,90.845,90.804
2015-07-22T06:49:05.000000Z,90.853,90.814
2015-07-22T06:49:10.000000Z,90.848,90.809
2015-07-22T06:49:15.000000Z,90.844,90.807
2015-07-22T06:49:20.000000Z,90.842,90.808
2015-07-22T06:49:25.000000Z,90.847,90.807
2015-07-22T06:49:30.000000Z,90.842,90.805
2015-07-22T06:49:35.000000Z,90.843,90.804
2015-07-22T06:49:45.000000Z,90.831,90.796
2015-07-22T06:49:50.000000Z,90.828,90.792
2015-07-22T06:49:55.000000Z,90.831,90.791
2015-07-22T06:50:00.000000Z,90.835,90.791
2015-07-22T06:50:05.000000Z,90.84,90.799
2015-07-22T06:50:10.000000Z,90.841,90.801
2015-07-22T06:50:15.000000Z,90.841,90.804
2015-07-22T06:50:20.000000Z,90.847,90.81
2015-07-22T06:50:25.000000Z,90.846,90.811
2015-07-22T06:50:30.000000Z,90.844,90.805
2015-07-22T06:50:35.000000Z,90.849,90.804
2015-07-22T06:50:40.000000Z,90.848,90.81
2015-07-22T06:50:45.000000Z,90.845,90.805
2015-07-22T06:50:55.000000Z,90.845,90.805
2015-07-22T06:51:10.000000Z,90.847,90.809
2015-07-22T06:51:15.000000Z,90.847,90.81
2015-07-22T06:51:20.000000Z,90.847,90.809
2015-07-22T06:51:30.000000Z,90.845,90.805
2015-07-22T06:51:35.000000Z,90.844,90.806
2015-07-22T06:51:40.000000Z,90.845,90.808
2015-07-22T06:51:55.000000Z,90.848,90.81
2015-07-22T06:52:00.000000Z,90.845,90.806
2015-07-22T06:52:05.000000Z,90.844,90.804
2015-07-22T06:52:15.000000Z,90.846,90.808
2015-07-22T06:52:20.000000Z,90.852,90.812
2015-07-22T06:52:35.000000Z,90.85,90.812
2015-07-22T06:52:40.000000Z,90.858,90.821
2015-07-22T06:52:45.000000Z,90.857,90.819
2015-07-22T06:52:50.000000Z,90.858,90.823
2015-07-22T06:52:55.000000Z,90.868,90.825
2015-07-22T06:53:00.000000Z,90.871,90.83
2015-07-22T06:53:05.000000Z,90.865,90.828
2015-07-22T06:53:10.000000Z,90.866,90.829
2015-07-22T06:53:15.000000Z,90.865,90.829
2015-07-22T06:53:20.000000Z,90.874,90.832
2015-07-22T06:53:25.000000Z,90.871,90.832
2015-07-22T06:53:30.000000Z,90.876,90.838
2015-07-22T06:53:35.000000Z,90.875,90.836
2015-07-22T06:53:40.000000Z,90.872,90.835
2015-07-22T06:53:45.000000Z,90.878,90.842
2015-07-22T06:53:50.000000Z,90.875,90.829
2015-07-22T06:53:55.000000Z,90.872,90.832
2015-07-22T06:54:00.000000Z,90.859,90.818
2015-07-22T06:54:05.000000Z,90.859,90.818
2015-07-22T06:54:10.000000Z,90.859,90.817
2015-07-22T06:54:15.000000Z,90.86,90.818
2015-07-22T06:54:20.000000Z,90.863,90.822
2015-07-22T06:54:25.000000Z,90.865,90.825
2015-07-22T06:54:35.000000Z,90.861,90.824
2015-07-22T06:54:40.000000Z,90.857,90.817
2015-07-22T06:54:45.000000Z,90.856,90.818
2015-07-22T06:54:50.000000Z,90.855,90.814
2015-07-22T06:54:55.000000Z,90.853,90.814
2015-07-22T06:55:05.000000Z,90.853,90.815
2015-07-22T06:55:15.000000Z,90.855,90.817
2015-07-22T06:55:20.000000Z,90.855,90.817
2015-07-22T06:55:25.000000Z,90.852,90.817
2015-07-22T06:55:35.000000Z,90.854,90.816
2015-07-22T06:55:40.000000Z,90.853,90.815
2015-07-22T06:55:45.000000Z,90.851,90.816
2015-07-22T06:55:50.000000Z,90.834,90.796
2015-07-22T06:55:55.000000Z,90.838,90.796
2015-07-22T06:56:00.000000Z,90.85,90.805
2015-07-22T06:56:05.000000Z,90.85,90.808
2015-07-22T06:56:10.000000Z,90.849,90.809
2015-07-22T06:56:15.000000Z,90.849,90.809
2015-07-22T06:56:20.000000Z,90.848,90.811
2015-07-22T06:56:30.000000Z,90.85,90.813
2015-07-22T06:56:35.000000Z,90.849,90.81
2015-07-22T06:56:40.000000Z,90.851,90.813
2015-07-22T06:56:45.000000Z,90.855,90.816
2015-07-22T06:56:50.000000Z,90.852,90.812
2015-07-22T06:56:55.000000Z,90.855,90.814
2015-07-22T06:57:00.000000Z,90.859,90.822
2015-07-22T06:57:05.000000Z,90.858,90.825
2015-07-22T06:57:10.000000Z,90.862,90.823
2015-07-22T06:57:15.000000Z,90.858,90.818
2015-07-22T06:57:20.000000Z,90.865,90.824
2015-07-22T06:57:25.000000Z,90.863,90.827
2015-07-22T06:57:30.000000Z,90.863,90.825
2015-07-22T06:57:40.000000Z,90.861,90.823
2015-07-22T06:57:45.000000Z,90.856,90.817
2015-07-22T06:57:50.000000Z,90.859,90.82
2015-07-22T06:57:55.000000Z,90.856,90.815
2015-07-22T06:58:00.000000Z,90.854,90.815
2015-07-22T06:58:05.000000Z,90.854,90.815
2015-07-22T06:58:10.000000Z,90.855,90.815
2015-07-22T06:58:20.000000Z,90.851,90.813
2015-07-22T06:58:25.000000Z,90.848,90.811
2015-07-22T06:58:30.000000Z,90.843,90.807
2015-07-22T06:58:35.000000Z,90.839,90.801
2015-07-22T06:58:45.000000Z,90.837,90.799
2015-07-22T06:58:50.000000Z,90.837,90.799
2015-07-22T06:58:55.000000Z,90.836,90.798
2015-07-22T06:59:00.000000Z,90.835,90.797
2015-07-22T06:59:10.000000Z,90.834,90.799
2015-07-22T06:59:15.000000Z,90.838,90.803
2015-07-22T06:59:20.000000Z,90.831,90.798
2015-07-22T06:59:25.000000Z,90.839,90.8
2015-07-22T06:59:30.000000Z,90.836,90.8
2015-07-22T06:59:35.000000Z,90.834,90.798
2015-07-22T06:59:40.000000Z,90.834,90.796
2015-07-22T06:59:45.000000Z,90.833,90.796
2015-07-22T06:59:50.000000Z,90.832,90.796
2015-07-22T06:59:55.000000Z,90.832,90.798
2015-07-22T07:00:00.000000Z,90.838,90.794
2015-07-22T07:00:05.000000Z,90.838,90.798
2015-07-22T07:00:10.000000Z,90.831,90.793
2015-07-22T07:00:15.000000Z,90.83,90.79
2015-07-22T07:00:20.000000Z,90.829,90.793
2015-07-22T07:00:25.000000Z,90.831,90.793
2015-07-22T07:00:30.000000Z,90.836,90.8
2015-07-22T07:00:35.000000Z,90.833,90.799
2015-07-22T07:00:40.000000Z,90.832,90.794
2015-07-22T07:00:45.000000Z,90.829,90.793
2015-07-22T07:00:50.000000Z,90.828,90.79
2015-07-22T07:00:55.000000Z,90.827,90.793
2015-07-22T07:01:00.000000Z,90.828,90.793
2015-07-22T07:01:05.000000Z,90.833,90.795
2015-07-22T07:01:10.000000Z,90.833,90.797
2015-07-22T07:01:15.000000Z,90.833,90.798
2015-07-22T07:01:20.000000Z,90.83,90.794
2015-07-22T07:01:25.000000Z,90.829,90.795
2015-07-22T07:01:30.000000Z,90.833,90.799
2015-07-22T07:01:35.000000Z,90.832,90.794
2015-07-22T07:01:45.000000Z,90.833,90.795
2015-07-22T07:01:50.000000Z,90.839,90.802
2015-07-22T07:01:55.000000Z,90.839,90.804
2015-07-22T07:02:00.000000Z,90.838,90.802
2015-07-22T07:02:05.000000Z,90.838,90.801
2015-07-22T07:02:10.000000Z,90.838,90.798
2015-07-22T07:02:15.000000Z,90.837,90.797
2015-07-22T07:02:20.000000Z,90.832,90.792
2015-07-22T07:02:25.000000Z,90.829,90.79
2015-07-22T07:02:30.000000Z,90.822,90.787
2015-07-22T07:02:35.000000Z,90.823,90.785
2015-07-22T07:02:40.000000Z,90.825,90.788
2015-07-22T07:02:45.000000Z,90.829,90.791
2015-07-22T07:02:50.000000Z,90.832,90.796
2015-07-22T07:02:55.000000Z,90.836,90.802
2015-07-22T07:03:00.000000Z,90.833,90.798
2015-07-22T07:03:05.000000Z,90.833,90.797
2015-07-22T07:03:10.000000Z,90.834,90.797
2015-07-22T07:03:15.000000Z,90.848,90.81
2015-07-22T07:03:20.000000Z,90.852,90.814
2015-07-22T07:03:25.000000Z,90.848,90.812
2015-07-22T07:03:30.000000Z,90.851,90.815
2015-07-22T07:03:35.000000Z,90.852,90.816
2015-07-22T07:03:40.000000Z,90.85,90.813
2015-07-22T07:03:45.000000Z,90.844,90.804
2015-07-22T07:03:50.000000Z,90.844,90.803
2015-07-22T07:03:55.000000Z,90.845,90.805
2015-07-22T07:04:00.000000Z,90.847,90.807
2015-07-22T07:04:05.000000Z,90.85,90.814
2015-07-22T07:04:10.000000Z,90.847,90.81
2015-07-22T07:04:15.000000Z,90.846,90.808
2015-07-22T07:04:25.000000Z,90.842,90.804
2015-07-22T07:04:30.000000Z,90.841,90.803
2015-07-22T07:04:35.000000Z,90.84,90.802
2015-07-22T07:04:40.000000Z,90.841,90.803
2015-07-22T07:04:45.000000Z,90.837,90.801
2015-07-22T07:04:50.000000Z,90.837,90.801
2015-07-22T07:05:10.000000Z,90.837,90.798
2015-07-22T07:05:15.000000Z,90.837,90.798
2015-07-22T07:05:20.000000Z,90.842,90.804
2015-07-22T07:05:25.000000Z,90.842,90.804
2015-07-22T07:05:30.000000Z,90.84,90.807
2015-07-22T07:05:40.000000Z,90.837,90.804
2015-07-22T07:05:45.000000Z,90.837,90.802
2015-07-22T07:05:50.000000Z,90.839,90.803
2015-07-22T07:05:55.000000Z,90.836,90.801
2015-07-22T07:06:00.000000Z,90.837,90.802
2015-07-22T07:06:05.000000Z,90.836,90.801
2015-07-22T07:06:10.000000Z,90.84,90.798
2015-07-22T07:06:15.000000Z,90.837,90.796
2015-07-22T07:06:20.000000Z,90.836,90.796
2015-07-22T07:06:25.000000Z,90.84,90.804
2015-07-22T07:06:30.000000Z,90.839,90.803
2015-07-22T07:06:35.000000Z,90.84,90.805
2015-07-22T07:06:40.000000Z,90.839,90.798
2015-07-22T07:06:45.000000Z,90.837,90.796
2015-07-22T07:06:55.000000Z,90.84,90.798
2015-07-22T07:07:00.000000Z,90.838,90.798
2015-07-22T07:07:05.000000Z,90.833,90.797
2015-07-22T07:07:10.000000Z,90.833,90.796
2015-07-22T07:07:15.000000Z,90.833,90.795
2015-07-22T07:07:20.000000Z,90.834,90.795
2015-07-22T07:07:25.000000Z,90.829,90.791
2015-07-22T07:07:30.000000Z,90.832,90.793
2015-07-22T07:07:35.000000Z,90.825,90.787
2015-07-22T07:07:40.000000Z,90.824,90.79
2015-07-22T07:07:45.000000Z,90.829,90.793
2015-07-22T07:07:50.000000Z,90.826,90.786
2015-07-22T07:07:55.000000Z,90.83,90.793
2015-07-22T07:08:00.000000Z,90.831,90.79
2015-07-22T07:08:05.000000Z,90.832,90.79
2015-07-22T07:08:10.000000Z,90.834,90.792
2015-07-22T07:08:15.000000Z,90.833,90.795
2015-07-22T07:08:20.000000Z,90.827,90.785
2015-07-22T07:08:25.000000Z,90.824,90.786
2015-07-22T07:08:30.000000Z,90.824,90.787
2015-07-22T07:08:35.000000Z,90.829,90.788
2015-07-22T07:08:40.000000Z,90.833,90.793
2015-07-22T07:08:45.000000Z,90.836,90.798
2015-07-22T07:08:50.000000Z,90.838,90.799
2015-07-22T07:08:55.000000Z,90.836,90.798
2015-07-22T07:09:00.000000Z,90.836,90.8
2015-07-22T07:09:05.000000Z,90.833,90.793
2015-07-22T07:09:10.000000Z,90.834,90.792
2015-07-22T07:09:15.000000Z,90.826,90.784
2015-07-22T07:09:20.000000Z,90.827,90.785
2015-07-22T07:09:25.000000Z,90.826,90.786
2015-07-22T07:09:30.000000Z,90.826,90.785
2015-07-22T07:09:35.000000Z,90.826,90.786
2015-07-22T07:09:40.000000Z,90.826,90.785
2015-07-22T07:09:45.000000Z,90.825,90.786
2015-07-22T07:09:50.000000Z,90.835,90.799
2015-07-22T07:09:55.000000Z,90.832,90.799
2015-07-22T07:10:00.000000Z,90.829,90.795
2015-07-22T07:10:05.000000Z,90.834,90.796
2015-07-22T07:10:15.000000Z,90.833,90.795
2015-07-22T07:10:20.000000Z,90.831,90.793
2015-07-22T07:10:25.000000Z,90.845,90.806
2015-07-22T07:10:30.000000Z,90.848,90.808
2015-07-22T07:10:35.000000Z,90.848,90.806
2015-07-22T07:10:45.000000Z,90.853,90.813
2015-07-22T07:10:50.000000Z,90.852,90.812
2015-07-22T07:10:55.000000Z,90.851,90.812
2015-07-22T07:11:00.000000Z,90.845,90.808
2015-07-22T07:11:05.000000Z,90.843,90.807
2015-07-22T07:11:10.000000Z,90.843,90.804
2015-07-22T07:11:15.000000Z,90.839,90.801
2015-07-22T07:11:20.000000Z,90.839,90.801
2015-07-22T07:11:25.000000Z,90.838,90.799
2015-07-22T07:11:30.000000Z,90.834,90.797
2015-07-22T07:11:35.000000Z,90.833,90.795
2015-07-22T07:11:40.000000Z,90.832,90.796
2015-07-22T07:11:45.000000Z,90.84,90.802
2015-07-22T07:11:50.000000Z,90.849,90.811
2015-07-22T07:11:55.000000Z,90.847,90.809
2015-07-22T07:12:00.000000Z,90.847,90.807
2015-07-22T07:12:05.000000Z,90.849,90.811
2015-07-22T07:12:10.000000Z,90.847,90.813
2015-07-22T07:12:15.000000Z,90.852,90.81
2015-07-22T07:12:20.000000Z,90.851,90.813
2015-07-22T07:12:25.000000Z,90.852,90.812
2015-07-22T07:12:30.000000Z,90.849,90.809
2015-07-22T07:12:35.000000Z,90.849,90.81
2015-07-22T07:12:50.000000Z,90.848,90.81
2015-07-22T07:12:55.000000Z,90.842,90.803
2015-07-22T07:13:00.000000Z,90.843,90.803
2015-07-22T07:13:05.000000Z,90.849,90.809
2015-07-22T07:13:10.000000Z,90.85,90.811
2015-07-22T07:13:15.000000Z,90.852,90.811
2015-07-22T07:13:20.000000Z,90.85,90.81
2015-07-22T07:13:25.000000Z,90.85,90.812
2015-07-22T07:13:30.000000Z,90.847,90.81
2015-07-22T07:13:35.000000Z,90.845,90.809
2015-07-22T07:13:40.000000Z,90.845,90.809
2015-07-22T07:13:45.000000Z,90.847,90.808
2015-07-22T07:13:50.000000Z,90.845,90.804
2015-07-22T07:13:55.000000Z,90.845,90.804
2015-07-22T07:14:00.000000Z,90.839,90.8
2015-07-22T07:14:05.000000Z,90.837,90.8
2015-07-22T07:14:15.000000Z,90.841,90.804
2015-07-22T07:14:20.000000Z,90.839,90.802
2015-07-22T07:14:25.000000Z,90.835,90.797
2015-07-22T07:14:30.000000Z,90.835,90.798
2015-07-22T07:14:35.000000Z,90.836,90.798
2015-07-22T07:14:40.000000Z,90.838,90.8
2015-07-22T07:14:45.000000Z,90.834,90.797
2015-07-22T07:14:50.000000Z,90.824,90.79
2015-07-22T07:14:55.000000Z,90.825,90.787
2015-07-22T07:15:00.000000Z,90.823,90.788
2015-07-22T07:15:05.000000Z,90.824,90.788
2015-07-22T07:15:10.000000Z,90.822,90.786
2015-07-22T07:15:20.000000Z,90.822,90.785
2015-07-22T07:15:25.000000Z,90.822,90.783
2015-07-22T07:15:30.000000Z,90.819,90.783
2015-07-22T07:15:35.000000Z,90.819,90.781
2015-07-22T07:15:40.000000Z,90.82,90.785
2015-07-22T07:15:45.000000Z,90.821,90.785
2015-07-22T07:15:50.000000Z,90.82,90.785
2015-07-22T07:15:55.000000Z,90.818,90.782
2015-07-22T07:16:00.000000Z,90.817,90.782
2015-07-22T07:16:05.000000Z,90.822,90.785
2015-07-22T07:16:10.000000Z,90.822,90.786
2015-07-22T07:16:15.000000Z,90.819,90.784
2015-07-22T07:16:20.000000Z,90.821,90.787
2015-07-22T07:16:25.000000Z,90.815,90.782
2015-07-22T07:16:30.000000Z,90.815,90.779
2015-07-22T07:16:35.000000Z,90.816,90.778
2015-07-22T07:16:40.000000Z,90.813,90.773
2015-07-22T07:16:45.000000Z,90.813,90.771
2015-07-22T07:16:50.000000Z,90.813,90.771
2015-07-22T07:16:55.000000Z,90.812,90.762
2015-07-22T07:17:00.000000Z,90.826,90.771
2015-07-22T07:17:05.000000Z,90.814,90.776
2015-07-22T07:17:10.000000Z,90.812,90.773
2015-07-22T07:17:15.000000Z,90.818,90.778
2015-07-22T07:17:20.000000Z,90.818,90.78
2015-07-22T07:17:25.000000Z,90.821,90.784
2015-07-22T07:17:30.000000Z,90.821,90.78
2015-07-22T07:17:35.000000Z,90.816,90.781
2015-07-22T07:17:45.000000Z,90.813,90.772
2015-07-22T07:17:50.000000Z,90.814,90.778
2015-07-22T07:17:55.000000Z,90.817,90.781
2015-07-22T07:18:00.000000Z,90.818,90.781
2015-07-22T07:18:05.000000Z,90.809,90.769
2015-07-22T07:18:10.000000Z,90.808,90.77
2015-07-22T07:18:20.000000Z,90.813,90.773
2015-07-22T07:18:25.000000Z,90.813,90.778
2015-07-22T07:18:30.000000Z,90.812,90.775
2015-07-22T07:18:35.000000Z,90.814,90.773
2015-07-22T07:18:40.000000Z,90.815,90.775
2015-07-22T07:18:45.000000Z,90.812,90.768
2015-07-22T07:18:50.000000Z,90.809,90.772
2015-07-22T07:18:55.000000Z,90.809,90.772
2015-07-22T07:19:00.000000Z,90.811,90.774
2015-07-22T07:19:05.000000Z,90.807,90.768
2015-07-22T07:19:10.000000Z,90.807,90.768
2015-07-22T07:19:15.000000Z,90.807,90.766
2015-07-22T07:19:20.000000Z,90.809,90.77
2015-07-22T07:19:25.000000Z,90.81,90.769
2015-07-22T07:19:30.000000Z,90.811,90.772
2015-07-22T07:19:45.000000Z,90.811,90.771
2015-07-22T07:19:50.000000Z,90.812,90.772
2015-07-22T07:19:55.000000Z,90.812,90.771
2015-07-22T07:20:05.000000Z,90.81,90.771
2015-07-22T07:20:10.000000Z,90.811,90.771
2015-07-22T07:20:15.000000Z,90.807,90.768
2015-07-22T07:20:20.000000Z,90.805,90.767
2015-07-22T07:20:25.000000Z,90.801,90.76
2015-07-22T07:20:30.000000Z,90.805,90.763
2015-07-22T07:20:35.000000Z,90.803,90.763
2015-07-22T07:20:40.000000Z,90.806,90.766
2015-07-22T07:20:45.000000Z,90.807,90.766
2015-07-22T07:20:50.000000Z,90.806,90.766
2015-07-22T07:20:55.000000Z,90.805,90.766
2015-07-22T07:21:00.000000Z,90.803,90.766
2015-07-22T07:21:05.000000Z,90.793,90.753
2015-07-22T07:21:10.000000Z,90.798,90.754
2015-07-22T07:21:15.000000Z,90.776,90.735
2015-07-22T07:21:20.000000Z,90.775,90.733
2015-07-22T07:21:25.000000Z,90.773,90.735
2015-07-22T07:21:30.000000Z,90.777,90.736
2015-07-22T07:21:35.000000Z,90.78,90.743
2015-07-22T07:21:40.000000Z,90.785,90.745
2015-07-22T07:21:45.000000Z,90.782,90.743
2015-07-22T07:21:50.000000Z,90.789,90.751
2015-07-22T07:21:55.000000Z,90.791,90.753
2015-07-22T07:22:00.000000Z,90.794,90.752
2015-07-22T07:22:05.000000Z,90.792,90.755
2015-07-22T07:22:10.000000Z,90.794,90.756
2015-07-22T07:22:15.000000Z,90.792,90.755
2015-07-22T07:22:20.000000Z,90.797,90.759
2015-07-22T07:22:25.000000Z,90.802,90.759
2015-07-22T07:22:30.000000Z,90.8,90.761
2015-07-22T07:22:40.000000Z,90.801,90.761
2015-07-22T07:22:45.000000Z,90.797,90.754
2015-07-22T07:22:55.000000Z,90.794,90.752
2015-07-22T07:23:05.000000Z,90.792,90.751
2015-07-22T07:23:10.000000Z,90.795,90.755
2015-07-22T07:23:15.000000Z,90.796,90.757
2015-07-22T07:23:20.000000Z,90.795,90.757
2015-07-22T07:23:25.000000Z,90.802,90.763
2015-07-22T07:23:30.000000Z,90.802,90.765
2015-07-22T07:23:35.000000Z,90.805,90.768
2015-07-22T07:23:40.000000Z,90.809,90.77
2015-07-22T07:23:45.000000Z,90.81,90.77
2015-07-22T07:23:50.000000Z,90.808,90.765
2015-07-22T07:23:55.000000Z,90.81,90.772
2015-07-22T07:24:00.000000Z,90.812,90.772
2015-07-22T07:24:05.000000Z,90.815,90.775
2015-07-22T07:24:10.000000Z,90.814,90.774
2015-07-22T07:24:15.000000Z,90.815,90.775
2015-07-22T07:24:20.000000Z,90.814,90.774
2015-07-22T07:24:30.000000Z,90.815,90.775
2015-07-22T07:24:35.000000Z,90.815,90.77
2015-07-22T07:24:40.000000Z,90.815,90.774
2015-07-22T07:24:45.000000Z,90.815,90.776
2015-07-22T07:24:55.000000Z,90.814,90.772
2015-07-22T07:25:00.000000Z,90.811,90.772
2015-07-22T07:25:05.000000Z,90.811,90.772
2015-07-22T07:25:10.000000Z,90.81,90.773
2015-07-22T07:25:20.000000Z,90.811,90.768
2015-07-22T07:25:25.000000Z,90.808,90.767
2015-07-22T07:25:30.000000Z,90.807,90.769
2015-07-22T07:25:35.000000Z,90.806,90.767
2015-07-22T07:25:40.000000Z,90.805,90.766
2015-07-22T07:25:45.000000Z,90.815,90.771
2015-07-22T07:25:50.000000Z,90.816,90.775
2015-07-22T07:25:55.000000Z,90.817,90.774
2015-07-22T07:26:00.000000Z,90.814,90.773
2015-07-22T07:26:05.000000Z,90.813,90.774
2015-07-22T07:26:10.000000Z,90.819,90.781
2015-07-22T07:26:15.000000Z,90.831,90.79
2015-07-22T07:26:20.000000Z,90.834,90.791
2015-07-22T07:26:25.000000Z,90.833,90.79
2015-07-22T07:26:30.000000Z,90.837,90.793
2015-07-22T07:26:35.000000Z,90.839,90.799
2015-07-22T07:26:40.000000Z,90.842,90.8
2015-07-22T07:26:45.000000Z,90.85,90.809
2015-07-22T07:26:50.000000Z,90.865,90.822
2015-07-22T07:26:55.000000Z,90.862,90.818
2015-07-22T07:27:00.000000Z,90.868,90.828
2015-07-22T07:27:05.000000Z,90.87,90.83
2015-07-22T07:27:10.000000Z,90.869,90.828
2015-07-22T07:27:15.000000Z,90.875,90.837
2015-07-22T07:27:20.000000Z,90.869,90.829
2015-07-22T07:27:25.000000Z,90.874,90.832
2015-07-22T07:27:30.000000Z,90.87,90.828
2015-07-22T07:27:50.000000Z,90.865,90.825
2015-07-22T07:27:55.000000Z,90.869,90.828
2015-07-22T07:28:00.000000Z,90.864,90.826
2015-07-22T07:28:05.000000Z,90.866,90.824
2015-07-22T07:28:10.000000Z,90.864,90.824
2015-07-22T07:28:15.000000Z,90.868,90.827
2015-07-22T07:28:20.000000Z,90.865,90.827
2015-07-22T07:28:25.000000Z,90.857,90.818
2015-07-22T07:28:30.000000Z,90.868,90.824
2015-07-22T07:28:35.000000Z,90.868,90.828
2015-07-22T07:28:40.000000Z,90.867,90.823
2015-07-22T07:28:45.000000Z,90.864,90.824
2015-07-22T07:28:50.000000Z,90.872,90.83
2015-07-22T07:28:55.000000Z,90.864,90.824
2015-07-22T07:29:00.000000Z,90.857,90.818
2015-07-22T07:29:05.000000Z,90.866,90.828
2015-07-22T07:29:10.000000Z,90.865,90.825
2015-07-22T07:29:15.000000Z,90.867,90.829
2015-07-22T07:29:20.000000Z,90.869,90.832
2015-07-22T07:29:25.000000Z,90.866,90.83
2015-07-22T07:29:30.000000Z,90.87,90.834
2015-07-22T07:29:35.000000Z,90.866,90.826
2015-07-22T07:29:40.000000Z,90.864,90.824
2015-07-22T07:29:45.000000Z,90.865,90.828
2015-07-22T07:29:50.000000Z,90.866,90.828
2015-07-22T07:30:00.000000Z,90.865,90.828
2015-07-22T07:30:05.000000Z,90.865,90.827
2015-07-22T07:30:10.000000Z,90.855,90.818
2015-07-22T07:30:15.000000Z,90.854,90.817
2015-07-22T07:30:20.000000Z,90.848,90.81
2015-07-22T07:30:25.000000Z,90.852,90.815
2015-07-22T07:30:30.000000Z,90.858,90.821
2015-07-22T07:30:35.000000Z,90.856,90.818
2015-07-22T07:30:40.000000Z,90.856,90.817
2015-07-22T07:30:45.000000Z,90.859,90.822
2015-07-22T07:30:50.000000Z,90.859,90.823
2015-07-22T07:31:00.000000Z,90.848,90.809
2015-07-22T07:31:05.000000Z,90.837,90.801
2015-07-22T07:31:10.000000Z,90.838,90.8
2015-07-22T07:31:15.000000Z,90.837,90.802
2015-07-22T07:31:20.000000Z,90.841,90.804
2015-07-22T07:31:25.000000Z,90.841,90.803
2015-07-22T07:31:30.000000Z,90.84,90.802
2015-07-22T07:31:35.000000Z,90.839,90.799
2015-07-22T07:31:40.000000Z,90.839,90.801
2015-07-22T07:31:45.000000Z,90.841,90.803
2015-07-22T07:31:50.000000Z,90.841,90.802
2015-07-22T07:31:55.000000Z,90.836,90.796
2015-07-22T07:32:00.000000Z,90.839,90.8
2015-07-22T07:32:05.000000Z,90.841,90.801
2015-07-22T07:32:10.000000Z,90.842,90.803
2015-07-22T07:32:15.000000Z,90.84,90.8
2015-07-22T07:32:20.000000Z,90.838,90.799
2015-07-22T07:32:25.000000Z,90.838,90.795
2015-07-22T07:32:30.000000Z,90.838,90.796
2015-07-22T07:32:35.000000Z,90.841,90.8
2015-07-22T07:32:40.000000Z,90.839,90.798
2015-07-22T07:32:45.000000Z,90.836,90.797
2015-07-22T07:32:50.000000Z,90.839,90.801
2015-07-22T07:32:55.000000Z,90.84,90.801
2015-07-22T07:33:00.000000Z,90.841,90.805
2015-07-22T07:33:10.000000Z,90.844,90.806
2015-07-22T07:33:15.000000Z,90.846,90.806
2015-07-22T07:33:25.000000Z,90.844,90.803
2015-07-22T07:33:30.000000Z,90.843,90.804
2015-07-22T07:33:35.000000Z,90.844,90.804
2015-07-22T07:33:40.000000Z,90.845,90.804
2015-07-22T07:33:45.000000Z,90.844,90.803
2015-07-22T07:33:50.000000Z,90.841,90.802
2015-07-22T07:33:55.000000Z,90.841,90.802
2015-07-22T07:34:00.000000Z,90.843,90.801
2015-07-22T07:34:05.000000Z,90.847,90.805
2015-07-22T07:34:10.000000Z,90.845,90.803
2015-07-22T07:34:15.000000Z,90.849,90.807
2015-07-22T07:34:20.000000Z,90.85,90.81
2015-07-22T07:34:25.000000Z,90.847,90.807
2015-07-22T07:34:30.000000Z,90.847,90.808
2015-07-22T07:34:35.000000Z,90.848,90.808
2015-07-22T07:34:40.000000Z,90.844,90.806
2015-07-22T07:34:45.000000Z,90.845,90.806
2015-07-22T07:34:50.000000Z,90.847,90.808
2015-07-22T07:34:55.000000Z,90.848,90.806
2015-07-22T07:35:00.000000Z,90.848,90.806
2015-07-22T07:35:05.000000Z,90.845,90.804
2015-07-22T07:35:10.000000Z,90.847,90.807
2015-07-22T07:35:15.000000Z,90.848,90.806
2015-07-22T07:35:20.000000Z,90.846,90.805
2015-07-22T07:35:25.000000Z,90.852,90.81
2015-07-22T07:35:30.000000Z,90.85,90.809
2015-07-22T07:35:35.000000Z,90.85,90.809
2015-07-22T07:35:40.000000Z,90.855,90.816
2015-07-22T07:35:45.000000Z,90.859,90.819
2015-07-22T07:35:50.000000Z,90.856,90.819
2015-07-22T07:35:55.000000Z,90.856,90.815
2015-07-22T07:36:00.000000Z,90.847,90.803
2015-07-22T07:36:05.000000Z,90.851,90.807
2015-07-22T07:36:10.000000Z,90.856,90.813
2015-07-22T07:36:15.000000Z,90.856,90.811
2015-07-22T07:36:20.000000Z,90.855,90.813
2015-07-22T07:36:25.000000Z,90.851,90.811
2015-07-22T07:36:30.000000Z,90.854,90.813
2015-07-22T07:36:35.000000Z,90.853,90.812
2015-07-22T07:36:40.000000Z,90.856,90.815
2015-07-22T07:36:45.000000Z,90.851,90.812
2015-07-22T07:36:50.000000Z,90.853,90.813
2015-07-22T07:36:55.000000Z,90.86,90.82
2015-07-22T07:37:00.000000Z,90.856,90.818
2015-07-22T07:37:05.000000Z,90.857,90.818
2015-07-22T07:37:10.000000Z,90.858,90.818
2015-07-22T07:37:15.000000Z,90.854,90.817
2015-07-22T07:37:20.000000Z,90.857,90.819
2015-07-22T07:37:25.000000Z,90.855,90.819
2015-07-22T07:37:30.000000Z,90.862,90.823
2015-07-22T07:37:35.000000Z,90.863,90.823
2015-07-22T07:37:40.000000Z,90.861,90.821
2015-07-22T07:37:45.000000Z,90.857,90.819
2015-07-22T07:37:50.000000Z,90.857,90.82
2015-07-22T07:37:55.000000Z,90.857,90.82
2015-07-22T07:38:00.000000Z,90.856,90.821
2015-07-22T07:38:05.000000Z,90.856,90.819
2015-07-22T07:38:10.000000Z,90.865,90.823
2015-07-22T07:38:15.000000Z,90.863,90.823
2015-07-22T07:38:20.000000Z,90.864,90.826
2015-07-22T07:38:25.000000Z,90.861,90.821
2015-07-22T07:38:30.000000Z,90.86,90.821
2015-07-22T07:38:35.000000Z,90.861,90.821
2015-07-22T07:38:40.000000Z,90.859,90.822
2015-07-22T07:38:45.000000Z,90.858,90.819
2015-07-22T07:38:50.000000Z,90.862,90.82
2015-07-22T07:38:55.000000Z,90.863,90.822
2015-07-22T07:39:00.000000Z,90.86,90.818
2015-07-22T07:39:05.000000Z,90.856,90.814
2015-07-22T07:39:10.000000Z,90.854,90.814
2015-07-22T07:39:15.000000Z,90.853,90.819
2015-07-22T07:39:20.000000Z,90.845,90.812
2015-07-22T07:39:25.000000Z,90.849,90.813
2015-07-22T07:39:30.000000Z,90.849,90.813
2015-07-22T07:39:35.000000Z,90.853,90.813
2015-07-22T07:39:40.000000Z,90.854,90.815
2015-07-22T07:39:45.000000Z,90.849,90.811
2015-07-22T07:40:00.000000Z,90.848,90.808
2015-07-22T07:40:05.000000Z,90.847,90.807
2015-07-22T07:40:10.000000Z,90.846,90.807
2015-07-22T07:40:15.000000Z,90.849,90.812
2015-07-22T07:40:20.000000Z,90.851,90.811
2015-07-22T07:40:25.000000Z,90.845,90.807
2015-07-22T07:40:30.000000Z,90.85,90.812
2015-07-22T07:40:35.000000Z,90.845,90.807
2015-07-22T07:40:40.000000Z,90.842,90.804
2015-07-22T07:40:45.000000Z,90.844,90.806
2015-07-22T07:40:55.000000Z,90.842,90.805
2015-07-22T07:41:00.000000Z,90.84,90.802
2015-07-22T07:41:05.000000Z,90.839,90.803
2015-07-22T07:41:10.000000Z,90.841,90.801
2015-07-22T07:41:15.000000Z,90.84,90.8
2015-07-22T07:41:20.000000Z,90.838,90.799
2015-07-22T07:41:25.000000Z,90.832,90.796
2015-07-22T07:41:30.000000Z,90.831,90.797
2015-07-22T07:41:35.000000Z,90.837,90.802
2015-07-22T07:41:40.000000Z,90.84,90.799
2015-07-22T07:41:45.000000Z,90.844,90.804
2015-07-22T07:41:50.000000Z,90.841,90.801
2015-07-22T07:41:55.000000Z,90.841,90.803
2015-07-22T07:42:00.000000Z,90.84,90.804
2015-07-22T07:42:05.000000Z,90.841,90.805
2015-07-22T07:42:10.000000Z,90.837,90.801
2015-07-22T07:42:15.000000Z,90.834,90.796
2015-07-22T07:42:25.000000Z,90.835,90.796
2015-07-22T07:42:30.000000Z,90.834,90.797
2015-07-22T07:42:35.000000Z,90.84,90.799
2015-07-22T07:42:40.000000Z,90.838,90.799
2015-07-22T07:42:45.000000Z,90.838,90.798
2015-07-22T07:42:50.000000Z,90.835,90.797
2015-07-22T07:42:55.000000Z,90.832,90.795
2015-07-22T07:43:00.000000Z,90.838,90.799
2015-07-22T07:43:05.000000Z,90.838,90.798
2015-07-22T07:43:10.000000Z,90.838,90.799
2015-07-22T07:43:20.000000Z,90.838,90.799
2015-07-22T07:43:25.000000Z,90.829,90.792
2015-07-22T07:43:30.000000Z,90.828,90.793
2015-07-22T07:43:35.000000Z,90.831,90.796
2015-07-22T07:43:40.000000Z,90.83,90.792
2015-07-22T07:43:45.000000Z,90.832,90.794
2015-07-22T07:43:50.000000Z,90.834,90.796
2015-07-22T07:43:55.000000Z,90.837,90.797
2015-07-22T07:44:05.000000Z,90.835,90.798
2015-07-22T07:44:10.000000Z,90.831,90.793
2015-07-22T07:44:15.000000Z,90.83,90.795
2015-07-22T07:44:20.000000Z,90.83,90.794
2015-07-22T07:44:25.000000Z,90.838,90.797
2015-07-22T07:44:30.000000Z,90.833,90.795
2015-07-22T07:44:35.000000Z,90.833,90.795
2015-07-22T07:44:40.000000Z,90.835,90.797
2015-07-22T07:44:45.000000Z,90.832,90.794
2015-07-22T07:44:50.000000Z,90.832,90.796
2015-07-22T07:44:55.000000Z,90.836,90.797
2015-07-22T07:45:00.000000Z,90.841,90.8
2015-07-22T07:45:05.000000Z,90.837,90.799
2015-07-22T07:45:10.000000Z,90.836,90.799
2015-07-22T07:45:25.000000Z,90.832,90.797
2015-07-22T07:45:30.000000Z,90.835,90.798
2015-07-22T07:45:35.000000Z,90.835,90.797
2015-07-22T07:45:45.000000Z,90.837,90.799
2015-07-22T07:45:50.000000Z,90.836,90.799
2015-07-22T07:45:55.000000Z,90.838,90.798
2015-07-22T07:46:00.000000Z,90.835,90.799
2015-07-22T07:46:05.000000Z,90.836,90.801
2015-07-22T07:46:10.000000Z,90.841,90.804
2015-07-22T07:46:15.000000Z,90.839,90.804
2015-07-22T07:46:20.000000Z,90.839,90.803
2015-07-22T07:46:25.000000Z,90.83,90.794
2015-07-22T07:46:30.000000Z,90.831,90.795
2015-07-22T07:46:35.000000Z,90.844,90.806
2015-07-22T07:46:40.000000Z,90.845,90.805
2015-07-22T07:46:45.000000Z,90.846,90.807
2015-07-22T07:46:50.000000Z,90.849,90.809
2015-07-22T07:46:55.000000Z,90.848,90.809
2015-07-22T07:47:00.000000Z,90.844,90.806
2015-07-22T07:47:05.000000Z,90.845,90.807
2015-07-22T07:47:10.000000Z,90.84,90.802
2015-07-22T07:47:15.000000Z,90.842,90.804
2015-07-22T07:47:20.000000Z,90.845,90.811
2015-07-22T07:47:25.000000Z,90.847,90.812
2015-07-22T07:47:30.000000Z,90.847,90.812
2015-07-22T07:47:35.000000Z,90.847,90.815
2015-07-22T07:47:40.000000Z,90.848,90.812
2015-07-22T07:47:45.000000Z,90.849,90.814
2015-07-22T07:47:50.000000Z,90.853,90.817
2015-07-22T07:47:55.000000Z,90.85,90.816
2015-07-22T07:48:00.000000Z,90.851,90.815
2015-07-22T07:48:10.000000Z,90.848,90.81
2015-07-22T07:48:15.000000Z,90.851,90.811
2015-07-22T07:48:20.000000Z,90.847,90.808
2015-07-22T07:48:25.000000Z,90.847,90.805
2015-07-22T07:48:30.000000Z,90.85,90.809
2015-07-22T07:48:35.000000Z,90.851,90.812
2015-07-22T07:48:40.000000Z,90.852,90.813
2015-07-22T07:48:55.000000Z,90.85,90.813
2015-07-22T07:49:00.000000Z,90.849,90.812
2015-07-22T07:49:05.000000Z,90.847,90.809
2015-07-22T07:49:10.000000Z,90.846,90.808
2015-07-22T07:49:15.000000Z,90.845,90.808
2015-07-22T07:49:20.000000Z,90.844,90.805
2015-07-22T07:49:25.000000Z,90.84,90.805
2015-07-22T07:49:30.000000Z,90.841,90.803
2015-07-22T07:49:35.000000Z,90.841,90.806
2015-07-22T07:49:40.000000Z,90.844,90.807
2015-07-22T07:49:45.000000Z,90.842,90.807
2015-07-22T07:49:50.000000Z,90.842,90.808
2015-07-22T07:49:55.000000Z,90.841,90.808
2015-07-22T07:50:00.000000Z,90.841,90.806
2015-07-22T07:50:10.000000Z,90.84,90.806
2015-07-22T07:50:15.000000Z,90.842,90.809
2015-07-22T07:50:20.000000Z,90.841,90.808
2015-07-22T07:50:25.000000Z,90.843,90.811
2015-07-22T07:50:30.000000Z,90.842,90.811
2015-07-22T07:50:35.000000Z,90.843,90.811
2015-07-22T07:50:40.000000Z,90.843,90.811
2015-07-22T07:50:45.000000Z,90.845,90.812
2015-07-22T07:50:50.000000Z,90.844,90.812
2015-07-22T07:50:55.000000Z,90.845,90.814
2015-07-22T07:51:00.000000Z,90.844,90.813
2015-07-22T07:51:05.000000Z,90.844,90.812
2015-07-22T07:51:10.000000Z,90.844,90.812
2015-07-22T07:51:15.000000Z,90.843,90.812
2015-07-22T07:51:30.000000Z,90.843,90.805
2015-07-22T07:51:35.000000Z,90.842,90.806
2015-07-22T07:51:40.000000Z,90.843,90.807
2015-07-22T07:51:45.000000Z,90.848,90.811
2015-07-22T07:51:50.000000Z,90.841,90.803
2015-07-22T07:51:55.000000Z,90.839,90.801
2015-07-22T07:52:00.000000Z,90.842,90.803
2015-07-22T07:52:05.000000Z,90.841,90.801
2015-07-22T07:52:10.000000Z,90.842,90.802
2015-07-22T07:52:15.000000Z,90.841,90.803
2015-07-22T07:52:20.000000Z,90.844,90.808
2015-07-22T07:52:25.000000Z,90.843,90.806
2015-07-22T07:52:30.000000Z,90.843,90.806
2015-07-22T07:52:35.000000Z,90.845,90.809
2015-07-22T07:52:40.000000Z,90.848,90.81
2015-07-22T07:52:45.000000Z,90.851,90.809
2015-07-22T07:52:50.000000Z,90.844,90.806
2015-07-22T07:52:55.000000Z,90.842,90.805
2015-07-22T07:53:00.000000Z,90.844,90.808
2015-07-22T07:53:05.000000Z,90.846,90.811
2015-07-22T07:53:10.000000Z,90.845,90.811
2015-07-22T07:53:15.000000Z,90.846,90.809
2015-07-22T07:53:25.000000Z,90.846,90.81
2015-07-22T07:53:30.000000Z,90.846,90.812
2015-07-22T07:53:35.000000Z,90.851,90.813
2015-07-22T07:53:40.000000Z,90.85,90.812
2015-07-22T07:53:45.000000Z,90.851,90.814
2015-07-22T07:53:50.000000Z,90.858,90.818
2015-07-22T07:53:55.000000Z,90.857,90.82
2015-07-22T07:54:00.000000Z,90.857,90.82
2015-07-22T07:54:05.000000Z,90.853,90.817
2015-07-22T07:54:10.000000Z,90.856,90.82
2015-07-22T07:54:15.000000Z,90.861,90.823
2015-07-22T07:54:30.000000Z,90.856,90.817
2015-07-22T07:54:35.000000Z,90.851,90.816
2015-07-22T07:54:40.000000Z,90.848,90.812
2015-07-22T07:54:50.000000Z,90.849,90.813
2015-07-22T07:54:55.000000Z,90.848,90.814
2015-07-22T07:55:00.000000Z,90.853,90.819
2015-07-22T07:55:05.000000Z,90.853,90.816
2015-07-22T07:55:10.000000Z,90.857,90.819
2015-07-22T07:55:15.000000Z,90.859,90.821
2015-07-22T07:55:20.000000Z,90.86,90.82
2015-07-22T07:55:30.000000Z,90.859,90.82
2015-07-22T07:55:35.000000Z,90.857,90.819
2015-07-22T07:55:40.000000Z,90.857,90.818
2015-07-22T07:55:45.000000Z,90.858,90.819
2015-07-22T07:55:55.000000Z,90.853,90.817
2015-07-22T07:56:00.000000Z,90.852,90.816
2015-07-22T07:56:05.000000Z,90.849,90.81
2015-07-22T07:56:10.000000Z,90.844,90.807
2015-07-22T07:56:15.000000Z,90.849,90.811
2015-07-22T07:56:20.000000Z,90.852,90.813
2015-07-22T07:56:40.000000Z,90.858,90.819
2015-07-22T07:56:50.000000Z,90.858,90.819
2015-07-22T07:56:55.000000Z,90.856,90.815
2015-07-22T07:57:00.000000Z,90.859,90.819
2015-07-22T07:57:05.000000Z,90.859,90.821
2015-07-22T07:57:15.000000Z,90.861,90.825
2015-07-22T07:57:25.000000Z,90.859,90.825
2015-07-22T07:57:30.000000Z,90.86,90.825
2015-07-22T07:57:35.000000Z,90.859,90.825
2015-07-22T07:57:40.000000Z,90.858,90.823
2015-07-22T07:57:45.000000Z,90.858,90.824
2015-07-22T07:58:00.000000Z,90.858,90.824
2015-07-22T07:58:05.000000Z,90.85,90.816
2015-07-22T07:58:10.000000Z,90.85,90.816
2015-07-22T07:58:15.000000Z,90.851,90.817
2015-07-22T07:58:20.000000Z,90.85,90.817
2015-07-22T07:58:25.000000Z,90.86,90.824
2015-07-22T07:58:30.000000Z,90.859,90.824
2015-07-22T07:58:45.000000Z,90.86,90.826
2015-07-22T07:58:55.000000Z,90.858,90.825
2015-07-22T07:59:05.000000Z,90.859,90.824
2015-07-22T07:59:20.000000Z,90.859,90.824
2015-07-22T07:59:25.000000Z,90.858,90.825
2015-07-22T07:59:30.000000Z,90.859,90.824
2015-07-22T07:59:35.000000Z,90.859,90.825
2015-07-22T07:59:45.000000Z,90.857,90.824
2015-07-22T07:59:50.000000Z,90.861,90.821
2015-07-22T07:59:55.000000Z,90.859,90.821
2015-07-22T08:00:00.000000Z,90.86,90.824
2015-07-22T08:00:05.000000Z,90.858,90.823
2015-07-22T08:00:10.000000Z,90.857,90.823
2015-07-22T08:00:15.000000Z,90.858,90.822
2015-07-22T08:00:20.000000Z,90.853,90.819
2015-07-22T08:00:25.000000Z,90.853,90.814
2015-07-22T08:00:30.000000Z,90.848,90.817
2015-07-22T08:00:35.000000Z,90.842,90.805
2015-07-22T08:00:40.000000Z,90.828,90.79
2015-07-22T08:00:45.000000Z,90.844,90.8
2015-07-22T08:00:50.000000Z,90.838,90.804
2015-07-22T08:00:55.000000Z,90.838,90.802
2015-07-22T08:01:00.000000Z,90.849,90.805
2015-07-22T08:01:05.000000Z,90.851,90.808
2015-07-22T08:01:10.000000Z,90.847,90.811
2015-07-22T08:01:15.000000Z,90.846,90.81
2015-07-22T08:01:20.000000Z,90.845,90.805
2015-07-22T08:01:25.000000Z,90.851,90.803
2015-07-22T08:01:30.000000Z,90.844,90.805
2015-07-22T08:01:35.000000Z,90.847,90.807
2015-07-22T08:01:40.000000Z,90.85,90.812
2015-07-22T08:01:45.000000Z,90.849,90.809
2015-07-22T08:01:50.000000Z,90.852,90.813
2015-07-22T08:01:55.000000Z,90.851,90.813
2015-07-22T08:02:00.000000Z,90.851,90.813
2015-07-22T08:02:10.000000Z,90.851,90.814
2015-07-22T08:02:20.000000Z,90.852,90.814
2015-07-22T08:02:25.000000Z,90.851,90.814
2015-07-22T08:02:30.000000Z,90.853,90.814
2015-07-22T08:02:35.000000Z,90.853,90.813
2015-07-22T08:02:45.000000Z,90.852,90.814
2015-07-22T08:02:50.000000Z,90.852,90.817
2015-07-22T08:02:55.000000Z,90.852,90.814
2015-07-22T08:03:00.000000Z,90.84,90.799
2015-07-22T08:03:05.000000Z,90.838,90.799
2015-07-22T08:03:10.000000Z,90.844,90.8
2015-07-22T08:03:15.000000Z,90.842,90.805
2015-07-22T08:03:20.000000Z,90.838,90.805
2015-07-22T08:03:30.000000Z,90.836,90.802
2015-07-22T08:03:35.000000Z,90.842,90.808
2015-07-22T08:03:50.000000Z,90.843,90.808
2015-07-22T08:03:55.000000Z,90.842,90.807
2015-07-22T08:04:00.000000Z,90.844,90.81
2015-07-22T08:04:10.000000Z,90.847,90.813
2015-07-22T08:04:15.000000Z,90.849,90.814
2015-07-22T08:04:20.000000Z,90.848,90.814
2015-07-22T08:04:25.000000Z,90.855,90.822
2015-07-22T08:04:30.000000Z,90.853,90.822
2015-07-22T08:04:35.000000Z,90.851,90.819
2015-07-22T08:04:40.000000Z,90.857,90.813
2015-07-22T08:04:45.000000Z,90.846,90.804
2015-07-22T08:04:50.000000Z,90.848,90.81
2015-07-22T08:04:55.000000Z,90.847,90.808
2015-07-22T08:05:00.000000Z,90.848,90.808
2015-07-22T08:05:05.000000Z,90.847,90.809
2015-07-22T08:05:10.000000Z,90.846,90.809
2015-07-22T08:05:15.000000Z,90.848,90.817
2015-07-22T08:05:20.000000Z,90.857,90.809
2015-07-22T08:05:25.000000Z,90.855,90.811
2015-07-22T08:05:30.000000Z,90.844,90.808
2015-07-22T08:05:35.000000Z,90.844,90.808
2015-07-22T08:05:45.000000Z,90.841,90.809
2015-07-22T08:05:50.000000Z,90.842,90.803
2015-07-22T08:05:55.000000Z,90.849,90.807
2015-07-22T08:06:00.000000Z,90.859,90.819
2015-07-22T08:06:05.000000Z,90.861,90.819
2015-07-22T08:06:10.000000Z,90.855,90.813
2015-07-22T08:06:15.000000Z,90.86,90.818
2015-07-22T08:06:20.000000Z,90.847,90.805
2015-07-22T08:06:25.000000Z,90.847,90.807
2015-07-22T08:06:30.000000Z,90.839,90.8
2015-07-22T08:06:35.000000Z,90.839,90.802
2015-07-22T08:06:40.000000Z,90.84,90.803
2015-07-22T08:06:45.000000Z,90.841,90.804
2015-07-22T08:06:55.000000Z,90.843,90.804
2015-07-22T08:07:00.000000Z,90.838,90.796
2015-07-22T08:07:05.000000Z,90.844,90.804
2015-07-22T08:07:10.000000Z,90.837,90.8
2015-07-22T08:07:15.000000Z,90.839,90.805
2015-07-22T08:07:20.000000Z,90.841,90.801
2015-07-22T08:07:25.000000Z,90.839,90.801
2015-07-22T08:07:30.000000Z,90.835,90.799
2015-07-22T08:07:35.000000Z,90.836,90.801
2015-07-22T08:07:40.000000Z,90.833,90.8
2015-07-22T08:07:45.000000Z,90.836,90.798
2015-07-22T08:07:50.000000Z,90.839,90.799
2015-07-22T08:07:55.000000Z,90.838,90.8
2015-07-22T08:08:00.000000Z,90.838,90.802
2015-07-22T08:08:05.000000Z,90.842,90.802
2015-07-22T08:08:10.000000Z,90.842,90.802
2015-07-22T08:08:15.000000Z,90.841,90.803
2015-07-22T08:08:20.000000Z,90.838,90.799
2015-07-22T08:08:25.000000Z,90.833,90.797
2015-07-22T08:08:30.000000Z,90.832,90.794
2015-07-22T08:08:35.000000Z,90.827,90.79
2015-07-22T08:08:40.000000Z,90.83,90.792
2015-07-22T08:08:45.000000Z,90.829,90.793
2015-07-22T08:08:50.000000Z,90.834,90.796
2015-07-22T08:08:55.000000Z,90.833,90.795
2015-07-22T08:09:00.000000Z,90.841,90.805
2015-07-22T08:09:05.000000Z,90.842,90.805
2015-07-22T08:09:10.000000Z,90.844,90.806
2015-07-22T08:09:15.000000Z,90.843,90.803
2015-07-22T08:09:20.000000Z,90.84,90.804
2015-07-22T08:09:25.000000Z,90.84,90.803
2015-07-22T08:09:35.000000Z,90.841,90.804
2015-07-22T08:09:40.000000Z,90.838,90.798
2015-07-22T08:09:45.000000Z,90.829,90.792
2015-07-22T08:09:50.000000Z,90.83,90.793
2015-07-22T08:09:55.000000Z,90.832,90.795
2015-07-22T08:10:05.000000Z,90.832,90.797
2015-07-22T08:10:10.000000Z,90.832,90.797
2015-07-22T08:10:15.000000Z,90.828,90.793
2015-07-22T08:10:20.000000Z,90.835,90.795
2015-07-22T08:10:25.000000Z,90.834,90.797
2015-07-22T08:10:35.000000Z,90.838,90.797
2015-07-22T08:10:40.000000Z,90.832,90.796
2015-07-22T08:10:45.000000Z,90.832,90.795
2015-07-22T08:10:50.000000Z,90.83,90.796
2015-07-22T08:10:55.000000Z,90.83,90.796
2015-07-22T08:11:00.000000Z,90.83,90.796
2015-07-22T08:11:05.000000Z,90.83,90.795
2015-07-22T08:11:10.000000Z,90.83,90.795
2015-07-22T08:11:15.000000Z,90.83,90.793
2015-07-22T08:11:20.000000Z,90.831,90.794
2015-07-22T08:11:30.000000Z,90.83,90.794
2015-07-22T08:11:35.000000Z,90.831,90.794
2015-07-22T08:11:40.000000Z,90.827,90.793
2015-07-22T08:11:45.000000Z,90.825,90.79
2015-07-22T08:11:55.000000Z,90.825,90.789
2015-07-22T08:12:00.000000Z,90.824,90.789
2015-07-22T08:12:05.000000Z,90.825,90.789
2015-07-22T08:12:10.000000Z,90.831,90.794
2015-07-22T08:12:15.000000Z,90.827,90.788
2015-07-22T08:12:20.000000Z,90.827,90.789
2015-07-22T08:12:25.000000Z,90.828,90.789
2015-07-22T08:12:30.000000Z,90.828,90.788
2015-07-22T08:12:35.000000Z,90.824,90.787
2015-07-22T08:12:45.000000Z,90.824,90.787
2015-07-22T08:12:50.000000Z,90.826,90.788
2015-07-22T08:12:55.000000Z,90.826,90.788
2015-07-22T08:13:00.000000Z,90.823,90.786
2015-07-22T08:13:15.000000Z,90.821,90.786
2015-07-22T08:13:25.000000Z,90.824,90.784
2015-07-22T08:13:35.000000Z,90.824,90.791
2015-07-22T08:13:50.000000Z,90.822,90.788
2015-07-22T08:14:00.000000Z,90.822,90.787
2015-07-22T08:14:05.000000Z,90.825,90.79
2015-07-22T08:14:10.000000Z,90.815,90.779
2015-07-22T08:14:15.000000Z,90.818,90.778
2015-07-22T08:14:20.000000Z,90.815,90.777
2015-07-22T08:14:25.000000Z,90.817,90.782
2015-07-22T08:14:30.000000Z,90.82,90.783
2015-07-22T08:14:35.000000Z,90.82,90.782
2015-07-22T08:14:40.000000Z,90.818,90.781
2015-07-22T08:14:45.000000Z,90.816,90.779
2015-07-22T08:14:50.000000Z,90.815,90.779
2015-07-22T08:14:55.000000Z,90.815,90.78
2015-07-22T08:15:00.000000Z,90.813,90.778
2015-07-22T08:15:05.000000Z,90.815,90.778
2015-07-22T08:15:10.000000Z,90.816,90.781
2015-07-22T08:15:15.000000Z,90.816,90.78
2015-07-22T08:15:20.000000Z,90.816,90.78
2015-07-22T08:15:25.000000Z,90.814,90.779
2015-07-22T08:15:30.000000Z,90.811,90.775
2015-07-22T08:15:35.000000Z,90.811,90.777
2015-07-22T08:15:40.000000Z,90.811,90.778
2015-07-22T08:15:45.000000Z,90.814,90.775
2015-07-22T08:15:50.000000Z,90.812,90.773
2015-07-22T08:15:55.000000Z,90.812,90.772
2015-07-22T08:16:00.000000Z,90.812,90.774
2015-07-22T08:16:10.000000Z,90.807,90.769
2015-07-22T08:16:25.000000Z,90.807,90.769
2015-07-22T08:16:30.000000Z,90.807,90.769
2015-07-22T08:16:35.000000Z,90.801,90.761
2015-07-22T08:16:40.000000Z,90.8,90.757
2015-07-22T08:16:45.000000Z,90.797,90.752
2015-07-22T08:16:50.000000Z,90.796,90.754
2015-07-22T08:16:55.000000Z,90.8,90.757
2015-07-22T08:17:00.000000Z,90.801,90.759
2015-07-22T08:17:05.000000Z,90.802,90.756
2015-07-22T08:17:10.000000Z,90.805,90.762
2015-07-22T08:17:15.000000Z,90.805,90.765
2015-07-22T08:17:20.000000Z,90.813,90.77
2015-07-22T08:17:25.000000Z,90.816,90.772
2015-07-22T08:17:30.000000Z,90.813,90.771
2015-07-22T08:17:35.000000Z,90.816,90.773
2015-07-22T08:17:40.000000Z,90.815,90.774
2015-07-22T08:17:45.000000Z,90.817,90.774
2015-07-22T08:17:50.000000Z,90.816,90.773
2015-07-22T08:17:55.000000Z,90.816,90.774
2015-07-22T08:18:00.000000Z,90.811,90.771
2015-07-22T08:18:05.000000Z,90.817,90.777
2015-07-22T08:18:10.000000Z,90.817,90.777
2015-07-22T08:18:15.000000Z,90.819,90.78
2015-07-22T08:18:20.000000Z,90.816,90.772
2015-07-22T08:18:25.000000Z,90.817,90.775
2015-07-22T08:18:30.000000Z,90.811,90.766
2015-07-22T08:18:35.000000Z,90.794,90.758
2015-07-22T08:18:40.000000Z,90.812,90.769
2015-07-22T08:18:45.000000Z,90.806,90.768
2015-07-22T08:18:50.000000Z,90.808,90.771
2015-07-22T08:18:55.000000Z,90.818,90.776
2015-07-22T08:19:00.000000Z,90.814,90.774
2015-07-22T08:19:05.000000Z,90.815,90.775
2015-07-22T08:19:10.000000Z,90.812,90.77
2015-07-22T08:19:15.000000Z,90.816,90.776
2015-07-22T08:19:20.000000Z,90.815,90.779
2015-07-22T08:19:25.000000Z,90.817,90.781
2015-07-22T08:19:30.000000Z,90.816,90.778
2015-07-22T08:19:35.000000Z,90.813,90.778
2015-07-22T08:19:40.000000Z,90.824,90.784
2015-07-22T08:19:50.000000Z,90.825,90.787
2015-07-22T08:19:55.000000Z,90.822,90.779
2015-07-22T08:20:00.000000Z,90.82,90.778
2015-07-22T08:20:05.000000Z,90.82,90.778
2015-07-22T08:20:15.000000Z,90.816,90.777
2015-07-22T08:20:25.000000Z,90.813,90.776
2015-07-22T08:20:30.000000Z,90.814,90.777
2015-07-22T08:20:35.000000Z,90.812,90.772
2015-07-22T08:20:40.000000Z,90.812,90.775
2015-07-22T08:20:45.000000Z,90.809,90.768
2015-07-22T08:20:50.000000Z,90.809,90.768
2015-07-22T08:20:55.000000Z,90.81,90.771
2015-07-22T08:21:00.000000Z,90.812,90.772
2015-07-22T08:21:05.000000Z,90.812,90.775
2015-07-22T08:21:10.000000Z,90.812,90.776
2015-07-22T08:21:15.000000Z,90.812,90.776
2015-07-22T08:21:20.000000Z,90.813,90.776
2015-07-22T08:21:25.000000Z,90.813,90.775
2015-07-22T08:21:35.000000Z,90.81,90.771
2015-07-22T08:21:40.000000Z,90.809,90.771
2015-07-22T08:21:55.000000Z,90.812,90.769
2015-07-22T08:22:00.000000Z,90.812,90.768
2015-07-22T08:22:10.000000Z,90.813,90.77
2015-07-22T08:22:20.000000Z,90.818,90.778
2015-07-22T08:22:25.000000Z,90.817,90.778
2015-07-22T08:22:40.000000Z,90.812,90.772
2015-07-22T08:22:45.000000Z,90.814,90.775
2015-07-22T08:22:50.000000Z,90.815,90.774
2015-07-22T08:22:55.000000Z,90.814,90.774
2015-07-22T08:23:00.000000Z,90.814,90.775
2015-07-22T08:23:05.000000Z,90.815,90.776
2015-07-22T08:23:10.000000Z,90.814,90.774
2015-07-22T08:23:15.000000Z,90.812,90.772
2015-07-22T08:23:20.000000Z,90.812,90.774
2015-07-22T08:23:25.000000Z,90.809,90.773
2015-07-22T08:23:30.000000Z,90.807,90.771
2015-07-22T08:23:35.000000Z,90.808,90.771
2015-07-22T08:23:40.000000Z,90.807,90.772
2015-07-22T08:23:45.000000Z,90.807,90.771
2015-07-22T08:23:50.000000Z,90.808,90.77
2015-07-22T08:24:00.000000Z,90.806,90.768
2015-07-22T08:24:05.000000Z,90.803,90.768
2015-07-22T08:24:10.000000Z,90.806,90.768
2015-07-22T08:24:15.000000Z,90.812,90.773
2015-07-22T08:24:20.000000Z,90.812,90.774
2015-07-22T08:24:25.000000Z,90.811,90.774
2015-07-22T08:24:30.000000Z,90.81,90.774
2015-07-22T08:24:35.000000Z,90.807,90.769
2015-07-22T08:24:40.000000Z,90.811,90.774
2015-07-22T08:24:50.000000Z,90.81,90.771
2015-07-22T08:24:55.000000Z,90.81,90.771
2015-07-22T08:25:00.000000Z,90.811,90.772
2015-07-22T08:25:05.000000Z,90.816,90.777
2015-07-22T08:25:10.000000Z,90.814,90.776
2015-07-22T08:25:15.000000Z,90.811,90.775
2015-07-22T08:25:20.000000Z,90.808,90.773
2015-07-22T08:25:25.000000Z,90.81,90.775
2015-07-22T08:25:30.000000Z,90.806,90.771
2015-07-22T08:25:35.000000Z,90.81,90.772
2015-07-22T08:25:40.000000Z,90.817,90.78
2015-07-22T08:25:45.000000Z,90.821,90.784
2015-07-22T08:25:50.000000Z,90.816,90.778
2015-07-22T08:25:55.000000Z,90.816,90.776
2015-07-22T08:26:00.000000Z,90.816,90.777
2015-07-22T08:26:15.000000Z,90.816,90.779
2015-07-22T08:26:20.000000Z,90.824,90.784
2015-07-22T08:26:25.000000Z,90.825,90.784
2015-07-22T08:26:30.000000Z,90.824,90.785
2015-07-22T08:26:35.000000Z,90.819,90.781
2015-07-22T08:26:40.000000Z,90.82,90.781
2015-07-22T08:26:45.000000Z,90.821,90.783
2015-07-22T08:26:50.000000Z,90.818,90.78
2015-07-22T08:26:55.000000Z,90.817,90.78
2015-07-22T08:27:00.000000Z,90.817,90.778
2015-07-22T08:27:05.000000Z,90.818,90.782
2015-07-22T08:27:10.000000Z,90.818,90.781
2015-07-22T08:27:15.000000Z,90.815,90.78
2015-07-22T08:27:20.000000Z,90.816,90.779
2015-07-22T08:27:30.000000Z,90.817,90.781
2015-07-22T08:27:35.000000Z,90.817,90.781
2015-07-22T08:27:40.000000Z,90.821,90.783
2015-07-22T08:27:45.000000Z,90.812,90.774
2015-07-22T08:27:50.000000Z,90.813,90.775
2015-07-22T08:27:55.000000Z,90.812,90.775
2015-07-22T08:28:00.000000Z,90.813,90.775
2015-07-22T08:28:05.000000Z,90.813,90.776
2015-07-22T08:28:10.000000Z,90.812,90.775
2015-07-22T08:28:15.000000Z,90.812,90.774
2015-07-22T08:28:20.000000Z,90.812,90.775
2015-07-22T08:28:25.000000Z,90.81,90.773
2015-07-22T08:28:30.000000Z,90.809,90.771
2015-07-22T08:28:35.000000Z,90.806,90.77
2015-07-22T08:28:40.000000Z,90.83,90.774
2015-07-22T08:28:45.000000Z,90.823,90.776
2015-07-22T08:28:50.000000Z,90.818,90.775
2015-07-22T08:28:55.000000Z,90.817,90.776
2015-07-22T08:29:00.000000Z,90.822,90.783
2015-07-22T08:29:05.000000Z,90.821,90.788
2015-07-22T08:29:10.000000Z,90.823,90.788
2015-07-22T08:29:15.000000Z,90.823,90.789
2015-07-22T08:29:20.000000Z,90.823,90.785
2015-07-22T08:29:25.000000Z,90.824,90.786
2015-07-22T08:29:30.000000Z,90.832,90.794
2015-07-22T08:29:55.000000Z,90.829,90.791
2015-07-22T08:30:00.000000Z,90.824,90.788
2015-07-22T08:30:05.000000Z,90.829,90.779
2015-07-22T08:30:10.000000Z,90.825,90.779
2015-07-22T08:30:15.000000Z,90.826,90.779
2015-07-22T08:30:20.000000Z,90.865,90.783
2015-07-22T08:30:25.000000Z,90.869,90.787
2015-07-22T08:30:30.000000Z,90.867,90.799
2015-07-22T08:30:35.000000Z,90.862,90.797
2015-07-22T08:30:40.000000Z,90.855,90.802
2015-07-22T08:30:45.000000Z,90.847,90.796
2015-07-22T08:30:50.000000Z,90.835,90.788
2015-07-22T08:30:55.000000Z,90.822,90.782
2015-07-22T08:31:00.000000Z,90.818,90.777
2015-07-22T08:31:10.000000Z,90.81,90.771
2015-07-22T08:31:15.000000Z,90.81,90.773
2015-07-22T08:31:20.000000Z,90.825,90.783
2015-07-22T08:31:25.000000Z,90.816,90.779
2015-07-22T08:31:30.000000Z,90.82,90.78
2015-07-22T08:31:35.000000Z,90.813,90.771
2015-07-22T08:31:40.000000Z,90.81,90.769
2015-07-22T08:31:45.000000Z,90.814,90.774
2015-07-22T08:31:50.000000Z,90.822,90.782
2015-07-22T08:31:55.000000Z,90.827,90.788
2015-07-22T08:32:00.000000Z,90.828,90.787
2015-07-22T08:32:10.000000Z,90.824,90.778
2015-07-22T08:32:15.000000Z,90.822,90.78
2015-07-22T08:32:20.000000Z,90.824,90.784
2015-07-22T08:32:25.000000Z,90.825,90.784
2015-07-22T08:32:30.000000Z,90.826,90.786
2015-07-22T08:32:35.000000Z,90.835,90.794
2015-07-22T08:32:40.000000Z,90.831,90.793
2015-07-22T08:32:50.000000Z,90.837,90.795
2015-07-22T08:32:55.000000Z,90.837,90.794
2015-07-22T08:33:00.000000Z,90.835,90.792
2015-07-22T08:33:05.000000Z,90.83,90.782
2015-07-22T08:33:10.000000Z,90.825,90.784
2015-07-22T08:33:15.000000Z,90.817,90.776
2015-07-22T08:33:20.000000Z,90.817,90.771
2015-07-22T08:33:25.000000Z,90.815,90.77
2015-07-22T08:33:30.000000Z,90.815,90.772
2015-07-22T08:33:35.000000Z,90.816,90.773
2015-07-22T08:33:40.000000Z,90.815,90.773
2015-07-22T08:33:45.000000Z,90.82,90.783
2015-07-22T08:33:50.000000Z,90.819,90.777
2015-07-22T08:33:55.000000Z,90.819,90.778
2015-07-22T08:34:00.000000Z,90.818,90.779
2015-07-22T08:34:05.000000Z,90.822,90.779
2015-07-22T08:34:10.000000Z,90.821,90.779
2015-07-22T08:34:15.000000Z,90.824,90.782
2015-07-22T08:34:20.000000Z,90.827,90.782
2015-07-22T08:34:25.000000Z,90.82,90.779
2015-07-22T08:34:30.000000Z,90.818,90.779
2015-07-22T08:34:35.000000Z,90.817,90.778
2015-07-22T08:34:40.000000Z,90.821,90.782
2015-07-22T08:34:45.000000Z,90.825,90.786
2015-07-22T08:34:50.000000Z,90.825,90.783
2015-07-22T08:34:55.000000Z,90.821,90.78
2015-07-22T08:35:00.000000Z,90.82,90.783
2015-07-22T08:35:05.000000Z,90.819,90.782
2015-07-22T08:35:10.000000Z,90.818,90.78
2015-07-22T08:35:15.000000Z,90.818,90.781
2015-07-22T08:35:20.000000Z,90.809,90.768
2015-07-22T08:35:25.000000Z,90.808,90.768
2015-07-22T08:35:30.000000Z,90.804,90.767
2015-07-22T08:35:35.000000Z,90.802,90.759
2015-07-22T08:35:40.000000Z,90.805,90.766
2015-07-22T08:35:45.000000Z,90.805,90.768
2015-07-22T08:35:50.000000Z,90.803,90.764
2015-07-22T08:35:55.000000Z,90.803,90.765
2015-07-22T08:36:00.000000Z,90.802,90.767
2015-07-22T08:36:05.000000Z,90.8,90.765
2015-07-22T08:36:10.000000Z,90.801,90.764
2015-07-22T08:36:15.000000Z,90.799,90.763
2015-07-22T08:36:20.000000Z,90.802,90.756
2015-07-22T08:36:25.000000Z,90.801,90.757
2015-07-22T08:36:30.000000Z,90.802,90.76
2015-07-22T08:36:35.000000Z,90.8,90.758
2015-07-22T08:36:40.000000Z,90.8,90.758
2015-07-22T08:36:45.000000Z,90.806,90.764
2015-07-22T08:36:50.000000Z,90.804,90.762
2015-07-22T08:36:55.000000Z,90.806,90.761
2015-07-22T08:37:00.000000Z,90.803,90.761
2015-07-22T08:37:05.000000Z,90.804,90.763
2015-07-22T08:37:10.000000Z,90.8,90.763
2015-07-22T08:37:15.000000Z,90.797,90.757
2015-07-22T08:37:20.000000Z,90.803,90.763
2015-07-22T08:37:25.000000Z,90.77,90.722
2015-07-22T08:37:30.000000Z,90.778,90.74
2015-07-22T08:37:35.000000Z,90.777,90.74
2015-07-22T08:37:40.000000Z,90.777,90.738
2015-07-22T08:37:45.000000Z,90.779,90.741
2015-07-22T08:37:55.000000Z,90.779,90.741
2015-07-22T08:38:00.000000Z,90.776,90.741
2015-07-22T08:38:10.000000Z,90.778,90.744
2015-07-22T08:38:15.000000Z,90.779,90.743
2015-07-22T08:38:20.000000Z,90.781,90.746
2015-07-22T08:38:25.000000Z,90.782,90.746
2015-07-22T08:38:30.000000Z,90.782,90.75
2015-07-22T08:38:35.000000Z,90.789,90.755
2015-07-22T08:38:40.000000Z,90.789,90.747
2015-07-22T08:38:45.000000Z,90.787,90.751
2015-07-22T08:38:50.000000Z,90.792,90.748
2015-07-22T08:38:55.000000Z,90.787,90.751
2015-07-22T08:39:00.000000Z,90.791,90.756
2015-07-22T08:39:05.000000Z,90.788,90.753
2015-07-22T08:39:10.000000Z,90.787,90.752
2015-07-22T08:39:15.000000Z,90.786,90.749
2015-07-22T08:39:20.000000Z,90.789,90.743
2015-07-22T08:39:25.000000Z,90.771,90.732
2015-07-22T08:39:30.000000Z,90.758,90.717
2015-07-22T08:39:35.000000Z,90.757,90.714
2015-07-22T08:39:40.000000Z,90.761,90.726
2015-07-22T08:39:45.000000Z,90.764,90.728
2015-07-22T08:39:50.000000Z,90.76,90.723
2015-07-22T08:39:55.000000Z,90.763,90.721
2015-07-22T08:40:00.000000Z,90.765,90.722
2015-07-22T08:40:05.000000Z,90.765,90.724
2015-07-22T08:40:10.000000Z,90.764,90.722
2015-07-22T08:40:15.000000Z,90.759,90.718
2015-07-22T08:40:25.000000Z,90.76,90.717
2015-07-22T08:40:30.000000Z,90.759,90.719
2015-07-22T08:40:35.000000Z,90.761,90.721
2015-07-22T08:40:40.000000Z,90.761,90.723
2015-07-22T08:40:45.000000Z,90.764,90.722
2015-07-22T08:40:50.000000Z,90.758,90.717
2015-07-22T08:40:55.000000Z,90.763,90.722
2015-07-22T08:41:00.000000Z,90.761,90.719
2015-07-22T08:41:05.000000Z,90.76,90.72
2015-07-22T08:41:10.000000Z,90.76,90.718
2015-07-22T08:41:15.000000Z,90.752,90.714
2015-07-22T08:41:20.000000Z,90.745,90.706
2015-07-22T08:41:25.000000Z,90.747,90.708
2015-07-22T08:41:30.000000Z,90.743,90.707
2015-07-22T08:41:35.000000Z,90.739,90.7
2015-07-22T08:41:40.000000Z,90.742,90.7
2015-07-22T08:41:45.000000Z,90.741,90.7
2015-07-22T08:41:50.000000Z,90.739,90.7
2015-07-22T08:42:00.000000Z,90.738,90.698
2015-07-22T08:42:10.000000Z,90.742,90.701
2015-07-22T08:42:15.000000Z,90.741,90.702
2015-07-22T08:42:30.000000Z,90.744,90.703
2015-07-22T08:42:35.000000Z,90.746,90.707
2015-07-22T08:42:40.000000Z,90.736,90.697
2015-07-22T08:42:45.000000Z,90.736,90.699
2015-07-22T08:42:50.000000Z,90.743,90.704
2015-07-22T08:42:55.000000Z,90.751,90.709
2015-07-22T08:43:00.000000Z,90.752,90.709
2015-07-22T08:43:05.000000Z,90.75,90.706
2015-07-22T08:43:10.000000Z,90.751,90.706
2015-07-22T08:43:15.000000Z,90.752,90.711
2015-07-22T08:43:20.000000Z,90.743,90.706
2015-07-22T08:43:30.000000Z,90.749,90.706
2015-07-22T08:43:35.000000Z,90.745,90.71
2015-07-22T08:43:40.000000Z,90.745,90.711
2015-07-22T08:43:45.000000Z,90.743,90.711
2015-07-22T08:43:50.000000Z,90.748,90.703
2015-07-22T08:43:55.000000Z,90.741,90.698
2015-07-22T08:44:00.000000Z,90.736,90.699
2015-07-22T08:44:05.000000Z,90.739,90.702
2015-07-22T08:44:10.000000Z,90.738,90.703
2015-07-22T08:44:15.000000Z,90.74,90.701
2015-07-22T08:44:20.000000Z,90.742,90.705
2015-07-22T08:44:25.000000Z,90.742,90.704
2015-07-22T08:44:30.000000Z,90.743,90.705
2015-07-22T08:44:35.000000Z,90.745,90.705
2015-07-22T08:44:45.000000Z,90.745,90.706
2015-07-22T08:44:50.000000Z,90.744,90.707
2015-07-22T08:44:55.000000Z,90.745,90.711
2015-07-22T08:45:00.000000Z,90.745,90.712
2015-07-22T08:45:05.000000Z,90.745,90.714
2015-07-22T08:45:10.000000Z,90.748,90.714
2015-07-22T08:45:15.000000Z,90.756,90.717
2015-07-22T08:45:20.000000Z,90.762,90.723
2015-07-22T08:45:25.000000Z,90.768,90.727
2015-07-22T08:45:30.000000Z,90.764,90.725
2015-07-22T08:45:35.000000Z,90.768,90.725
2015-07-22T08:45:40.000000Z,90.758,90.725
2015-07-22T08:45:55.000000Z,90.758,90.723
2015-07-22T08:46:00.000000Z,90.768,90.726
2015-07-22T08:46:05.000000Z,90.767,90.723
2015-07-22T08:46:10.000000Z,90.768,90.725
2015-07-22T08:46:15.000000Z,90.77,90.725
2015-07-22T08:46:20.000000Z,90.767,90.724
2015-07-22T08:46:25.000000Z,90.765,90.727
2015-07-22T08:46:30.000000Z,90.764,90.725
2015-07-22T08:46:35.000000Z,90.759,90.725
2015-07-22T08:46:40.000000Z,90.759,90.726
2015-07-22T08:46:50.000000Z,90.758,90.727
2015-07-22T08:46:55.000000Z,90.759,90.726
2015-07-22T08:47:00.000000Z,90.756,90.724
2015-07-22T08:47:05.000000Z,90.757,90.725
2015-07-22T08:47:10.000000Z,90.757,90.723
2015-07-22T08:47:20.000000Z,90.756,90.723
2015-07-22T08:47:25.000000Z,90.757,90.722
2015-07-22T08:47:30.000000Z,90.759,90.725
2015-07-22T08:47:35.000000Z,90.76,90.724
2015-07-22T08:47:40.000000Z,90.757,90.724
2015-07-22T08:47:45.000000Z,90.772,90.735
2015-07-22T08:47:50.000000Z,90.773,90.736
2015-07-22T08:47:55.000000Z,90.772,90.733
2015-07-22T08:48:00.000000Z,90.773,90.735
2015-07-22T08:48:05.000000Z,90.772,90.736
2015-07-22T08:48:10.000000Z,90.78,90.739
2015-07-22T08:48:15.000000Z,90.777,90.739
2015-07-22T08:48:20.000000Z,90.776,90.741
2015-07-22T08:48:30.000000Z,90.774,90.739
2015-07-22T08:48:35.000000Z,90.777,90.74
2015-07-22T08:48:40.000000Z,90.782,90.74
2015-07-22T08:48:45.000000Z,90.781,90.741
2015-07-22T08:48:55.000000Z,90.783,90.741
2015-07-22T08:49:00.000000Z,90.784,90.743
2015-07-22T08:49:05.000000Z,90.78,90.741
2015-07-22T08:49:10.000000Z,90.781,90.74
2015-07-22T08:49:15.000000Z,90.778,90.745
2015-07-22T08:49:20.000000Z,90.779,90.747
2015-07-22T08:49:25.000000Z,90.785,90.75
2015-07-22T08:49:30.000000Z,90.79,90.747
2015-07-22T08:49:35.000000Z,90.791,90.747
2015-07-22T08:49:40.000000Z,90.784,90.747
2015-07-22T08:49:45.000000Z,90.781,90.746
2015-07-22T08:49:55.000000Z,90.781,90.747
2015-07-22T08:50:00.000000Z,90.78,90.746
2015-07-22T08:50:05.000000Z,90.788,90.746
2015-07-22T08:50:10.000000Z,90.789,90.746
2015-07-22T08:50:15.000000Z,90.789,90.748
2015-07-22T08:50:20.000000Z,90.79,90.751
2015-07-22T08:50:25.000000Z,90.788,90.749
2015-07-22T08:50:30.000000Z,90.786,90.748
2015-07-22T08:50:35.000000Z,90.785,90.748
2015-07-22T08:50:40.000000Z,90.789,90.749
2015-07-22T08:50:45.000000Z,90.787,90.748
2015-07-22T08:50:50.000000Z,90.789,90.754
2015-07-22T08:50:55.000000Z,90.784,90.753
2015-07-22T08:51:00.000000Z,90.785,90.743
2015-07-22T08:51:05.000000Z,90.783,90.743
2015-07-22T08:51:10.000000Z,90.781,90.745
2015-07-22T08:51:15.000000Z,90.779,90.744
2015-07-22T08:51:20.000000Z,90.78,90.745
2015-07-22T08:51:40.000000Z,90.779,90.745
2015-07-22T08:51:45.000000Z,90.78,90.739
2015-07-22T08:51:50.000000Z,90.779,90.744
2015-07-22T08:51:55.000000Z,90.782,90.741
2015-07-22T08:52:00.000000Z,90.783,90.743
2015-07-22T08:52:05.000000Z,90.782,90.742
2015-07-22T08:52:10.000000Z,90.78,90.742
2015-07-22T08:52:15.000000Z,90.778,90.742
2015-07-22T08:52:25.000000Z,90.778,90.741
2015-07-22T08:52:30.000000Z,90.78,90.745
2015-07-22T08:52:35.000000Z,90.778,90.742
2015-07-22T08:52:40.000000Z,90.776,90.74
2015-07-22T08:52:45.000000Z,90.776,90.74
2015-07-22T08:52:50.000000Z,90.775,90.738
2015-07-22T08:52:55.000000Z,90.777,90.738
2015-07-22T08:53:00.000000Z,90.786,90.742
2015-07-22T08:53:05.000000Z,90.782,90.741
2015-07-22T08:53:10.000000Z,90.778,90.736
2015-07-22T08:53:15.000000Z,90.778,90.736
2015-07-22T08:53:20.000000Z,90.776,90.735
2015-07-22T08:53:25.000000Z,90.772,90.735
2015-07-22T08:53:30.000000Z,90.773,90.736
2015-07-22T08:53:35.000000Z,90.775,90.737
2015-07-22T08:53:40.000000Z,90.775,90.736
2015-07-22T08:53:45.000000Z,90.768,90.729
2015-07-22T08:53:50.000000Z,90.768,90.728
2015-07-22T08:53:55.000000Z,90.768,90.728
2015-07-22T08:54:00.000000Z,90.766,90.729
2015-07-22T08:54:05.000000Z,90.767,90.729
2015-07-22T08:54:10.000000Z,90.761,90.722
2015-07-22T08:54:15.000000Z,90.758,90.721
2015-07-22T08:54:20.000000Z,90.758,90.72
2015-07-22T08:54:25.000000Z,90.76,90.722
2015-07-22T08:54:30.000000Z,90.754,90.719
2015-07-22T08:54:35.000000Z,90.754,90.719
2015-07-22T08:54:40.000000Z,90.765,90.72
2015-07-22T08:54:50.000000Z,90.767,90.727
2015-07-22T08:54:55.000000Z,90.765,90.729
2015-07-22T08:55:00.000000Z,90.76,90.722
2015-07-22T08:55:05.000000Z,90.762,90.723
2015-07-22T08:55:10.000000Z,90.764,90.725
2015-07-22T08:55:15.000000Z,90.763,90.726
2015-07-22T08:55:20.000000Z,90.763,90.726
2015-07-22T08:55:25.000000Z,90.766,90.727
2015-07-22T08:55:30.000000Z,90.768,90.73
2015-07-22T08:55:35.000000Z,90.765,90.727
2015-07-22T08:55:40.000000Z,90.764,90.727
2015-07-22T08:55:45.000000Z,90.766,90.729
2015-07-22T08:55:50.000000Z,90.756,90.718
2015-07-22T08:56:00.000000Z,90.755,90.719
2015-07-22T08:56:10.000000Z,90.755,90.72
2015-07-22T08:56:15.000000Z,90.755,90.719
2015-07-22T08:56:20.000000Z,90.758,90.719
2015-07-22T08:56:25.000000Z,90.756,90.719
2015-07-22T08:56:30.000000Z,90.756,90.719
2015-07-22T08:56:35.000000Z,90.754,90.721
2015-07-22T08:56:40.000000Z,90.758,90.724
2015-07-22T08:56:45.000000Z,90.76,90.722
2015-07-22T08:56:50.000000Z,90.763,90.721
2015-07-22T08:56:55.000000Z,90.759,90.716
2015-07-22T08:57:00.000000Z,90.76,90.716
2015-07-22T08:57:05.000000Z,90.762,90.722
2015-07-22T08:57:15.000000Z,90.763,90.723
2015-07-22T08:57:20.000000Z,90.764,90.725
2015-07-22T08:57:25.000000Z,90.762,90.723
2015-07-22T08:57:30.000000Z,90.757,90.718
2015-07-22T08:57:35.000000Z,90.756,90.719
2015-07-22T08:57:40.000000Z,90.756,90.72
2015-07-22T08:57:45.000000Z,90.756,90.72
2015-07-22T08:57:55.000000Z,90.756,90.72
2015-07-22T08:58:00.000000Z,90.758,90.72
2015-07-22T08:58:05.000000Z,90.766,90.721
2015-07-22T08:58:10.000000Z,90.769,90.726
2015-07-22T08:58:15.000000Z,90.769,90.729
2015-07-22T08:58:20.000000Z,90.768,90.731
2015-07-22T08:58:25.000000Z,90.771,90.734
2015-07-22T08:58:30.000000Z,90.77,90.735
2015-07-22T08:58:35.000000Z,90.769,90.733
2015-07-22T08:58:40.000000Z,90.775,90.736
2015-07-22T08:58:45.000000Z,90.775,90.738
2015-07-22T08:58:50.000000Z,90.777,90.737
2015-07-22T08:58:55.000000Z,90.777,90.738
2015-07-22T08:59:00.000000Z,90.775,90.737
2015-07-22T08:59:15.000000Z,90.778,90.741
2015-07-22T08:59:30.000000Z,90.773,90.735
2015-07-22T08:59:35.000000Z,90.774,90.736
2015-07-22T08:59:55.000000Z,90.774,90.736
2015-07-22T09:00:05.000000Z,90.779,90.741
2015-07-22T09:00:10.000000Z,90.776,90.742
2015-07-22T09:00:15.000000Z,90.776,90.741
2015-07-22T09:00:20.000000Z,90.776,90.741
2015-07-22T09:00:25.000000Z,90.773,90.737
2015-07-22T09:00:35.000000Z,90.774,90.735
2015-07-22T09:00:40.000000Z,90.777,90.74
2015-07-22T09:00:45.000000Z,90.777,90.741
2015-07-22T09:01:00.000000Z,90.774,90.739
2015-07-22T09:01:05.000000Z,90.773,90.734
2015-07-22T09:01:10.000000Z,90.769,90.736
2015-07-22T09:01:15.000000Z,90.768,90.736
2015-07-22T09:01:20.000000Z,90.776,90.739
2015-07-22T09:01:25.000000Z,90.771,90.736
2015-07-22T09:01:30.000000Z,90.77,90.735
2015-07-22T09:01:35.000000Z,90.769,90.734
2015-07-22T09:01:40.000000Z,90.778,90.739
2015-07-22T09:01:45.000000Z,90.778,90.739
2015-07-22T09:01:50.000000Z,90.777,90.74
2015-07-22T09:01:55.000000Z,90.78,90.747
2015-07-22T09:02:00.000000Z,90.776,90.738
2015-07-22T09:02:05.000000Z,90.773,90.738
2015-07-22T09:02:10.000000Z,90.774,90.74
2015-07-22T09:02:20.000000Z,90.775,90.742
2015-07-22T09:02:25.000000Z,90.774,90.737
2015-07-22T09:02:30.000000Z,90.777,90.736
2015-07-22T09:02:35.000000Z,90.778,90.739
2015-07-22T09:02:40.000000Z,90.778,90.738
2015-07-22T09:02:45.000000Z,90.775,90.739
2015-07-22T09:02:50.000000Z,90.777,90.739
2015-07-22T09:02:55.000000Z,90.773,90.736
2015-07-22T09:03:00.000000Z,90.774,90.736
2015-07-22T09:03:05.000000Z,90.773,90.735
2015-07-22T09:03:10.000000Z,90.779,90.746
2015-07-22T09:03:15.000000Z,90.778,90.742
2015-07-22T09:03:20.000000Z,90.78,90.742
2015-07-22T09:03:25.000000Z,90.777,90.74
2015-07-22T09:03:30.000000Z,90.777,90.741
2015-07-22T09:03:35.000000Z,90.765,90.728
2015-07-22T09:03:40.000000Z,90.768,90.731
2015-07-22T09:03:45.000000Z,90.773,90.735
2015-07-22T09:03:50.000000Z,90.772,90.732
2015-07-22T09:03:55.000000Z,90.776,90.736
2015-07-22T09:04:00.000000Z,90.773,90.733
2015-07-22T09:04:05.000000Z,90.772,90.734
2015-07-22T09:04:10.000000Z,90.774,90.736
2015-07-22T09:04:15.000000Z,90.775,90.736
2015-07-22T09:04:20.000000Z,90.786,90.74
2015-07-22T09:04:25.000000Z,90.785,90.744
2015-07-22T09:04:30.000000Z,90.788,90.746
2015-07-22T09:04:35.000000Z,90.79,90.754
2015-07-22T09:04:40.000000Z,90.791,90.745
2015-07-22T09:04:45.000000Z,90.791,90.744
2015-07-22T09:04:50.000000Z,90.792,90.744
2015-07-22T09:05:00.000000Z,90.795,90.748
2015-07-22T09:05:05.000000Z,90.796,90.748
2015-07-22T09:05:10.000000Z,90.793,90.748
2015-07-22T09:05:15.000000Z,90.793,90.746
2015-07-22T09:05:20.000000Z,90.788,90.745
2015-07-22T09:05:25.000000Z,90.785,90.745
2015-07-22T09:05:40.000000Z,90.785,90.746
2015-07-22T09:05:45.000000Z,90.784,90.745
2015-07-22T09:05:50.000000Z,90.781,90.745
2015-07-22T09:05:55.000000Z,90.778,90.743
2015-07-22T09:06:00.000000Z,90.778,90.744
2015-07-22T09:06:05.000000Z,90.774,90.736
2015-07-22T09:06:10.000000Z,90.774,90.736
2015-07-22T09:06:15.000000Z,90.772,90.735
2015-07-22T09:06:20.000000Z,90.775,90.737
2015-07-22T09:06:25.000000Z,90.776,90.741
2015-07-22T09:06:35.000000Z,90.775,90.738
2015-07-22T09:06:40.000000Z,90.777,90.739
2015-07-22T09:06:45.000000Z,90.776,90.74
2015-07-22T09:06:50.000000Z,90.774,90.741
2015-07-22T09:06:55.000000Z,90.774,90.728
2015-07-22T09:07:00.000000Z,90.767,90.725
2015-07-22T09:07:05.000000Z,90.762,90.725
2015-07-22T09:07:10.000000Z,90.764,90.728
2015-07-22T09:07:15.000000Z,90.764,90.726
2015-07-22T09:07:20.000000Z,90.764,90.727
2015-07-22T09:07:25.000000Z,90.766,90.729
2015-07-22T09:07:30.000000Z,90.765,90.727
2015-07-22T09:07:35.000000Z,90.768,90.729
2015-07-22T09:07:40.000000Z,90.769,90.733
2015-07-22T09:07:45.000000Z,90.77,90.731
2015-07-22T09:07:50.000000Z,90.767,90.728
2015-07-22T09:07:55.000000Z,90.769,90.731
2015-07-22T09:08:00.000000Z,90.767,90.73
2015-07-22T09:08:05.000000Z,90.769,90.733
2015-07-22T09:08:10.000000Z,90.772,90.737
2015-07-22T09:08:15.000000Z,90.77,90.736
2015-07-22T09:08:20.000000Z,90.77,90.735
2015-07-22T09:08:25.000000Z,90.77,90.732
2015-07-22T09:08:30.000000Z,90.767,90.731
2015-07-22T09:08:35.000000Z,90.771,90.733
2015-07-22T09:08:40.000000Z,90.772,90.737
2015-07-22T09:08:45.000000Z,90.772,90.737
2015-07-22T09:08:50.000000Z,90.771,90.73
2015-07-22T09:08:55.000000Z,90.77,90.731
2015-07-22T09:09:00.000000Z,90.769,90.731
2015-07-22T09:09:05.000000Z,90.769,90.73
2015-07-22T09:09:10.000000Z,90.767,90.728
2015-07-22T09:09:20.000000Z,90.77,90.731
2015-07-22T09:09:25.000000Z,90.767,90.728
2015-07-22T09:09:30.000000Z,90.766,90.73
2015-07-22T09:09:35.000000Z,90.767,90.73
2015-07-22T09:09:40.000000Z,90.767,90.729
2015-07-22T09:09:45.000000Z,90.767,90.73
2015-07-22T09:09:50.000000Z,90.768,90.729
2015-07-22T09:09:55.000000Z,90.769,90.729
2015-07-22T09:10:00.000000Z,90.768,90.729
2015-07-22T09:10:05.000000Z,90.769,90.73
2015-07-22T09:10:20.000000Z,90.763,90.721
2015-07-22T09:10:25.000000Z,90.765,90.722
2015-07-22T09:10:30.000000Z,90.756,90.719
2015-07-22T09:10:40.000000Z,90.754,90.718
2015-07-22T09:10:45.000000Z,90.749,90.712
2015-07-22T09:10:55.000000Z,90.748,90.713
2015-07-22T09:11:00.000000Z,90.749,90.715
2015-07-22T09:11:05.000000Z,90.746,90.712
2015-07-22T09:11:10.000000Z,90.749,90.715
2015-07-22T09:11:15.000000Z,90.748,90.713
2015-07-22T09:11:20.000000Z,90.75,90.714
2015-07-22T09:11:25.000000Z,90.743,90.709
2015-07-22T09:11:30.000000Z,90.755,90.714
2015-07-22T09:11:40.000000Z,90.742,90.709
2015-07-22T09:11:50.000000Z,90.74,90.708
2015-07-22T09:11:55.000000Z,90.74,90.708
2015-07-22T09:12:00.000000Z,90.738,90.708
2015-07-22T09:12:05.000000Z,90.739,90.71
2015-07-22T09:12:10.000000Z,90.745,90.712
2015-07-22T09:12:15.000000Z,90.744,90.709
2015-07-22T09:12:20.000000Z,90.742,90.711
2015-07-22T09:12:25.000000Z,90.742,90.711
2015-07-22T09:12:30.000000Z,90.741,90.712
2015-07-22T09:12:40.000000Z,90.741,90.709
2015-07-22T09:12:45.000000Z,90.741,90.708
2015-07-22T09:12:55.000000Z,90.741,90.709
2015-07-22T09:13:00.000000Z,90.74,90.709
2015-07-22T09:13:05.000000Z,90.741,90.709
2015-07-22T09:13:10.000000Z,90.741,90.71
2015-07-22T09:13:15.000000Z,90.742,90.708
2015-07-22T09:13:20.000000Z,90.743,90.711
2015-07-22T09:13:25.000000Z,90.743,90.712
2015-07-22T09:13:30.000000Z,90.742,90.71
2015-07-22T09:13:55.000000Z,90.742,90.711
2015-07-22T09:14:00.000000Z,90.746,90.712
2015-07-22T09:14:05.000000Z,90.744,90.714
2015-07-22T09:14:10.000000Z,90.744,90.715
2015-07-22T09:14:15.000000Z,90.742,90.712
2015-07-22T09:14:20.000000Z,90.753,90.708
2015-07-22T09:14:25.000000Z,90.751,90.712
2015-07-22T09:14:35.000000Z,90.752,90.714
2015-07-22T09:14:40.000000Z,90.752,90.715
2015-07-22T09:14:45.000000Z,90.75,90.712
2015-07-22T09:14:50.000000Z,90.749,90.709
2015-07-22T09:14:55.000000Z,90.75,90.717
2015-07-22T09:15:00.000000Z,90.751,90.716
2015-07-22T09:15:05.000000Z,90.755,90.716
2015-07-22T09:15:10.000000Z,90.756,90.714
2015-07-22T09:15:15.000000Z,90.757,90.718
2015-07-22T09:15:20.000000Z,90.756,90.716
2015-07-22T09:15:25.000000Z,90.753,90.716
2015-07-22T09:15:30.000000Z,90.753,90.717
2015-07-22T09:15:40.000000Z,90.752,90.714
2015-07-22T09:15:45.000000Z,90.751,90.714
2015-07-22T09:15:55.000000Z,90.75,90.715
2015-07-22T09:16:00.000000Z,90.752,90.714
2015-07-22T09:16:10.000000Z,90.75,90.714
2015-07-22T09:16:20.000000Z,90.749,90.713
2015-07-22T09:16:40.000000Z,90.747,90.712
2015-07-22T09:16:45.000000Z,90.744,90.708
2015-07-22T09:16:50.000000Z,90.747,90.71
2015-07-22T09:16:55.000000Z,90.747,90.711
2015-07-22T09:17:00.000000Z,90.753,90.714
2015-07-22T09:17:05.000000Z,90.75,90.715
2015-07-22T09:17:10.000000Z,90.753,90.711
2015-07-22T09:17:15.000000Z,90.752,90.712
2015-07-22T09:17:20.000000Z,90.753,90.714
2015-07-22T09:17:25.000000Z,90.75,90.71
2015-07-22T09:17:35.000000Z,90.751,90.71
2015-07-22T09:17:40.000000Z,90.751,90.718
2015-07-22T09:17:45.000000Z,90.75,90.714
2015-07-22T09:17:50.000000Z,90.75,90.714
2015-07-22T09:17:55.000000Z,90.745,90.71
2015-07-22T09:18:00.000000Z,90.74,90.708
2015-07-22T09:18:05.000000Z,90.743,90.706
2015-07-22T09:18:15.000000Z,90.743,90.705
2015-07-22T09:18:20.000000Z,90.736,90.698
2015-07-22T09:18:25.000000Z,90.735,90.698
2015-07-22T09:18:30.000000Z,90.731,90.695
2015-07-22T09:18:40.000000Z,90.733,90.698
2015-07-22T09:18:45.000000Z,90.739,90.701
2015-07-22T09:18:50.000000Z,90.73,90.695
2015-07-22T09:18:55.000000Z,90.729,90.694
2015-07-22T09:19:00.000000Z,90.729,90.693
2015-07-22T09:19:05.000000Z,90.729,90.693
2015-07-22T09:19:10.000000Z,90.733,90.696
2015-07-22T09:19:15.000000Z,90.728,90.691
2015-07-22T09:19:20.000000Z,90.725,90.69
2015-07-22T09:19:25.000000Z,90.724,90.69
2015-07-22T09:19:30.000000Z,90.724,90.689
2015-07-22T09:19:35.000000Z,90.729,90.69
2015-07-22T09:19:40.000000Z,90.732,90.691
2015-07-22T09:19:45.000000Z,90.732,90.691
2015-07-22T09:19:50.000000Z,90.732,90.698
2015-07-22T09:19:55.000000Z,90.738,90.7
2015-07-22T09:20:00.000000Z,90.738,90.703
2015-07-22T09:20:05.000000Z,90.754,90.714
2015-07-22T09:20:10.000000Z,90.75,90.705
2015-07-22T09:20:15.000000Z,90.74,90.707
2015-07-22T09:20:20.000000Z,90.748,90.708
2015-07-22T09:20:25.000000Z,90.746,90.704
2015-07-22T09:20:30.000000Z,90.746,90.708
2015-07-22T09:20:35.000000Z,90.752,90.714
2015-07-22T09:20:40.000000Z,90.753,90.715
2015-07-22T09:20:45.000000Z,90.752,90.716
2015-07-22T09:21:05.000000Z,90.75,90.716
2015-07-22T09:21:10.000000Z,90.748,90.714
2015-07-22T09:21:15.000000Z,90.748,90.713
2015-07-22T09:21:20.000000Z,90.751,90.715
2015-07-22T09:21:25.000000Z,90.746,90.712
2015-07-22T09:21:30.000000Z,90.752,90.711
2015-07-22T09:21:35.000000Z,90.751,90.712
2015-07-22T09:21:40.000000Z,90.751,90.712
2015-07-22T09:21:45.000000Z,90.739,90.699
2015-07-22T09:21:50.000000Z,90.745,90.705
2015-07-22T09:21:55.000000Z,90.752,90.708
2015-07-22T09:22:00.000000Z,90.751,90.709
2015-07-22T09:22:05.000000Z,90.752,90.708
2015-07-22T09:22:10.000000Z,90.749,90.706
2015-07-22T09:22:15.000000Z,90.744,90.708
2015-07-22T09:22:20.000000Z,90.752,90.713
2015-07-22T09:22:30.000000Z,90.755,90.712
2015-07-22T09:22:35.000000Z,90.756,90.713
2015-07-22T09:22:40.000000Z,90.758,90.716
2015-07-22T09:22:45.000000Z,90.755,90.713
2015-07-22T09:22:50.000000Z,90.753,90.71
2015-07-22T09:22:55.000000Z,90.751,90.707
2015-07-22T09:23:00.000000Z,90.75,90.707
2015-07-22T09:23:05.000000Z,90.746,90.703
2015-07-22T09:23:10.000000Z,90.748,90.706
2015-07-22T09:23:15.000000Z,90.749,90.708
2015-07-22T09:23:20.000000Z,90.751,90.708
2015-07-22T09:23:25.000000Z,90.751,90.709
2015-07-22T09:23:30.000000Z,90.748,90.708
2015-07-22T09:23:35.000000Z,90.749,90.707
2015-07-22T09:23:40.000000Z,90.746,90.707
2015-07-22T09:23:45.000000Z,90.75,90.711
2015-07-22T09:23:50.000000Z,90.75,90.714
2015-07-22T09:23:55.000000Z,90.746,90.71
2015-07-22T09:24:00.000000Z,90.753,90.714
2015-07-22T09:24:05.000000Z,90.752,90.715
2015-07-22T09:24:10.000000Z,90.753,90.715
2015-07-22T09:24:15.000000Z,90.758,90.718
2015-07-22T09:24:20.000000Z,90.757,90.72
2015-07-22T09:24:25.000000Z,90.756,90.717
2015-07-22T09:24:40.000000Z,90.755,90.718
2015-07-22T09:24:45.000000Z,90.752,90.714
2015-07-22T09:24:50.000000Z,90.753,90.716
2015-07-22T09:24:55.000000Z,90.748,90.712
2015-07-22T09:25:00.000000Z,90.747,90.713
2015-07-22T09:25:05.000000Z,90.753,90.716
2015-07-22T09:25:10.000000Z,90.753,90.715
2015-07-22T09:25:15.000000Z,90.751,90.715
2015-07-22T09:25:20.000000Z,90.753,90.715
2015-07-22T09:25:25.000000Z,90.75,90.713
2015-07-22T09:25:30.000000Z,90.749,90.711
2015-07-22T09:25:35.000000Z,90.753,90.715
2015-07-22T09:25:45.000000Z,90.751,90.715
2015-07-22T09:26:00.000000Z,90.747,90.708
2015-07-22T09:26:05.000000Z,90.749,90.712
2015-07-22T09:26:15.000000Z,90.75,90.715
2015-07-22T09:26:20.000000Z,90.751,90.715
2015-07-22T09:26:25.000000Z,90.749,90.713
2015-07-22T09:26:35.000000Z,90.749,90.713
2015-07-22T09:26:50.000000Z,90.75,90.714
2015-07-22T09:26:55.000000Z,90.751,90.715
2015-07-22T09:27:00.000000Z,90.751,90.714
2015-07-22T09:27:15.000000Z,90.753,90.716
2015-07-22T09:27:20.000000Z,90.756,90.719
2015-07-22T09:27:25.000000Z,90.757,90.719
2015-07-22T09:27:30.000000Z,90.758,90.721
2015-07-22T09:27:40.000000Z,90.754,90.717
2015-07-22T09:27:45.000000Z,90.759,90.723
2015-07-22T09:27:50.000000Z,90.758,90.723
2015-07-22T09:27:55.000000Z,90.754,90.721
2015-07-22T09:28:00.000000Z,90.757,90.721
2015-07-22T09:28:05.000000Z,90.755,90.72
2015-07-22T09:28:10.000000Z,90.754,90.718
2015-07-22T09:28:25.000000Z,90.756,90.72
2015-07-22T09:28:35.000000Z,90.756,90.721
2015-07-22T09:28:40.000000Z,90.756,90.722
2015-07-22T09:28:45.000000Z,90.757,90.722
2015-07-22T09:28:50.000000Z,90.757,90.723
2015-07-22T09:28:55.000000Z,90.76,90.727
2015-07-22T09:29:00.000000Z,90.759,90.725
2015-07-22T09:29:15.000000Z,90.757,90.723
2015-07-22T09:29:25.000000Z,90.758,90.723
2015-07-22T09:29:30.000000Z,90.756,90.722
2015-07-22T09:29:35.000000Z,90.758,90.721
2015-07-22T09:29:40.000000Z,90.758,90.722
2015-07-22T09:29:45.000000Z,90.763,90.727
2015-07-22T09:29:50.000000Z,90.763,90.726
2015-07-22T09:29:55.000000Z,90.763,90.727
2015-07-22T09:30:00.000000Z,90.763,90.726
2015-07-22T09:30:05.000000Z,90.763,90.727
2015-07-22T09:30:10.000000Z,90.76,90.727
2015-07-22T09:30:20.000000Z,90.76,90.725
2015-07-22T09:30:25.000000Z,90.763,90.727
2015-07-22T09:30:30.000000Z,90.764,90.728
2015-07-22T09:30:50.000000Z,90.764,90.73
2015-07-22T09:30:55.000000Z,90.764,90.728
2015-07-22T09:31:00.000000Z,90.766,90.73
2015-07-22T09:31:10.000000Z,90.766,90.73
2015-07-22T09:31:20.000000Z,90.766,90.729
2015-07-22T09:31:25.000000Z,90.766,90.73
2015-07-22T09:31:30.000000Z,90.769,90.734
2015-07-22T09:31:35.000000Z,90.772,90.733
2015-07-22T09:31:40.000000Z,90.755,90.714
2015-07-22T09:31:45.000000Z,90.753,90.717
2015-07-22T09:31:50.000000Z,90.752,90.716
2015-07-22T09:32:00.000000Z,90.754,90.718
2015-07-22T09:32:05.000000Z,90.755,90.72
2015-07-22T09:32:10.000000Z,90.754,90.717
2015-07-22T09:32:15.000000Z,90.752,90.716
2015-07-22T09:32:20.000000Z,90.751,90.716
2015-07-22T09:32:30.000000Z,90.752,90.716
2015-07-22T09:32:35.000000Z,90.751,90.717
2015-07-22T09:32:40.000000Z,90.752,90.716
2015-07-22T09:32:45.000000Z,90.754,90.718
2015-07-22T09:33:00.000000Z,90.754,90.717
2015-07-22T09:33:10.000000Z,90.753,90.716
2015-07-22T09:33:15.000000Z,90.751,90.713
2015-07-22T09:33:20.000000Z,90.75,90.714
2015-07-22T09:33:25.000000Z,90.753,90.716
2015-07-22T09:33:30.000000Z,90.754,90.717
2015-07-22T09:33:35.000000Z,90.756,90.72
2015-07-22T09:33:40.000000Z,90.757,90.719
2015-07-22T09:33:45.000000Z,90.759,90.722
2015-07-22T09:33:50.000000Z,90.759,90.722
2015-07-22T09:34:00.000000Z,90.759,90.722
2015-07-22T09:34:05.000000Z,90.764,90.726
2015-07-22T09:34:10.000000Z,90.763,90.729
2015-07-22T09:34:15.000000Z,90.764,90.727
2015-07-22T09:34:20.000000Z,90.763,90.724
2015-07-22T09:34:30.000000Z,90.761,90.723
2015-07-22T09:34:35.000000Z,90.761,90.723
2015-07-22T09:34:40.000000Z,90.762,90.724
2015-07-22T09:34:50.000000Z,90.761,90.724
2015-07-22T09:35:00.000000Z,90.757,90.718
2015-07-22T09:35:05.000000Z,90.755,90.716
2015-07-22T09:35:10.000000Z,90.759,90.72
2015-07-22T09:35:15.000000Z,90.76,90.723
2015-07-22T09:35:25.000000Z,90.764,90.726
2015-07-22T09:35:30.000000Z,90.765,90.728
2015-07-22T09:35:35.000000Z,90.766,90.731
2015-07-22T09:35:40.000000Z,90.763,90.728
2015-07-22T09:35:45.000000Z,90.766,90.728
2015-07-22T09:35:50.000000Z,90.769,90.729
2015-07-22T09:35:55.000000Z,90.771,90.734
2015-07-22T09:36:00.000000Z,90.771,90.734
2015-07-22T09:36:05.000000Z,90.77,90.734
2015-07-22T09:36:10.000000Z,90.766,90.73
2015-07-22T09:36:15.000000Z,90.764,90.731
2015-07-22T09:36:20.000000Z,90.769,90.733
2015-07-22T09:36:35.000000Z,90.768,90.732
2015-07-22T09:36:40.000000Z,90.765,90.731
2015-07-22T09:36:45.000000Z,90.767,90.73
2015-07-22T09:36:50.000000Z,90.772,90.734
2015-07-22T09:36:55.000000Z,90.77,90.731
2015-07-22T09:37:10.000000Z,90.769,90.732
2015-07-22T09:37:15.000000Z,90.77,90.732
2015-07-22T09:37:20.000000Z,90.769,90.731
2015-07-22T09:37:30.000000Z,90.768,90.729
2015-07-22T09:37:35.000000Z,90.769,90.73
2015-07-22T09:37:40.000000Z,90.769,90.732
2015-07-22T09:37:45.000000Z,90.766,90.729
2015-07-22T09:37:50.000000Z,90.766,90.728
2015-07-22T09:37:55.000000Z,90.766,90.727
2015-07-22T09:38:00.000000Z,90.765,90.728
2015-07-22T09:38:05.000000Z,90.764,90.727
2015-07-22T09:38:10.000000Z,90.763,90.728
2015-07-22T09:38:15.000000Z,90.765,90.729
2015-07-22T09:38:20.000000Z,90.761,90.725
2015-07-22T09:38:25.000000Z,90.762,90.726
2015-07-22T09:38:30.000000Z,90.762,90.729
2015-07-22T09:38:35.000000Z,90.769,90.731
2015-07-22T09:38:40.000000Z,90.762,90.725
2015-07-22T09:38:45.000000Z,90.767,90.727
2015-07-22T09:38:50.000000Z,90.764,90.726
2015-07-22T09:39:05.000000Z,90.766,90.727
2015-07-22T09:39:10.000000Z,90.767,90.73
2015-07-22T09:39:20.000000Z,90.767,90.729
2015-07-22T09:39:25.000000Z,90.768,90.729
2015-07-22T09:39:30.000000Z,90.767,90.728
2015-07-22T09:39:45.000000Z,90.767,90.73
2015-07-22T09:39:50.000000Z,90.766,90.729
2015-07-22T09:39:55.000000Z,90.767,90.73
2015-07-22T09:40:00.000000Z,90.774,90.737
2015-07-22T09:40:05.000000Z,90.776,90.738
2015-07-22T09:40:10.000000Z,90.774,90.737
2015-07-22T09:40:15.000000Z,90.772,90.735
2015-07-22T09:40:20.000000Z,90.772,90.735
2015-07-22T09:40:25.000000Z,90.77,90.732
2015-07-22T09:40:30.000000Z,90.768,90.73
2015-07-22T09:40:35.000000Z,90.769,90.732
2015-07-22T09:40:40.000000Z,90.767,90.732
2015-07-22T09:40:50.000000Z,90.768,90.732
2015-07-22T09:40:55.000000Z,90.764,90.729
2015-07-22T09:41:00.000000Z,90.761,90.726
2015-07-22T09:41:05.000000Z,90.762,90.725
2015-07-22T09:41:15.000000Z,90.762,90.725
2015-07-22T09:41:20.000000Z,90.763,90.725
2015-07-22T09:41:25.000000Z,90.762,90.724
2015-07-22T09:41:30.000000Z,90.761,90.724
2015-07-22T09:41:35.000000Z,90.755,90.718
2015-07-22T09:41:40.000000Z,90.754,90.716
2015-07-22T09:41:45.000000Z,90.752,90.715
2015-07-22T09:41:50.000000Z,90.752,90.715
2015-07-22T09:42:00.000000Z,90.753,90.714
2015-07-22T09:42:05.000000Z,90.751,90.712
2015-07-22T09:42:10.000000Z,90.748,90.71
2015-07-22T09:42:15.000000Z,90.748,90.711
2015-07-22T09:42:20.000000Z,90.747,90.71
2015-07-22T09:42:25.000000Z,90.748,90.712
2015-07-22T09:42:30.000000Z,90.746,90.71
2015-07-22T09:42:45.000000Z,90.74,90.706
2015-07-22T09:42:50.000000Z,90.743,90.705
2015-07-22T09:42:55.000000Z,90.742,90.707
2015-07-22T09:43:05.000000Z,90.74,90.702
2015-07-22T09:43:10.000000Z,90.741,90.704
2015-07-22T09:43:15.000000Z,90.748,90.709
2015-07-22T09:43:25.000000Z,90.746,90.707
2015-07-22T09:43:30.000000Z,90.743,90.706
2015-07-22T09:43:35.000000Z,90.743,90.706
2015-07-22T09:43:40.000000Z,90.746,90.709
2015-07-22T09:43:45.000000Z,90.748,90.712
2015-07-22T09:43:55.000000Z,90.749,90.712
2015-07-22T09:44:00.000000Z,90.75,90.712
2015-07-22T09:44:05.000000Z,90.746,90.71
2015-07-22T09:44:20.000000Z,90.749,90.715
2015-07-22T09:44:25.000000Z,90.75,90.713
2015-07-22T09:44:30.000000Z,90.748,90.709
2015-07-22T09:44:35.000000Z,90.748,90.709
2015-07-22T09:44:40.000000Z,90.747,90.708
2015-07-22T09:44:45.000000Z,90.746,90.709
2015-07-22T09:44:55.000000Z,90.747,90.708
2015-07-22T09:45:00.000000Z,90.747,90.708
2015-07-22T09:45:25.000000Z,90.749,90.709
2015-07-22T09:45:30.000000Z,90.748,90.708
2015-07-22T09:45:40.000000Z,90.748,90.709
2015-07-22T09:45:55.000000Z,90.749,90.712
2015-07-22T09:46:05.000000Z,90.748,90.71
2015-07-22T09:46:10.000000Z,90.748,90.708
2015-07-22T09:46:15.000000Z,90.746,90.707
2015-07-22T09:46:40.000000Z,90.748,90.709
2015-07-22T09:46:45.000000Z,90.747,90.708
2015-07-22T09:46:50.000000Z,90.748,90.707
2015-07-22T09:46:55.000000Z,90.747,90.705
2015-07-22T09:47:00.000000Z,90.742,90.703
2015-07-22T09:47:05.000000Z,90.75,90.71
2015-07-22T09:47:10.000000Z,90.75,90.709
2015-07-22T09:47:20.000000Z,90.75,90.708
2015-07-22T09:47:25.000000Z,90.75,90.709
2015-07-22T09:47:30.000000Z,90.745,90.703
2015-07-22T09:47:40.000000Z,90.743,90.702
2015-07-22T09:47:45.000000Z,90.744,90.702
2015-07-22T09:47:50.000000Z,90.747,90.705
2015-07-22T09:48:00.000000Z,90.745,90.7
2015-07-22T09:48:05.000000Z,90.742,90.702
2015-07-22T09:48:10.000000Z,90.743,90.7
2015-07-22T09:48:15.000000Z,90.742,90.7
2015-07-22T09:48:20.000000Z,90.75,90.706
2015-07-22T09:48:35.000000Z,90.747,90.706
2015-07-22T09:48:40.000000Z,90.748,90.706
2015-07-22T09:48:45.000000Z,90.748,90.706
2015-07-22T09:48:55.000000Z,90.75,90.709
2015-07-22T09:49:00.000000Z,90.757,90.715
2015-07-22T09:49:05.000000Z,90.752,90.71
2015-07-22T09:49:10.000000Z,90.749,90.708
2015-07-22T09:49:25.000000Z,90.749,90.709
2015-07-22T09:49:55.000000Z,90.751,90.711
2015-07-22T09:50:00.000000Z,90.749,90.71
2015-07-22T09:50:05.000000Z,90.748,90.71
2015-07-22T09:50:15.000000Z,90.75,90.713
2015-07-22T09:50:20.000000Z,90.746,90.708
2015-07-22T09:50:25.000000Z,90.737,90.69
2015-07-22T09:50:30.000000Z,90.736,90.691
2015-07-22T09:50:35.000000Z,90.736,90.69
2015-07-22T09:50:45.000000Z,90.736,90.691
2015-07-22T09:50:50.000000Z,90.73,90.687
2015-07-22T09:50:55.000000Z,90.734,90.692
2015-07-22T09:51:00.000000Z,90.739,90.695
2015-07-22T09:51:10.000000Z,90.741,90.697
2015-07-22T09:51:15.000000Z,90.736,90.693
2015-07-22T09:51:25.000000Z,90.738,90.694
2015-07-22T09:51:30.000000Z,90.737,90.692
2015-07-22T09:51:55.000000Z,90.738,90.69
2015-07-22T09:52:00.000000Z,90.738,90.69
2015-07-22T09:52:05.000000Z,90.739,90.691
2015-07-22T09:52:20.000000Z,90.737,90.69
2015-07-22T09:52:25.000000Z,90.722,90.683
2015-07-22T09:52:30.000000Z,90.723,90.685
2015-07-22T09:52:35.000000Z,90.726,90.686
2015-07-22T09:52:40.000000Z,90.725,90.68
2015-07-22T09:52:50.000000Z,90.728,90.685
2015-07-22T09:53:00.000000Z,90.727,90.684
2015-07-22T09:53:05.000000Z,90.726,90.684
2015-07-22T09:53:10.000000Z,90.726,90.689
2015-07-22T09:53:15.000000Z,90.726,90.689
2015-07-22T09:53:20.000000Z,90.732,90.694
2015-07-22T09:53:25.000000Z,90.746,90.704
2015-07-22T09:53:30.000000Z,90.744,90.704
2015-07-22T09:53:35.000000Z,90.746,90.706
2015-07-22T09:53:40.000000Z,90.751,90.714
2015-07-22T09:53:45.000000Z,90.748,90.71
2015-07-22T09:53:55.000000Z,90.748,90.711
2015-07-22T09:54:00.000000Z,90.746,90.71
2015-07-22T09:54:05.000000Z,90.744,90.71
2015-07-22T09:54:10.000000Z,90.745,90.709
2015-07-22T09:54:25.000000Z,90.745,90.709
2015-07-22T09:54:30.000000Z,90.744,90.709
2015-07-22T09:54:40.000000Z,90.745,90.698
2015-07-22T09:54:45.000000Z,90.744,90.699
2015-07-22T09:54:50.000000Z,90.746,90.701
2015-07-22T09:55:00.000000Z,90.745,90.705
2015-07-22T09:55:05.000000Z,90.744,90.705
2015-07-22T09:55:20.000000Z,90.743,90.702
2015-07-22T09:55:30.000000Z,90.744,90.702
2015-07-22T09:55:40.000000Z,90.742,90.701
2015-07-22T09:55:45.000000Z,90.741,90.703
2015-07-22T09:55:50.000000Z,90.744,90.707
2015-07-22T09:55:55.000000Z,90.743,90.704
2015-07-22T09:56:00.000000Z,90.746,90.704
2015-07-22T09:56:05.000000Z,90.745,90.703
2015-07-22T09:56:10.000000Z,90.742,90.703
2015-07-22T09:56:15.000000Z,90.741,90.7
2015-07-22T09:56:20.000000Z,90.727,90.687
2015-07-22T09:56:25.000000Z,90.73,90.689
2015-07-22T09:56:35.000000Z,90.728,90.689
2015-07-22T09:56:50.000000Z,90.728,90.691
2015-07-22T09:57:00.000000Z,90.727,90.69
2015-07-22T09:57:05.000000Z,90.726,90.691
2015-07-22T09:57:10.000000Z,90.727,90.69
2015-07-22T09:57:15.000000Z,90.727,90.69
2015-07-22T09:57:20.000000Z,90.727,90.689
2015-07-22T09:57:25.000000Z,90.727,90.69
2015-07-22T09:57:50.000000Z,90.729,90.69
2015-07-22T09:57:55.000000Z,90.731,90.692
2015-07-22T09:58:00.000000Z,90.73,90.691
2015-07-22T09:58:15.000000Z,90.729,90.691
2015-07-22T09:58:20.000000Z,90.73,90.69
2015-07-22T09:58:25.000000Z,90.73,90.69
2015-07-22T09:58:30.000000Z,90.729,90.69
2015-07-22T09:58:35.000000Z,90.73,90.69
2015-07-22T09:58:40.000000Z,90.728,90.689
2015-07-22T09:59:00.000000Z,90.729,90.69
2015-07-22T09:59:10.000000Z,90.729,90.688
2015-07-22T09:59:20.000000Z,90.729,90.69
2015-07-22T09:59:25.000000Z,90.729,90.69
2015-07-22T09:59:30.000000Z,90.725,90.683
2015-07-22T09:59:35.000000Z,90.726,90.684
2015-07-22T09:59:40.000000Z,90.727,90.688
2015-07-22T09:59:45.000000Z,90.726,90.687
2015-07-22T09:59:50.000000Z,90.721,90.682
2015-07-22T09:59:55.000000Z,90.721,90.682
2015-07-22T10:00:00.000000Z,90.724,90.685
2015-07-22T10:00:05.000000Z,90.724,90.684
2015-07-22T10:00:10.000000Z,90.724,90.683
2015-07-22T10:00:15.000000Z,90.719,90.678
2015-07-22T10:00:20.000000Z,90.718,90.679
2015-07-22T10:00:25.000000Z,90.717,90.68
2015-07-22T10:00:30.000000Z,90.718,90.681
2015-07-22T10:00:35.000000Z,90.719,90.68
2015-07-22T10:00:50.000000Z,90.719,90.68
2015-07-22T10:01:00.000000Z,90.719,90.68
2015-07-22T10:01:05.000000Z,90.718,90.681
2015-07-22T10:01:10.000000Z,90.72,90.681
2015-07-22T10:01:15.000000Z,90.723,90.683
2015-07-22T10:01:20.000000Z,90.722,90.681
2015-07-22T10:01:25.000000Z,90.722,90.682
2015-07-22T10:01:35.000000Z,90.723,90.682
2015-07-22T10:01:40.000000Z,90.723,90.684
2015-07-22T10:01:45.000000Z,90.723,90.685
2015-07-22T10:01:50.000000Z,90.719,90.682
2015-07-22T10:01:55.000000Z,90.72,90.684
2015-07-22T10:02:00.000000Z,90.728,90.689
2015-07-22T10:02:10.000000Z,90.727,90.688
2015-07-22T10:02:15.000000Z,90.729,90.692
2015-07-22T10:02:25.000000Z,90.73,90.691
2015-07-22T10:02:40.000000Z,90.726,90.689
2015-07-22T10:02:45.000000Z,90.725,90.69
2015-07-22T10:02:50.000000Z,90.726,90.691
2015-07-22T10:02:55.000000Z,90.726,90.69
2015-07-22T10:03:00.000000Z,90.727,90.69
2015-07-22T10:03:05.000000Z,90.728,90.689
2015-07-22T10:03:10.000000Z,90.726,90.69
2015-07-22T10:03:15.000000Z,90.726,90.689
2015-07-22T10:03:30.000000Z,90.726,90.69
2015-07-22T10:03:40.000000Z,90.729,90.692
2015-07-22T10:03:45.000000Z,90.727,90.69
2015-07-22T10:03:55.000000Z,90.73,90.693
2015-07-22T10:04:00.000000Z,90.729,90.692
2015-07-22T10:04:05.000000Z,90.73,90.695
2015-07-22T10:04:15.000000Z,90.728,90.691
2015-07-22T10:04:35.000000Z,90.731,90.694
2015-07-22T10:04:40.000000Z,90.731,90.694
2015-07-22T10:04:55.000000Z,90.728,90.69
2015-07-22T10:05:00.000000Z,90.731,90.693
2015-07-22T10:05:05.000000Z,90.731,90.692
2015-07-22T10:05:10.000000Z,90.723,90.685
2015-07-22T10:05:15.000000Z,90.723,90.685
2015-07-22T10:05:20.000000Z,90.72,90.681
2015-07-22T10:05:25.000000Z,90.719,90.68
2015-07-22T10:05:30.000000Z,90.72,90.681
2015-07-22T10:05:35.000000Z,90.722,90.684
2015-07-22T10:05:40.000000Z,90.716,90.676
2015-07-22T10:05:45.000000Z,90.712,90.673
2015-07-22T10:05:50.000000Z,90.712,90.673
2015-07-22T10:05:55.000000Z,90.711,90.671
2015-07-22T10:06:00.000000Z,90.716,90.678
2015-07-22T10:06:05.000000Z,90.713,90.675
2015-07-22T10:06:10.000000Z,90.717,90.676
2015-07-22T10:06:15.000000Z,90.72,90.679
2015-07-22T10:06:20.000000Z,90.721,90.681
2015-07-22T10:06:25.000000Z,90.717,90.68
2015-07-22T10:06:30.000000Z,90.721,90.682
2015-07-22T10:06:35.000000Z,90.725,90.685
2015-07-22T10:06:40.000000Z,90.728,90.688
2015-07-22T10:06:45.000000Z,90.728,90.691
2015-07-22T10:06:50.000000Z,90.728,90.69
2015-07-22T10:06:55.000000Z,90.731,90.694
2015-07-22T10:07:00.000000Z,90.727,90.689
2015-07-22T10:07:05.000000Z,90.725,90.69
2015-07-22T10:07:15.000000Z,90.727,90.688
2015-07-22T10:07:20.000000Z,90.726,90.687
2015-07-22T10:07:25.000000Z,90.727,90.689
2015-07-22T10:07:30.000000Z,90.727,90.688
2015-07-22T10:07:40.000000Z,90.728,90.69
2015-07-22T10:08:00.000000Z,90.726,90.688
2015-07-22T10:08:05.000000Z,90.727,90.689
2015-07-22T10:08:10.000000Z,90.728,90.69
2015-07-22T10:08:15.000000Z,90.726,90.689
2015-07-22T10:08:20.000000Z,90.727,90.688
2015-07-22T10:08:25.000000Z,90.723,90.688
2015-07-22T10:08:30.000000Z,90.729,90.693
2015-07-22T10:08:35.000000Z,90.729,90.694
2015-07-22T10:08:40.000000Z,90.731,90.696
2015-07-22T10:08:45.000000Z,90.733,90.696
2015-07-22T10:08:50.000000Z,90.734,90.698
2015-07-22T10:08:55.000000Z,90.73,90.693
2015-07-22T10:09:00.000000Z,90.73,90.695
2015-07-22T10:09:05.000000Z,90.729,90.694
2015-07-22T10:09:10.000000Z,90.727,90.687
2015-07-22T10:09:15.000000Z,90.72,90.681
2015-07-22T10:09:20.000000Z,90.721,90.682
2015-07-22T10:09:25.000000Z,90.722,90.681
2015-07-22T10:09:30.000000Z,90.719,90.68
2015-07-22T10:09:35.000000Z,90.721,90.685
2015-07-22T10:09:40.000000Z,90.722,90.686
2015-07-22T10:09:45.000000Z,90.714,90.677
2015-07-22T10:09:55.000000Z,90.72,90.683
2015-07-22T10:10:00.000000Z,90.72,90.683
2015-07-22T10:10:05.000000Z,90.724,90.686
2015-07-22T10:10:10.000000Z,90.718,90.683
2015-07-22T10:10:15.000000Z,90.718,90.682
2015-07-22T10:10:20.000000Z,90.715,90.68
2015-07-22T10:10:35.000000Z,90.715,90.678
2015-07-22T10:10:40.000000Z,90.716,90.68
2015-07-22T10:10:45.000000Z,90.717,90.68
2015-07-22T10:10:50.000000Z,90.717,90.68
2015-07-22T10:10:55.000000Z,90.719,90.681
2015-07-22T10:11:00.000000Z,90.719,90.682
2015-07-22T10:11:05.000000Z,90.717,90.681
2015-07-22T10:11:10.000000Z,90.718,90.682
2015-07-22T10:11:15.000000Z,90.719,90.684
2015-07-22T10:11:20.000000Z,90.718,90.679
2015-07-22T10:11:30.000000Z,90.715,90.678
2015-07-22T10:11:35.000000Z,90.716,90.679
2015-07-22T10:11:50.000000Z,90.715,90.679
2015-07-22T10:11:55.000000Z,90.715,90.678
2015-07-22T10:12:00.000000Z,90.715,90.679
2015-07-22T10:12:05.000000Z,90.716,90.678
2015-07-22T10:12:10.000000Z,90.717,90.678
2015-07-22T10:12:15.000000Z,90.718,90.68
2015-07-22T10:12:20.000000Z,90.72,90.682
2015-07-22T10:12:40.000000Z,90.715,90.68
2015-07-22T10:12:45.000000Z,90.715,90.679
2015-07-22T10:12:50.000000Z,90.713,90.675
2015-07-22T10:12:55.000000Z,90.709,90.669
2015-07-22T10:13:00.000000Z,90.708,90.671
2015-07-22T10:13:05.000000Z,90.704,90.667
2015-07-22T10:13:10.000000Z,90.703,90.668
2015-07-22T10:13:15.000000Z,90.705,90.668
2015-07-22T10:13:25.000000Z,90.705,90.669
2015-07-22T10:13:30.000000Z,90.706,90.669
2015-07-22T10:13:35.000000Z,90.705,90.669
2015-07-22T10:13:45.000000Z,90.704,90.669
2015-07-22T10:13:55.000000Z,90.703,90.667
2015-07-22T10:14:00.000000Z,90.702,90.667
2015-07-22T10:14:15.000000Z,90.704,90.668
2015-07-22T10:14:20.000000Z,90.705,90.667
2015-07-22T10:14:40.000000Z,90.702,90.667
2015-07-22T10:14:45.000000Z,90.702,90.667
2015-07-22T10:14:50.000000Z,90.703,90.668
2015-07-22T10:14:55.000000Z,90.707,90.672
2015-07-22T10:15:00.000000Z,90.707,90.672
2015-07-22T10:15:05.000000Z,90.707,90.674
2015-07-22T10:15:10.000000Z,90.706,90.672
2015-07-22T10:15:20.000000Z,90.709,90.674
2015-07-22T10:15:25.000000Z,90.706,90.67
2015-07-22T10:15:30.000000Z,90.704,90.67
2015-07-22T10:15:35.000000Z,90.713,90.677
2015-07-22T10:15:40.000000Z,90.717,90.68
2015-07-22T10:15:45.000000Z,90.713,90.676
2015-07-22T10:15:50.000000Z,90.716,90.682
2015-07-22T10:15:55.000000Z,90.713,90.674
2015-07-22T10:16:00.000000Z,90.713,90.676
2015-07-22T10:16:05.000000Z,90.716,90.678
2015-07-22T10:16:10.000000Z,90.717,90.68
2015-07-22T10:16:15.000000Z,90.717,90.68
2015-07-22T10:16:30.000000Z,90.728,90.693
2015-07-22T10:16:35.000000Z,90.729,90.693
2015-07-22T10:16:45.000000Z,90.73,90.697
2015-07-22T10:16:50.000000Z,90.732,90.699
2015-07-22T10:16:55.000000Z,90.733,90.699
2015-07-22T10:17:00.000000Z,90.731,90.698
2015-07-22T10:17:05.000000Z,90.727,90.693
2015-07-22T10:17:25.000000Z,90.724,90.691
2015-07-22T10:17:45.000000Z,90.726,90.694
2015-07-22T10:17:50.000000Z,90.726,90.693
2015-07-22T10:18:00.000000Z,90.736,90.703
2015-07-22T10:18:05.000000Z,90.739,90.708
2015-07-22T10:18:10.000000Z,90.733,90.7
2015-07-22T10:18:15.000000Z,90.734,90.701
2015-07-22T10:18:20.000000Z,90.734,90.702
2015-07-22T10:18:30.000000Z,90.733,90.7
2015-07-22T10:18:35.000000Z,90.731,90.699
2015-07-22T10:18:40.000000Z,90.733,90.7
2015-07-22T10:18:45.000000Z,90.734,90.701
2015-07-22T10:19:00.000000Z,90.739,90.706
2015-07-22T10:19:05.000000Z,90.738,90.708
2015-07-22T10:19:10.000000Z,90.735,90.703
2015-07-22T10:19:15.000000Z,90.736,90.703
2015-07-22T10:19:20.000000Z,90.736,90.703
2015-07-22T10:19:30.000000Z,90.737,90.705
2015-07-22T10:19:40.000000Z,90.74,90.708
2015-07-22T10:19:45.000000Z,90.746,90.715
2015-07-22T10:19:50.000000Z,90.743,90.711
2015-07-22T10:19:55.000000Z,90.737,90.705
2015-07-22T10:20:00.000000Z,90.739,90.706
2015-07-22T10:20:05.000000Z,90.737,90.704
2015-07-22T10:20:10.000000Z,90.738,90.707
2015-07-22T10:20:15.000000Z,90.738,90.707
2015-07-22T10:20:20.000000Z,90.737,90.704
2015-07-22T10:20:25.000000Z,90.727,90.691
2015-07-22T10:20:40.000000Z,90.732,90.694
2015-07-22T10:20:45.000000Z,90.735,90.697
2015-07-22T10:20:50.000000Z,90.738,90.699
2015-07-22T10:20:55.000000Z,90.738,90.7
2015-07-22T10:21:00.000000Z,90.736,90.699
2015-07-22T10:21:25.000000Z,90.737,90.7
2015-07-22T10:21:30.000000Z,90.736,90.695
2015-07-22T10:21:35.000000Z,90.739,90.7
2015-07-22T10:21:40.000000Z,90.741,90.702
2015-07-22T10:21:45.000000Z,90.737,90.697
2015-07-22T10:21:50.000000Z,90.74,90.699
2015-07-22T10:21:55.000000Z,90.741,90.697
2015-07-22T10:22:00.000000Z,90.736,90.694
2015-07-22T10:22:05.000000Z,90.736,90.696
2015-07-22T10:22:10.000000Z,90.743,90.702
2015-07-22T10:22:15.000000Z,90.744,90.706
2015-07-22T10:22:20.000000Z,90.745,90.71
2015-07-22T10:22:25.000000Z,90.748,90.706
2015-07-22T10:22:30.000000Z,90.746,90.707
2015-07-22T10:22:40.000000Z,90.743,90.706
2015-07-22T10:22:45.000000Z,90.745,90.707
2015-07-22T10:22:50.000000Z,90.745,90.704
2015-07-22T10:22:55.000000Z,90.746,90.708
2015-07-22T10:23:00.000000Z,90.744,90.707
2015-07-22T10:23:05.000000Z,90.743,90.705
2015-07-22T10:23:10.000000Z,90.74,90.702
2015-07-22T10:23:15.000000Z,90.738,90.701
2015-07-22T10:23:20.000000Z,90.746,90.706
2015-07-22T10:23:25.000000Z,90.746,90.709
2015-07-22T10:23:30.000000Z,90.741,90.704
2015-07-22T10:23:35.000000Z,90.74,90.705
2015-07-22T10:23:40.000000Z,90.741,90.7
2015-07-22T10:23:45.000000Z,90.74,90.702
2015-07-22T10:24:00.000000Z,90.736,90.697
2015-07-22T10:24:10.000000Z,90.74,90.699
2015-07-22T10:24:15.000000Z,90.741,90.702
2015-07-22T10:24:20.000000Z,90.743,90.704
2015-07-22T10:24:30.000000Z,90.747,90.705
2015-07-22T10:24:35.000000Z,90.748,90.707
2015-07-22T10:24:40.000000Z,90.746,90.708
2015-07-22T10:24:45.000000Z,90.747,90.706
2015-07-22T10:24:50.000000Z,90.746,90.706
2015-07-22T10:25:00.000000Z,90.745,90.706
2015-07-22T10:25:05.000000Z,90.744,90.706
2015-07-22T10:25:10.000000Z,90.745,90.706
2015-07-22T10:25:15.000000Z,90.751,90.709
2015-07-22T10:25:20.000000Z,90.743,90.707
2015-07-22T10:25:25.000000Z,90.749,90.713
2015-07-22T10:25:30.000000Z,90.749,90.714
2015-07-22T10:25:35.000000Z,90.749,90.715
2015-07-22T10:25:40.000000Z,90.748,90.713
2015-07-22T10:25:45.000000Z,90.746,90.714
2015-07-22T10:25:50.000000Z,90.746,90.711
2015-07-22T10:25:55.000000Z,90.755,90.724
2015-07-22T10:26:00.000000Z,90.744,90.71
2015-07-22T10:26:05.000000Z,90.752,90.717
2015-07-22T10:26:10.000000Z,90.75,90.717
2015-07-22T10:26:15.000000Z,90.749,90.715
2015-07-22T10:26:20.000000Z,90.749,90.715
2015-07-22T10:26:30.000000Z,90.75,90.718
2015-07-22T10:26:35.000000Z,90.745,90.711
2015-07-22T10:26:40.000000Z,90.744,90.706
2015-07-22T10:26:45.000000Z,90.744,90.704
2015-07-22T10:26:50.000000Z,90.745,90.705
2015-07-22T10:26:55.000000Z,90.742,90.702
2015-07-22T10:27:00.000000Z,90.744,90.706
2015-07-22T10:27:05.000000Z,90.747,90.706
2015-07-22T10:27:10.000000Z,90.747,90.709
2015-07-22T10:27:20.000000Z,90.748,90.708
2015-07-22T10:27:25.000000Z,90.749,90.712
2015-07-22T10:27:30.000000Z,90.748,90.711
2015-07-22T10:27:35.000000Z,90.743,90.709
2015-07-22T10:27:40.000000Z,90.751,90.712
2015-07-22T10:27:45.000000Z,90.756,90.719
2015-07-22T10:27:50.000000Z,90.756,90.721
2015-07-22T10:27:55.000000Z,90.767,90.733
2015-07-22T10:28:00.000000Z,90.772,90.737
2015-07-22T10:28:05.000000Z,90.776,90.743
2015-07-22T10:28:10.000000Z,90.767,90.732
2015-07-22T10:28:15.000000Z,90.78,90.744
2015-07-22T10:28:20.000000Z,90.779,90.744
2015-07-22T10:28:25.000000Z,90.768,90.73
2015-07-22T10:28:30.000000Z,90.782,90.748
2015-07-22T10:28:40.000000Z,90.779,90.746
2015-07-22T10:28:45.000000Z,90.776,90.731
2015-07-22T10:28:50.000000Z,90.771,90.732
2015-07-22T10:28:55.000000Z,90.77,90.73
2015-07-22T10:29:00.000000Z,90.765,90.73
2015-07-22T10:29:05.000000Z,90.767,90.731
2015-07-22T10:29:10.000000Z,90.77,90.734
2015-07-22T10:29:15.000000Z,90.77,90.735
2015-07-22T10:29:20.000000Z,90.764,90.73
2015-07-22T10:29:30.000000Z,90.765,90.73
2015-07-22T10:29:35.000000Z,90.766,90.731
2015-07-22T10:29:40.000000Z,90.766,90.732
2015-07-22T10:29:45.000000Z,90.764,90.731
2015-07-22T10:29:50.000000Z,90.764,90.731
2015-07-22T10:30:05.000000Z,90.759,90.726
2015-07-22T10:30:10.000000Z,90.76,90.725
2015-07-22T10:30:15.000000Z,90.76,90.727
2015-07-22T10:30:20.000000Z,90.76,90.726
2015-07-22T10:30:35.000000Z,90.76,90.726
2015-07-22T10:30:40.000000Z,90.758,90.725
2015-07-22T10:30:50.000000Z,90.762,90.725
2015-07-22T10:30:55.000000Z,90.764,90.726
2015-07-22T10:31:00.000000Z,90.768,90.727
2015-07-22T10:31:05.000000Z,90.765,90.726
2015-07-22T10:31:10.000000Z,90.765,90.726
2015-07-22T10:31:15.000000Z,90.764,90.727
2015-07-22T10:31:20.000000Z,90.766,90.728
2015-07-22T10:31:25.000000Z,90.766,90.729
2015-07-22T10:31:30.000000Z,90.765,90.726
2015-07-22T10:31:35.000000Z,90.76,90.722
2015-07-22T10:32:00.000000Z,90.758,90.721
2015-07-22T10:32:05.000000Z,90.752,90.714
2015-07-22T10:32:10.000000Z,90.753,90.714
2015-07-22T10:32:15.000000Z,90.746,90.705
2015-07-22T10:32:20.000000Z,90.743,90.7
2015-07-22T10:32:45.000000Z,90.74,90.699
2015-07-22T10:32:50.000000Z,90.736,90.695
2015-07-22T10:32:55.000000Z,90.738,90.699
2015-07-22T10:33:00.000000Z,90.743,90.704
2015-07-22T10:33:05.000000Z,90.751,90.712
2015-07-22T10:33:10.000000Z,90.754,90.715
2015-07-22T10:33:15.000000Z,90.752,90.715
2015-07-22T10:33:20.000000Z,90.752,90.712
2015-07-22T10:33:25.000000Z,90.75,90.712
2015-07-22T10:33:30.000000Z,90.744,90.699
2015-07-22T10:33:35.000000Z,90.742,90.7
2015-07-22T10:33:50.000000Z,90.74,90.698
2015-07-22T10:33:55.000000Z,90.741,90.697
2015-07-22T10:34:00.000000Z,90.742,90.698
2015-07-22T10:34:10.000000Z,90.741,90.698
2015-07-22T10:34:20.000000Z,90.741,90.698
2015-07-22T10:34:25.000000Z,90.741,90.698
2015-07-22T10:34:30.000000Z,90.74,90.698
2015-07-22T10:34:35.000000Z,90.741,90.698
2015-07-22T10:34:45.000000Z,90.741,90.697
2015-07-22T10:34:50.000000Z,90.74,90.701
2015-07-22T10:34:55.000000Z,90.738,90.701
2015-07-22T10:35:05.000000Z,90.737,90.7
2015-07-22T10:35:10.000000Z,90.738,90.697
2015-07-22T10:35:15.000000Z,90.735,90.696
2015-07-22T10:35:20.000000Z,90.738,90.698
2015-07-22T10:35:25.000000Z,90.744,90.703
2015-07-22T10:35:30.000000Z,90.745,90.706
2015-07-22T10:35:35.000000Z,90.754,90.715
2015-07-22T10:35:40.000000Z,90.744,90.701
2015-07-22T10:35:45.000000Z,90.739,90.696
2015-07-22T10:35:50.000000Z,90.742,90.701
2015-07-22T10:35:55.000000Z,90.741,90.7
2015-07-22T10:36:00.000000Z,90.738,90.701
2015-07-22T10:36:05.000000Z,90.743,90.704
2015-07-22T10:36:15.000000Z,90.74,90.699
2015-07-22T10:36:20.000000Z,90.735,90.696
2015-07-22T10:36:25.000000Z,90.734,90.695
2015-07-22T10:36:30.000000Z,90.74,90.698
2015-07-22T10:36:35.000000Z,90.742,90.704
2015-07-22T10:36:40.000000Z,90.745,90.707
2015-07-22T10:36:45.000000Z,90.746,90.708
2015-07-22T10:36:50.000000Z,90.744,90.707
2015-07-22T10:36:55.000000Z,90.745,90.706
2015-07-22T10:37:10.000000Z,90.747,90.707
2015-07-22T10:37:15.000000Z,90.745,90.703
2015-07-22T10:37:20.000000Z,90.747,90.706
2015-07-22T10:37:25.000000Z,90.747,90.708
2015-07-22T10:37:30.000000Z,90.748,90.703
2015-07-22T10:37:35.000000Z,90.746,90.702
2015-07-22T10:37:40.000000Z,90.738,90.697
2015-07-22T10:37:45.000000Z,90.74,90.698
2015-07-22T10:37:50.000000Z,90.737,90.697
2015-07-22T10:37:55.000000Z,90.737,90.694
2015-07-22T10:38:00.000000Z,90.731,90.692
2015-07-22T10:38:10.000000Z,90.735,90.69
2015-07-22T10:38:15.000000Z,90.738,90.695
2015-07-22T10:38:20.000000Z,90.737,90.696
2015-07-22T10:38:30.000000Z,90.73,90.691
2015-07-22T10:38:45.000000Z,90.731,90.692
2015-07-22T10:38:55.000000Z,90.73,90.693
2015-07-22T10:39:00.000000Z,90.731,90.692
2015-07-22T10:39:10.000000Z,90.732,90.692
2015-07-22T10:39:15.000000Z,90.731,90.693
2015-07-22T10:39:20.000000Z,90.732,90.69
2015-07-22T10:39:25.000000Z,90.728,90.689
2015-07-22T10:39:35.000000Z,90.735,90.693
2015-07-22T10:39:40.000000Z,90.735,90.694
2015-07-22T10:39:45.000000Z,90.737,90.695
2015-07-22T10:39:50.000000Z,90.739,90.698
2015-07-22T10:39:55.000000Z,90.74,90.7
2015-07-22T10:40:00.000000Z,90.737,90.696
2015-07-22T10:40:10.000000Z,90.736,90.697
2015-07-22T10:40:20.000000Z,90.735,90.696
2015-07-22T10:40:25.000000Z,90.737,90.696
2015-07-22T10:40:30.000000Z,90.734,90.692
2015-07-22T10:40:35.000000Z,90.73,90.69
2015-07-22T10:40:40.000000Z,90.728,90.686
2015-07-22T10:40:50.000000Z,90.733,90.692
2015-07-22T10:41:00.000000Z,90.737,90.696
2015-07-22T10:41:05.000000Z,90.735,90.696
2015-07-22T10:41:10.000000Z,90.74,90.701
2015-07-22T10:41:15.000000Z,90.733,90.689
2015-07-22T10:41:20.000000Z,90.73,90.687
2015-07-22T10:41:25.000000Z,90.73,90.688
2015-07-22T10:41:30.000000Z,90.729,90.688
2015-07-22T10:41:35.000000Z,90.73,90.693
2015-07-22T10:41:40.000000Z,90.732,90.693
2015-07-22T10:41:45.000000Z,90.735,90.694
2015-07-22T10:41:50.000000Z,90.734,90.689
2015-07-22T10:42:00.000000Z,90.731,90.69
2015-07-22T10:42:05.000000Z,90.729,90.69
2015-07-22T10:42:10.000000Z,90.731,90.688
2015-07-22T10:42:15.000000Z,90.73,90.689
2015-07-22T10:42:20.000000Z,90.73,90.689
2015-07-22T10:42:25.000000Z,90.731,90.688
2015-07-22T10:42:30.000000Z,90.73,90.689
2015-07-22T10:42:40.000000Z,90.73,90.689
2015-07-22T10:42:45.000000Z,90.729,90.69
2015-07-22T10:42:50.000000Z,90.727,90.686
2015-07-22T10:42:55.000000Z,90.724,90.684
2015-07-22T10:43:00.000000Z,90.722,90.681
2015-07-22T10:43:05.000000Z,90.72,90.678
