time,closeAsk,closeBid,volume
2015-08-11T08:16:10.000000Z,0.65673828125,0.65625,2.0
2015-08-11T08:16:30.000000Z,0.65625,0.65625,12.0
2015-08-11T08:16:40.000000Z,0.65673828125,0.65625,12.0
2015-08-11T08:16:50.000000Z,0.65625,0.65625,2.0
2015-08-11T08:17:00.000000Z,0.65625,0.65625,15.0
2015-08-11T08:17:10.000000Z,0.65673828125,0.65625,18.0
2015-08-11T08:17:20.000000Z,0.65673828125,0.65625,5.0
2015-08-11T08:17:30.000000Z,0.65673828125,0.65625,1.0
2015-08-11T08:17:50.000000Z,0.65625,0.65625,9.0
2015-08-11T08:18:00.000000Z,0.65673828125,0.65625,4.0
2015-08-11T08:18:10.000000Z,0.65673828125,0.65625,15.0
2015-08-11T08:18:20.000000Z,0.65673828125,0.65625,4.0
2015-08-11T08:18:30.000000Z,0.65673828125,0.65625,8.0
2015-08-11T08:18:40.000000Z,0.65673828125,0.65625,6.0
2015-08-11T08:18:50.000000Z,0.65673828125,0.65625,3.0
2015-08-11T08:19:00.000000Z,0.65673828125,0.65625,3.0
2015-08-11T08:19:20.000000Z,0.65673828125,0.65625,12.0
2015-08-11T08:19:30.000000Z,0.65673828125,0.65625,6.0
2015-08-11T08:19:40.000000Z,0.65673828125,0.65673828125,5.0
2015-08-11T08:20:00.000000Z,0.65673828125,0.65673828125,5.0
2015-08-11T08:20:10.000000Z,0.65673828125,0.65673828125,14.0
2015-08-11T08:20:20.000000Z,0.65673828125,0.65673828125,9.0
2015-08-11T08:20:30.000000Z,0.65673828125,0.65673828125,7.0
2015-08-11T08:20:40.000000Z,0.65673828125,0.65673828125,3.0
2015-08-11T08:20:50.000000Z,0.65673828125,0.65673828125,2.0
2015-08-11T08:21:00.000000Z,0.65673828125,0.65625,8.0
2015-08-11T08:21:10.000000Z,0.65673828125,0.65625,11.0
2015-08-11T08:21:20.000000Z,0.65673828125,0.65625,5.0
2015-08-11T08:21:50.000000Z,0.65673828125,0.65625,4.0
2015-08-11T08:22:00.000000Z,0.65673828125,0.65673828125,2.0
2015-08-11T08:22:10.000000Z,0.65673828125,0.65625,9.0
2015-08-11T08:22:30.000000Z,0.65673828125,0.65625,4.0
2015-08-11T08:22:40.000000Z,0.65673828125,0.65625,8.0
2015-08-11T08:22:50.000000Z,0.65673828125,0.65625,5.0
2015-08-11T08:23:00.000000Z,0.65673828125,0.65673828125,10.0
2015-08-11T08:23:10.000000Z,0.65673828125,0.65625,13.0
2015-08-11T08:23:30.000000Z,0.65673828125,0.65673828125,3.0
2015-08-11T08:23:40.000000Z,0.65673828125,0.65673828125,1.0
2015-08-11T08:23:50.000000Z,0.65673828125,0.65673828125,8.0
2015-08-11T08:24:00.000000Z,0.65673828125,0.65673828125,3.0
2015-08-11T08:24:10.000000Z,0.65673828125,0.65673828125,2.0
2015-08-11T08:24:20.000000Z,0.65673828125,0.65625,12.0
2015-08-11T08:24:30.000000Z,0.65673828125,0.65625,8.0
2015-08-11T08:24:40.000000Z,0.65673828125,0.65625,8.0
2015-08-11T08:24:50.000000Z,0.65673828125,0.65625,9.0
2015-08-11T08:25:00.000000Z,0.65625,0.65625,1.0
2015-08-11T08:25:10.000000Z,0.65625,0.65625,4.0
2015-08-11T08:25:20.000000Z,0.65625,0.65625,6.0
2015-08-11T08:25:30.000000Z,0.65625,0.65625,1.0
2015-08-11T08:25:40.000000Z,0.65625,0.65625,6.0
2015-08-11T08:25:50.000000Z,0.65673828125,0.65625,11.0
2015-08-11T08:26:00.000000Z,0.65673828125,0.65625,2.0
2015-08-11T08:26:20.000000Z,0.65673828125,0.65625,4.0
2015-08-11T08:26:40.000000Z,0.65673828125,0.65625,8.0
2015-08-11T08:26:50.000000Z,0.65625,0.65625,8.0
2015-08-11T08:27:00.000000Z,0.65673828125,0.65625,9.0
2015-08-11T08:27:10.000000Z,0.65673828125,0.65625,4.0
2015-08-11T08:27:20.000000Z,0.65625,0.65625,9.0
2015-08-11T08:27:30.000000Z,0.65625,0.65576171875,11.0
2015-08-11T08:27:40.000000Z,0.65625,0.65576171875,17.0
2015-08-11T08:27:50.000000Z,0.65625,0.65576171875,15.0
2015-08-11T08:28:00.000000Z,0.65625,0.65576171875,4.0
2015-08-11T08:28:10.000000Z,0.65625,0.65576171875,12.0
2015-08-11T08:28:20.000000Z,0.65625,0.65576171875,5.0
2015-08-11T08:28:30.000000Z,0.65625,0.65625,4.0
2015-08-11T08:28:40.000000Z,0.65625,0.65625,8.0
2015-08-11T08:28:50.000000Z,0.65625,0.65625,2.0
2015-08-11T08:29:00.000000Z,0.65625,0.65576171875,3.0
2015-08-11T08:29:10.000000Z,0.65625,0.65576171875,1.0
2015-08-11T08:29:30.000000Z,0.65625,0.65576171875,1.0
2015-08-11T08:29:40.000000Z,0.65625,0.65625,2.0
2015-08-11T08:29:50.000000Z,0.65625,0.65576171875,4.0
2015-08-11T08:30:00.000000Z,0.65625,0.65576171875,2.0
2015-08-11T08:30:10.000000Z,0.65625,0.65576171875,1.0
2015-08-11T08:30:20.000000Z,0.65625,0.65576171875,1.0
2015-08-11T08:30:30.000000Z,0.65625,0.65576171875,2.0
2015-08-11T08:30:40.000000Z,0.65576171875,0.65576171875,12.0
2015-08-11T08:30:50.000000Z,0.65576171875,0.65576171875,1.0
2015-08-11T08:31:00.000000Z,0.65576171875,0.65576171875,3.0
2015-08-11T08:31:10.000000Z,0.65576171875,0.6552734375,7.0
2015-08-11T08:31:20.000000Z,0.65576171875,0.6552734375,23.0
2015-08-11T08:31:30.000000Z,0.65576171875,0.6552734375,6.0
2015-08-11T08:31:40.000000Z,0.65576171875,0.6552734375,2.0
2015-08-11T08:31:50.000000Z,0.65576171875,0.6552734375,3.0
2015-08-11T08:32:00.000000Z,0.65576171875,0.65576171875,8.0
2015-08-11T08:32:10.000000Z,0.65576171875,0.65576171875,1.0
2015-08-11T08:32:20.000000Z,0.65576171875,0.65576171875,1.0
2015-08-11T08:32:40.000000Z,0.65576171875,0.6552734375,1.0
2015-08-11T08:32:50.000000Z,0.65576171875,0.6552734375,1.0
2015-08-11T08:33:00.000000Z,0.65576171875,0.6552734375,14.0
2015-08-11T08:33:10.000000Z,0.6552734375,0.6552734375,5.0
2015-08-11T08:33:30.000000Z,0.6552734375,0.6552734375,1.0
2015-08-11T08:33:40.000000Z,0.6552734375,0.6552734375,2.0
2015-08-11T08:33:50.000000Z,0.65576171875,0.6552734375,8.0
2015-08-11T08:34:10.000000Z,0.65576171875,0.65576171875,4.0
2015-08-11T08:34:20.000000Z,0.65576171875,0.65576171875,2.0
2015-08-11T08:34:40.000000Z,0.65576171875,0.65576171875,4.0
2015-08-11T08:35:00.000000Z,0.65576171875,0.65576171875,9.0
2015-08-11T08:35:10.000000Z,0.65576171875,0.65576171875,1.0
2015-08-11T08:35:30.000000Z,0.65576171875,0.65576171875,2.0
2015-08-11T08:35:40.000000Z,0.65576171875,0.65576171875,10.0
2015-08-11T08:35:50.000000Z,0.65576171875,0.6552734375,10.0
2015-08-11T08:36:10.000000Z,0.65576171875,0.65576171875,2.0
2015-08-11T08:36:20.000000Z,0.65576171875,0.65576171875,1.0
2015-08-11T08:36:30.000000Z,0.65576171875,0.6552734375,8.0
2015-08-11T08:36:50.000000Z,0.65576171875,0.6552734375,2.0
2015-08-11T08:37:00.000000Z,0.65576171875,0.6552734375,9.0
2015-08-11T08:37:10.000000Z,0.65576171875,0.6552734375,1.0
2015-08-11T08:37:30.000000Z,0.65576171875,0.6552734375,2.0
2015-08-11T08:37:40.000000Z,0.65576171875,0.6552734375,2.0
2015-08-11T08:37:50.000000Z,0.65576171875,0.6552734375,4.0
2015-08-11T08:38:00.000000Z,0.6552734375,0.6552734375,11.0
2015-08-11T08:38:20.000000Z,0.6552734375,0.6552734375,2.0
2015-08-11T08:38:30.000000Z,0.6552734375,0.6552734375,3.0
2015-08-11T08:38:40.000000Z,0.65576171875,0.6552734375,10.0
2015-08-11T08:39:00.000000Z,0.65576171875,0.6552734375,9.0
2015-08-11T08:39:20.000000Z,0.65576171875,0.6552734375,6.0
2015-08-11T08:39:30.000000Z,0.65576171875,0.6552734375,1.0
2015-08-11T08:39:50.000000Z,0.65576171875,0.6552734375,3.0
2015-08-11T08:40:40.000000Z,0.65576171875,0.65576171875,4.0
2015-08-11T08:41:20.000000Z,0.65576171875,0.65576171875,8.0
2015-08-11T08:41:30.000000Z,0.65576171875,0.65576171875,1.0
2015-08-11T08:41:40.000000Z,0.65576171875,0.65576171875,4.0
2015-08-11T08:41:50.000000Z,0.65576171875,0.6552734375,5.0
2015-08-11T08:42:00.000000Z,0.65576171875,0.65576171875,10.0
2015-08-11T08:42:30.000000Z,0.65576171875,0.65576171875,10.0
2015-08-11T08:42:50.000000Z,0.65576171875,0.65576171875,9.0
2015-08-11T08:43:10.000000Z,0.65576171875,0.65576171875,13.0
2015-08-11T08:43:30.000000Z,0.65576171875,0.6552734375,10.0
2015-08-11T08:43:50.000000Z,0.65576171875,0.65576171875,3.0
2015-08-11T08:44:00.000000Z,0.65576171875,0.65576171875,3.0
2015-08-11T08:44:10.000000Z,0.65576171875,0.65576171875,3.0
2015-08-11T08:44:20.000000Z,0.65576171875,0.6552734375,8.0
2015-08-11T08:44:30.000000Z,0.65576171875,0.6552734375,11.0
2015-08-11T08:44:40.000000Z,0.65576171875,0.6552734375,22.0
2015-08-11T08:44:50.000000Z,0.6552734375,0.6552734375,18.0
2015-08-11T08:45:00.000000Z,0.65576171875,0.6552734375,9.0
2015-08-11T08:45:10.000000Z,0.65576171875,0.6552734375,11.0
2015-08-11T08:45:20.000000Z,0.6552734375,0.6552734375,9.0
2015-08-11T08:45:30.000000Z,0.6552734375,0.6552734375,12.0
2015-08-11T08:45:40.000000Z,0.6552734375,0.6552734375,5.0
2015-08-11T08:45:50.000000Z,0.6552734375,0.6552734375,13.0
2015-08-11T08:46:00.000000Z,0.65576171875,0.6552734375,6.0
2015-08-11T08:46:10.000000Z,0.65576171875,0.6552734375,10.0
2015-08-11T08:46:20.000000Z,0.65576171875,0.6552734375,1.0
2015-08-11T08:46:30.000000Z,0.65576171875,0.65576171875,3.0
2015-08-11T08:46:40.000000Z,0.65576171875,0.6552734375,11.0
2015-08-11T08:46:50.000000Z,0.65576171875,0.6552734375,10.0
2015-08-11T08:47:00.000000Z,0.65576171875,0.65576171875,5.0
2015-08-11T08:47:10.000000Z,0.65576171875,0.65576171875,4.0
2015-08-11T08:47:30.000000Z,0.65576171875,0.65576171875,2.0
2015-08-11T08:47:40.000000Z,0.65576171875,0.65576171875,2.0
2015-08-11T08:47:50.000000Z,0.65576171875,0.65576171875,5.0
2015-08-11T08:48:00.000000Z,0.65576171875,0.65576171875,1.0
2015-08-11T08:48:10.000000Z,0.65576171875,0.6552734375,12.0
2015-08-11T08:48:30.000000Z,0.65576171875,0.6552734375,2.0
2015-08-11T08:48:40.000000Z,0.65576171875,0.6552734375,3.0
2015-08-11T08:48:50.000000Z,0.65576171875,0.6552734375,7.0
2015-08-11T08:49:00.000000Z,0.65576171875,0.6552734375,1.0
2015-08-11T08:49:20.000000Z,0.65576171875,0.6552734375,2.0
2015-08-11T08:49:30.000000Z,0.65576171875,0.6552734375,4.0
2015-08-11T08:50:20.000000Z,0.65576171875,0.6552734375,2.0
2015-08-11T08:50:30.000000Z,0.65576171875,0.6552734375,17.0
2015-08-11T08:50:40.000000Z,0.65576171875,0.6552734375,14.0
2015-08-11T08:50:50.000000Z,0.6552734375,0.6552734375,16.0
2015-08-11T08:51:00.000000Z,0.6552734375,0.6552734375,5.0
2015-08-11T08:51:10.000000Z,0.6552734375,0.6552734375,7.0
2015-08-11T08:51:20.000000Z,0.6552734375,0.6552734375,5.0
2015-08-11T08:51:30.000000Z,0.6552734375,0.6552734375,5.0
2015-08-11T08:51:40.000000Z,0.6552734375,0.6552734375,3.0
2015-08-11T08:52:00.000000Z,0.6552734375,0.6552734375,2.0
2015-08-11T08:52:10.000000Z,0.6552734375,0.6552734375,1.0
2015-08-11T08:52:20.000000Z,0.6552734375,0.6552734375,3.0
2015-08-11T08:52:30.000000Z,0.6552734375,0.6552734375,2.0
2015-08-11T08:52:50.000000Z,0.6552734375,0.6552734375,1.0
2015-08-11T08:53:00.000000Z,0.6552734375,0.6552734375,13.0
2015-08-11T08:53:30.000000Z,0.6552734375,0.6552734375,4.0
2015-08-11T08:53:40.000000Z,0.6552734375,0.6552734375,6.0
2015-08-11T08:53:50.000000Z,0.6552734375,0.6552734375,9.0
2015-08-11T08:54:00.000000Z,0.6552734375,0.6552734375,7.0
2015-08-11T08:54:10.000000Z,0.6552734375,0.6552734375,1.0
2015-08-11T08:54:20.000000Z,0.6552734375,0.6552734375,1.0
2015-08-11T08:54:50.000000Z,0.6552734375,0.6552734375,4.0
2015-08-11T08:55:00.000000Z,0.6552734375,0.6552734375,1.0
2015-08-11T08:55:20.000000Z,0.6552734375,0.6552734375,2.0
2015-08-11T08:55:40.000000Z,0.6552734375,0.6552734375,1.0
2015-08-11T08:55:50.000000Z,0.6552734375,0.6552734375,1.0
2015-08-11T08:56:00.000000Z,0.6552734375,0.6552734375,4.0
2015-08-11T08:56:10.000000Z,0.6552734375,0.6552734375,3.0
2015-08-11T08:56:20.000000Z,0.6552734375,0.6552734375,7.0
2015-08-11T08:57:00.000000Z,0.6552734375,0.6552734375,2.0
2015-08-11T08:57:10.000000Z,0.6552734375,0.6552734375,2.0
2015-08-11T08:57:40.000000Z,0.65576171875,0.6552734375,8.0
2015-08-11T08:57:50.000000Z,0.65576171875,0.6552734375,3.0
2015-08-11T08:58:10.000000Z,0.65576171875,0.6552734375,3.0
2015-08-11T08:58:30.000000Z,0.65576171875,0.65576171875,3.0
2015-08-11T08:58:40.000000Z,0.65576171875,0.6552734375,10.0
2015-08-11T08:58:50.000000Z,0.65576171875,0.6552734375,1.0
2015-08-11T08:59:00.000000Z,0.65576171875,0.6552734375,3.0
2015-08-11T08:59:30.000000Z,0.65576171875,0.6552734375,12.0
2015-08-11T09:00:00.000000Z,0.65576171875,0.6552734375,9.0
2015-08-11T09:00:10.000000Z,0.65576171875,0.6552734375,11.0
2015-08-11T09:00:30.000000Z,0.65576171875,0.65576171875,4.0
2015-08-11T09:00:40.000000Z,0.65576171875,0.65576171875,6.0
2015-08-11T09:00:50.000000Z,0.65576171875,0.65576171875,9.0
2015-08-11T09:01:00.000000Z,0.65576171875,0.65576171875,9.0
2015-08-11T09:01:10.000000Z,0.65576171875,0.65576171875,13.0
2015-08-11T09:01:20.000000Z,0.65576171875,0.65576171875,5.0
2015-08-11T09:01:30.000000Z,0.65576171875,0.65576171875,2.0
2015-08-11T09:01:40.000000Z,0.65576171875,0.65576171875,8.0
2015-08-11T09:01:50.000000Z,0.65576171875,0.65576171875,7.0
2015-08-11T09:02:00.000000Z,0.65576171875,0.65576171875,13.0
2015-08-11T09:02:10.000000Z,0.65576171875,0.6552734375,16.0
2015-08-11T09:02:20.000000Z,0.65576171875,0.65576171875,2.0
2015-08-11T09:02:30.000000Z,0.65576171875,0.65576171875,1.0
2015-08-11T09:02:40.000000Z,0.65576171875,0.6552734375,3.0
2015-08-11T09:02:50.000000Z,0.65576171875,0.65576171875,6.0
2015-08-11T09:03:00.000000Z,0.65576171875,0.65576171875,4.0
2015-08-11T09:03:10.000000Z,0.65576171875,0.6552734375,3.0
2015-08-11T09:03:20.000000Z,0.65576171875,0.6552734375,5.0
2015-08-11T09:03:30.000000Z,0.65576171875,0.6552734375,1.0
2015-08-11T09:03:40.000000Z,0.65576171875,0.65576171875,2.0
2015-08-11T09:03:50.000000Z,0.65576171875,0.6552734375,16.0
2015-08-11T09:04:00.000000Z,0.65576171875,0.6552734375,5.0
2015-08-11T09:04:10.000000Z,0.65576171875,0.6552734375,1.0
2015-08-11T09:04:20.000000Z,0.65576171875,0.6552734375,1.0
2015-08-11T09:04:30.000000Z,0.65576171875,0.6552734375,3.0
2015-08-11T09:04:40.000000Z,0.65576171875,0.6552734375,2.0
2015-08-11T09:04:50.000000Z,0.65576171875,0.6552734375,1.0
2015-08-11T09:05:00.000000Z,0.65576171875,0.6552734375,1.0
2015-08-11T09:05:10.000000Z,0.65576171875,0.6552734375,1.0
2015-08-11T09:05:20.000000Z,0.65576171875,0.6552734375,1.0
2015-08-11T09:05:30.000000Z,0.65576171875,0.6552734375,1.0
2015-08-11T09:05:40.000000Z,0.65576171875,0.6552734375,1.0
2015-08-11T09:05:50.000000Z,0.65576171875,0.6552734375,1.0
2015-08-11T09:06:20.000000Z,0.6552734375,0.6552734375,6.0
2015-08-11T09:07:00.000000Z,0.6552734375,0.6552734375,6.0
2015-08-11T09:07:20.000000Z,0.65576171875,0.6552734375,3.0
2015-08-11T09:07:30.000000Z,0.65576171875,0.6552734375,1.0
2015-08-11T09:07:40.000000Z,0.65576171875,0.6552734375,2.0
2015-08-11T09:07:50.000000Z,0.65576171875,0.6552734375,1.0
2015-08-11T09:08:10.000000Z,0.65576171875,0.6552734375,1.0
2015-08-11T09:08:20.000000Z,0.6552734375,0.6552734375,1.0
2015-08-11T09:08:30.000000Z,0.6552734375,0.6552734375,4.0
2015-08-11T09:08:40.000000Z,0.6552734375,0.6552734375,2.0
2015-08-11T09:08:50.000000Z,0.6552734375,0.6552734375,4.0
2015-08-11T09:09:00.000000Z,0.6552734375,0.6552734375,1.0
2015-08-11T09:09:10.000000Z,0.6552734375,0.6552734375,4.0
2015-08-11T09:09:20.000000Z,0.6552734375,0.6552734375,10.0
2015-08-11T09:09:40.000000Z,0.65576171875,0.6552734375,7.0
2015-08-11T09:09:50.000000Z,0.6552734375,0.6552734375,5.0
2015-08-11T09:10:00.000000Z,0.6552734375,0.65478515625,4.0
2015-08-11T09:10:10.000000Z,0.6552734375,0.65478515625,8.0
2015-08-11T09:10:20.000000Z,0.6552734375,0.65478515625,4.0
2015-08-11T09:10:30.000000Z,0.6552734375,0.65478515625,8.0
2015-08-11T09:10:40.000000Z,0.6552734375,0.65478515625,21.0
2015-08-11T09:10:50.000000Z,0.6552734375,0.65478515625,13.0
2015-08-11T09:11:00.000000Z,0.65478515625,0.65478515625,21.0
2015-08-11T09:11:10.000000Z,0.65478515625,0.65478515625,14.0
2015-08-11T09:11:20.000000Z,0.6552734375,0.65478515625,5.0
2015-08-11T09:11:30.000000Z,0.65478515625,0.65478515625,2.0
2015-08-11T09:11:40.000000Z,0.65478515625,0.65478515625,8.0
2015-08-11T09:11:50.000000Z,0.65478515625,0.65478515625,5.0
2015-08-11T09:12:00.000000Z,0.65478515625,0.65478515625,10.0
2015-08-11T09:12:10.000000Z,0.65478515625,0.65478515625,2.0
2015-08-11T09:12:20.000000Z,0.6552734375,0.65478515625,6.0
2015-08-11T09:12:30.000000Z,0.6552734375,0.65478515625,14.0
2015-08-11T09:12:40.000000Z,0.6552734375,0.65478515625,1.0
2015-08-11T09:12:50.000000Z,0.6552734375,0.65478515625,4.0
2015-08-11T09:13:00.000000Z,0.6552734375,0.65478515625,10.0
2015-08-11T09:13:10.000000Z,0.6552734375,0.65478515625,2.0
2015-08-11T09:13:30.000000Z,0.6552734375,0.65478515625,2.0
2015-08-11T09:13:40.000000Z,0.6552734375,0.65478515625,4.0
2015-08-11T09:13:50.000000Z,0.6552734375,0.65478515625,3.0
2015-08-11T09:14:00.000000Z,0.6552734375,0.65478515625,14.0
2015-08-11T09:14:10.000000Z,0.6552734375,0.65478515625,3.0
2015-08-11T09:14:30.000000Z,0.6552734375,0.65478515625,3.0
2015-08-11T09:14:40.000000Z,0.6552734375,0.65478515625,1.0
2015-08-11T09:14:50.000000Z,0.6552734375,0.65478515625,3.0
2015-08-11T09:15:10.000000Z,0.6552734375,0.6552734375,1.0
2015-08-11T09:15:40.000000Z,0.6552734375,0.65478515625,8.0
2015-08-11T09:15:50.000000Z,0.6552734375,0.6552734375,4.0
2015-08-11T09:16:10.000000Z,0.6552734375,0.6552734375,6.0
2015-08-11T09:16:20.000000Z,0.6552734375,0.6552734375,1.0
2015-08-11T09:16:30.000000Z,0.6552734375,0.6552734375,9.0
2015-08-11T09:16:40.000000Z,0.6552734375,0.6552734375,1.0
2015-08-11T09:17:10.000000Z,0.6552734375,0.6552734375,1.0
2015-08-11T09:17:40.000000Z,0.6552734375,0.6552734375,3.0
2015-08-11T09:17:50.000000Z,0.6552734375,0.6552734375,2.0
2015-08-11T09:18:00.000000Z,0.6552734375,0.65478515625,6.0
2015-08-11T09:18:20.000000Z,0.6552734375,0.65478515625,13.0
2015-08-11T09:18:40.000000Z,0.6552734375,0.65478515625,1.0
2015-08-11T09:19:10.000000Z,0.6552734375,0.65478515625,3.0
2015-08-11T09:19:20.000000Z,0.6552734375,0.65478515625,3.0
2015-08-11T09:19:30.000000Z,0.6552734375,0.65478515625,8.0
2015-08-11T09:19:40.000000Z,0.6552734375,0.65478515625,2.0
2015-08-11T09:20:00.000000Z,0.6552734375,0.65478515625,7.0
2015-08-11T09:20:10.000000Z,0.6552734375,0.65478515625,5.0
2015-08-11T09:20:20.000000Z,0.6552734375,0.65478515625,5.0
2015-08-11T09:20:50.000000Z,0.6552734375,0.6552734375,8.0
2015-08-11T09:21:00.000000Z,0.6552734375,0.6552734375,1.0
2015-08-11T09:21:10.000000Z,0.6552734375,0.6552734375,9.0
2015-08-11T09:21:20.000000Z,0.6552734375,0.6552734375,1.0
2015-08-11T09:21:30.000000Z,0.6552734375,0.6552734375,7.0
2015-08-11T09:22:00.000000Z,0.6552734375,0.6552734375,8.0
2015-08-11T09:22:10.000000Z,0.6552734375,0.6552734375,1.0
2015-08-11T09:22:30.000000Z,0.6552734375,0.6552734375,1.0
2015-08-11T09:22:40.000000Z,0.6552734375,0.6552734375,2.0
2015-08-11T09:23:00.000000Z,0.6552734375,0.6552734375,2.0
2015-08-11T09:23:10.000000Z,0.6552734375,0.6552734375,3.0
2015-08-11T09:23:20.000000Z,0.6552734375,0.6552734375,4.0
2015-08-11T09:23:30.000000Z,0.6552734375,0.6552734375,3.0
2015-08-11T09:23:40.000000Z,0.6552734375,0.65478515625,3.0
2015-08-11T09:23:50.000000Z,0.6552734375,0.65478515625,1.0
2015-08-11T09:24:10.000000Z,0.6552734375,0.65478515625,3.0
2015-08-11T09:24:20.000000Z,0.6552734375,0.65478515625,1.0
2015-08-11T09:25:00.000000Z,0.6552734375,0.65478515625,2.0
2015-08-11T09:25:10.000000Z,0.6552734375,0.65478515625,7.0
2015-08-11T09:25:20.000000Z,0.6552734375,0.65478515625,14.0
2015-08-11T09:25:30.000000Z,0.6552734375,0.65478515625,2.0
2015-08-11T09:25:40.000000Z,0.6552734375,0.65478515625,2.0
2015-08-11T09:25:50.000000Z,0.6552734375,0.65478515625,7.0
2015-08-11T09:26:10.000000Z,0.6552734375,0.65478515625,2.0
2015-08-11T09:26:30.000000Z,0.6552734375,0.65478515625,3.0
2015-08-11T09:26:40.000000Z,0.6552734375,0.65478515625,12.0
2015-08-11T09:27:00.000000Z,0.6552734375,0.65478515625,4.0
2015-08-11T09:27:10.000000Z,0.6552734375,0.65478515625,2.0
2015-08-11T09:27:20.000000Z,0.6552734375,0.65478515625,10.0
2015-08-11T09:27:40.000000Z,0.6552734375,0.65478515625,2.0
2015-08-11T09:28:00.000000Z,0.6552734375,0.65478515625,5.0
2015-08-11T09:28:10.000000Z,0.6552734375,0.65478515625,4.0
2015-08-11T09:28:20.000000Z,0.6552734375,0.6552734375,1.0
2015-08-11T09:28:30.000000Z,0.6552734375,0.65478515625,2.0
2015-08-11T09:28:40.000000Z,0.6552734375,0.65478515625,4.0
2015-08-11T09:28:50.000000Z,0.6552734375,0.65478515625,5.0
2015-08-11T09:29:00.000000Z,0.6552734375,0.65478515625,1.0
2015-08-11T09:29:20.000000Z,0.6552734375,0.65478515625,5.0
2015-08-11T09:29:30.000000Z,0.6552734375,0.65478515625,3.0
2015-08-11T09:29:40.000000Z,0.6552734375,0.65478515625,5.0
2015-08-11T09:29:50.000000Z,0.6552734375,0.65478515625,7.0
2015-08-11T09:30:00.000000Z,0.6552734375,0.65478515625,2.0
2015-08-11T09:30:10.000000Z,0.6552734375,0.65478515625,2.0
2015-08-11T09:30:20.000000Z,0.6552734375,0.65478515625,1.0
2015-08-11T09:30:30.000000Z,0.6552734375,0.6552734375,7.0
2015-08-11T09:30:40.000000Z,0.6552734375,0.6552734375,2.0
2015-08-11T09:31:00.000000Z,0.6552734375,0.6552734375,3.0
2015-08-11T09:31:10.000000Z,0.6552734375,0.65478515625,6.0
2015-08-11T09:31:20.000000Z,0.65478515625,0.65478515625,17.0
2015-08-11T09:31:30.000000Z,0.65478515625,0.65478515625,6.0
2015-08-11T09:31:40.000000Z,0.6552734375,0.65478515625,2.0
2015-08-11T09:31:50.000000Z,0.6552734375,0.65478515625,1.0
2015-08-11T09:32:00.000000Z,0.6552734375,0.65478515625,12.0
2015-08-11T09:32:20.000000Z,0.6552734375,0.65478515625,6.0
2015-08-11T09:32:30.000000Z,0.6552734375,0.65478515625,13.0
2015-08-11T09:32:40.000000Z,0.6552734375,0.65478515625,1.0
2015-08-11T09:32:50.000000Z,0.6552734375,0.6552734375,10.0
2015-08-11T09:33:10.000000Z,0.6552734375,0.65478515625,1.0
2015-08-11T09:33:20.000000Z,0.6552734375,0.65478515625,3.0
2015-08-11T09:33:30.000000Z,0.6552734375,0.65478515625,4.0
2015-08-11T09:33:40.000000Z,0.6552734375,0.65478515625,2.0
2015-08-11T09:33:50.000000Z,0.6552734375,0.65478515625,4.0
2015-08-11T09:34:10.000000Z,0.6552734375,0.65478515625,3.0
2015-08-11T09:34:20.000000Z,0.6552734375,0.65478515625,1.0
2015-08-11T09:34:30.000000Z,0.6552734375,0.65478515625,1.0
2015-08-11T09:34:50.000000Z,0.6552734375,0.65478515625,2.0
2015-08-11T09:35:00.000000Z,0.6552734375,0.65478515625,5.0
2015-08-11T09:35:30.000000Z,0.6552734375,0.65478515625,2.0
2015-08-11T09:35:50.000000Z,0.6552734375,0.65478515625,5.0
2015-08-11T09:36:30.000000Z,0.6552734375,0.65478515625,1.0
2015-08-11T09:37:00.000000Z,0.6552734375,0.65478515625,6.0
2015-08-11T09:37:10.000000Z,0.6552734375,0.65478515625,3.0
2015-08-11T09:37:20.000000Z,0.6552734375,0.65478515625,2.0
2015-08-11T09:37:40.000000Z,0.6552734375,0.65478515625,2.0
2015-08-11T09:37:50.000000Z,0.6552734375,0.6552734375,3.0
2015-08-11T09:38:00.000000Z,0.6552734375,0.6552734375,5.0
2015-08-11T09:38:20.000000Z,0.6552734375,0.65478515625,4.0
2015-08-11T09:38:30.000000Z,0.6552734375,0.65478515625,10.0
2015-08-11T09:38:40.000000Z,0.6552734375,0.65478515625,3.0
2015-08-11T09:39:00.000000Z,0.6552734375,0.65478515625,4.0
2015-08-11T09:39:10.000000Z,0.6552734375,0.65478515625,2.0
2015-08-11T09:39:20.000000Z,0.6552734375,0.65478515625,2.0
2015-08-11T09:39:30.000000Z,0.6552734375,0.65478515625,8.0
2015-08-11T09:39:40.000000Z,0.6552734375,0.65478515625,2.0
2015-08-11T09:40:20.000000Z,0.6552734375,0.65478515625,9.0
2015-08-11T09:40:50.000000Z,0.6552734375,0.65478515625,9.0
2015-08-11T09:41:00.000000Z,0.65478515625,0.65478515625,4.0
2015-08-11T09:41:10.000000Z,0.6552734375,0.65478515625,2.0
2015-08-11T09:41:20.000000Z,0.65478515625,0.65478515625,8.0
2015-08-11T09:41:30.000000Z,0.65478515625,0.65478515625,15.0
2015-08-11T09:41:40.000000Z,0.65478515625,0.65478515625,4.0
2015-08-11T09:41:50.000000Z,0.65478515625,0.654296875,25.0
2015-08-11T09:42:00.000000Z,0.65478515625,0.65478515625,1.0
2015-08-11T09:42:40.000000Z,0.65478515625,0.654296875,8.0
2015-08-11T09:43:00.000000Z,0.65478515625,0.654296875,8.0
2015-08-11T09:43:10.000000Z,0.65478515625,0.65478515625,7.0
2015-08-11T09:43:20.000000Z,0.65478515625,0.654296875,8.0
2015-08-11T09:43:30.000000Z,0.65478515625,0.654296875,2.0
2015-08-11T09:43:40.000000Z,0.65478515625,0.654296875,3.0
2015-08-11T09:43:50.000000Z,0.65478515625,0.654296875,4.0
2015-08-11T09:44:00.000000Z,0.65478515625,0.654296875,3.0
2015-08-11T09:44:10.000000Z,0.65478515625,0.654296875,9.0
2015-08-11T09:44:20.000000Z,0.654296875,0.654296875,9.0
2015-08-11T09:44:30.000000Z,0.65478515625,0.654296875,13.0
2015-08-11T09:44:50.000000Z,0.65478515625,0.654296875,1.0
2015-08-11T09:45:00.000000Z,0.65478515625,0.654296875,1.0
2015-08-11T09:45:20.000000Z,0.65478515625,0.654296875,1.0
2015-08-11T09:45:30.000000Z,0.65478515625,0.654296875,1.0
2015-08-11T09:45:40.000000Z,0.65478515625,0.65478515625,3.0
2015-08-11T09:46:00.000000Z,0.65478515625,0.65478515625,2.0
2015-08-11T09:46:10.000000Z,0.65478515625,0.65478515625,15.0
2015-08-11T09:46:20.000000Z,0.65478515625,0.65478515625,1.0
2015-08-11T09:46:30.000000Z,0.65478515625,0.65478515625,1.0
2015-08-11T09:46:50.000000Z,0.65478515625,0.65478515625,6.0
2015-08-11T09:47:10.000000Z,0.65478515625,0.65478515625,4.0
2015-08-11T09:47:20.000000Z,0.6552734375,0.65478515625,2.0
2015-08-11T09:47:30.000000Z,0.65478515625,0.65478515625,1.0
2015-08-11T09:47:40.000000Z,0.65478515625,0.65478515625,3.0
2015-08-11T09:47:50.000000Z,0.65478515625,0.65478515625,7.0
2015-08-11T09:48:10.000000Z,0.65478515625,0.65478515625,1.0
2015-08-11T09:48:30.000000Z,0.65478515625,0.65478515625,7.0
2015-08-11T09:48:40.000000Z,0.65478515625,0.65478515625,4.0
2015-08-11T09:48:50.000000Z,0.65478515625,0.65478515625,8.0
2015-08-11T09:49:10.000000Z,0.65478515625,0.65478515625,1.0
2015-08-11T09:49:20.000000Z,0.65478515625,0.65478515625,6.0
2015-08-11T09:49:30.000000Z,0.65478515625,0.65478515625,3.0
2015-08-11T09:49:40.000000Z,0.65478515625,0.65478515625,1.0
2015-08-11T09:49:50.000000Z,0.65478515625,0.65478515625,5.0
2015-08-11T09:50:00.000000Z,0.65478515625,0.65478515625,3.0
2015-08-11T09:51:10.000000Z,0.65478515625,0.65478515625,1.0
2015-08-11T09:51:20.000000Z,0.65478515625,0.65478515625,1.0
2015-08-11T09:51:30.000000Z,0.65478515625,0.654296875,2.0
2015-08-11T09:51:40.000000Z,0.65478515625,0.654296875,2.0
2015-08-11T09:52:00.000000Z,0.65478515625,0.654296875,4.0
2015-08-11T09:52:10.000000Z,0.65478515625,0.65478515625,2.0
2015-08-11T09:52:40.000000Z,0.65478515625,0.65478515625,3.0
2015-08-11T09:52:50.000000Z,0.65478515625,0.65478515625,3.0
2015-08-11T09:53:00.000000Z,0.65478515625,0.654296875,4.0
2015-08-11T09:53:10.000000Z,0.65478515625,0.654296875,1.0
2015-08-11T09:53:30.000000Z,0.65478515625,0.65478515625,4.0
2015-08-11T09:53:40.000000Z,0.65478515625,0.65478515625,1.0
2015-08-11T09:53:50.000000Z,0.65478515625,0.65478515625,1.0
2015-08-11T09:54:00.000000Z,0.65478515625,0.65478515625,1.0
2015-08-11T09:54:10.000000Z,0.65478515625,0.65478515625,2.0
2015-08-11T09:54:20.000000Z,0.65478515625,0.65478515625,2.0
2015-08-11T09:54:30.000000Z,0.65478515625,0.65478515625,1.0
2015-08-11T09:54:40.000000Z,0.65478515625,0.65478515625,8.0
2015-08-11T09:54:50.000000Z,0.65478515625,0.65478515625,8.0
2015-08-11T09:55:00.000000Z,0.65478515625,0.65478515625,6.0
2015-08-11T09:55:20.000000Z,0.65478515625,0.65478515625,1.0
2015-08-11T09:55:30.000000Z,0.65478515625,0.65478515625,5.0
2015-08-11T09:55:40.000000Z,0.65478515625,0.65478515625,2.0
2015-08-11T09:56:00.000000Z,0.65478515625,0.65478515625,3.0
2015-08-11T09:56:40.000000Z,0.65478515625,0.65478515625,1.0
2015-08-11T09:56:50.000000Z,0.65478515625,0.65478515625,4.0
2015-08-11T09:57:00.000000Z,0.6552734375,0.65478515625,3.0
2015-08-11T09:57:10.000000Z,0.6552734375,0.65478515625,4.0
2015-08-11T09:57:20.000000Z,0.6552734375,0.65478515625,1.0
2015-08-11T09:57:30.000000Z,0.6552734375,0.65478515625,2.0
2015-08-11T09:57:40.000000Z,0.6552734375,0.65478515625,1.0
2015-08-11T09:58:10.000000Z,0.6552734375,0.65478515625,3.0
2015-08-11T09:58:20.000000Z,0.6552734375,0.65478515625,6.0
2015-08-11T09:58:30.000000Z,0.6552734375,0.65478515625,3.0
2015-08-11T09:58:40.000000Z,0.6552734375,0.6552734375,11.0
2015-08-11T09:58:50.000000Z,0.6552734375,0.6552734375,1.0
2015-08-11T09:59:10.000000Z,0.6552734375,0.65478515625,7.0
2015-08-11T09:59:20.000000Z,0.65478515625,0.65478515625,4.0
2015-08-11T09:59:30.000000Z,0.65478515625,0.65478515625,3.0
2015-08-11T10:00:00.000000Z,0.65478515625,0.65478515625,13.0
2015-08-11T10:00:10.000000Z,0.65478515625,0.65478515625,4.0
2015-08-11T10:00:40.000000Z,0.65478515625,0.65478515625,2.0
2015-08-11T10:01:00.000000Z,0.65478515625,0.65478515625,7.0
2015-08-11T10:01:10.000000Z,0.65478515625,0.65478515625,3.0
2015-08-11T10:01:20.000000Z,0.65478515625,0.65478515625,3.0
2015-08-11T10:01:30.000000Z,0.65478515625,0.65478515625,3.0
2015-08-11T10:01:40.000000Z,0.65478515625,0.65478515625,1.0
2015-08-11T10:02:00.000000Z,0.65478515625,0.65478515625,1.0
2015-08-11T10:02:10.000000Z,0.65478515625,0.65478515625,2.0
2015-08-11T10:02:20.000000Z,0.65478515625,0.65478515625,14.0
2015-08-11T10:02:30.000000Z,0.65478515625,0.65478515625,4.0
2015-08-11T10:02:50.000000Z,0.65478515625,0.65478515625,7.0
2015-08-11T10:03:00.000000Z,0.6552734375,0.65478515625,1.0
2015-08-11T10:03:10.000000Z,0.65478515625,0.65478515625,7.0
2015-08-11T10:03:20.000000Z,0.65478515625,0.65478515625,11.0
2015-08-11T10:03:30.000000Z,0.65478515625,0.65478515625,1.0
2015-08-11T10:03:40.000000Z,0.65478515625,0.65478515625,4.0
2015-08-11T10:04:00.000000Z,0.6552734375,0.65478515625,3.0
2015-08-11T10:05:20.000000Z,0.6552734375,0.65478515625,2.0
2015-08-11T10:05:40.000000Z,0.6552734375,0.65478515625,2.0
2015-08-11T10:05:50.000000Z,0.6552734375,0.65478515625,2.0
2015-08-11T10:06:20.000000Z,0.6552734375,0.65478515625,6.0
2015-08-11T10:06:30.000000Z,0.6552734375,0.65478515625,2.0
2015-08-11T10:06:40.000000Z,0.6552734375,0.6552734375,9.0
2015-08-11T10:06:50.000000Z,0.6552734375,0.6552734375,19.0
2015-08-11T10:07:00.000000Z,0.6552734375,0.6552734375,4.0
2015-08-11T10:07:10.000000Z,0.6552734375,0.6552734375,3.0
2015-08-11T10:07:20.000000Z,0.6552734375,0.6552734375,12.0
2015-08-11T10:07:30.000000Z,0.6552734375,0.65478515625,12.0
2015-08-11T10:07:40.000000Z,0.6552734375,0.65478515625,6.0
2015-08-11T10:07:50.000000Z,0.65478515625,0.65478515625,5.0
2015-08-11T10:08:00.000000Z,0.65478515625,0.65478515625,1.0
2015-08-11T10:08:10.000000Z,0.6552734375,0.65478515625,23.0
2015-08-11T10:08:20.000000Z,0.6552734375,0.65478515625,3.0
2015-08-11T10:08:30.000000Z,0.6552734375,0.65478515625,5.0
2015-08-11T10:08:40.000000Z,0.6552734375,0.65478515625,9.0
2015-08-11T10:08:50.000000Z,0.6552734375,0.65478515625,2.0
2015-08-11T10:09:00.000000Z,0.6552734375,0.65478515625,3.0
2015-08-11T10:09:10.000000Z,0.6552734375,0.65478515625,1.0
2015-08-11T10:09:20.000000Z,0.6552734375,0.6552734375,12.0
2015-08-11T10:09:30.000000Z,0.6552734375,0.6552734375,9.0
2015-08-11T10:09:40.000000Z,0.6552734375,0.6552734375,1.0
2015-08-11T10:10:00.000000Z,0.6552734375,0.6552734375,6.0
2015-08-11T10:10:20.000000Z,0.6552734375,0.65478515625,9.0
2015-08-11T10:10:50.000000Z,0.6552734375,0.65478515625,8.0
2015-08-11T10:11:10.000000Z,0.6552734375,0.65478515625,7.0
2015-08-11T10:11:20.000000Z,0.6552734375,0.65478515625,1.0
2015-08-11T10:12:00.000000Z,0.6552734375,0.6552734375,7.0
2015-08-11T10:12:20.000000Z,0.6552734375,0.6552734375,3.0
2015-08-11T10:12:30.000000Z,0.6552734375,0.6552734375,13.0
2015-08-11T10:13:10.000000Z,0.6552734375,0.6552734375,1.0
2015-08-11T10:13:20.000000Z,0.6552734375,0.6552734375,1.0
2015-08-11T10:13:40.000000Z,0.6552734375,0.6552734375,3.0
2015-08-11T10:13:50.000000Z,0.6552734375,0.6552734375,18.0
2015-08-11T10:14:00.000000Z,0.6552734375,0.6552734375,4.0
2015-08-11T10:14:20.000000Z,0.65576171875,0.6552734375,2.0
2015-08-11T10:14:50.000000Z,0.65576171875,0.6552734375,14.0
2015-08-11T10:15:00.000000Z,0.65576171875,0.6552734375,13.0
2015-08-11T10:15:10.000000Z,0.65576171875,0.6552734375,3.0
2015-08-11T10:15:20.000000Z,0.65576171875,0.6552734375,3.0
2015-08-11T10:15:30.000000Z,0.6552734375,0.6552734375,11.0
2015-08-11T10:15:40.000000Z,0.6552734375,0.6552734375,4.0
2015-08-11T10:15:50.000000Z,0.6552734375,0.6552734375,3.0
2015-08-11T10:16:00.000000Z,0.6552734375,0.6552734375,2.0
2015-08-11T10:16:10.000000Z,0.65576171875,0.6552734375,2.0
2015-08-11T10:16:20.000000Z,0.6552734375,0.6552734375,8.0
2015-08-11T10:16:30.000000Z,0.65576171875,0.6552734375,3.0
2015-08-11T10:16:40.000000Z,0.65576171875,0.6552734375,4.0
2015-08-11T10:16:50.000000Z,0.6552734375,0.6552734375,12.0
2015-08-11T10:17:00.000000Z,0.6552734375,0.6552734375,4.0
2015-08-11T10:17:10.000000Z,0.6552734375,0.6552734375,13.0
2015-08-11T10:17:30.000000Z,0.6552734375,0.6552734375,6.0
2015-08-11T10:17:40.000000Z,0.6552734375,0.6552734375,9.0
2015-08-11T10:17:50.000000Z,0.6552734375,0.65478515625,6.0
2015-08-11T10:18:00.000000Z,0.6552734375,0.65478515625,11.0
2015-08-11T10:18:10.000000Z,0.6552734375,0.65478515625,4.0
2015-08-11T10:18:20.000000Z,0.6552734375,0.65478515625,7.0
2015-08-11T10:18:30.000000Z,0.6552734375,0.65478515625,4.0
2015-08-11T10:18:40.000000Z,0.6552734375,0.65478515625,1.0
2015-08-11T10:18:50.000000Z,0.6552734375,0.65478515625,2.0
2015-08-11T10:19:00.000000Z,0.6552734375,0.65478515625,9.0
2015-08-11T10:19:10.000000Z,0.6552734375,0.6552734375,13.0
2015-08-11T10:19:20.000000Z,0.6552734375,0.65478515625,4.0
2015-08-11T10:19:30.000000Z,0.6552734375,0.65478515625,2.0
2015-08-11T10:19:40.000000Z,0.6552734375,0.65478515625,5.0
2015-08-11T10:20:00.000000Z,0.6552734375,0.65478515625,4.0
2015-08-11T10:20:10.000000Z,0.6552734375,0.65478515625,5.0
2015-08-11T10:20:40.000000Z,0.6552734375,0.65478515625,2.0
2015-08-11T10:20:50.000000Z,0.6552734375,0.65478515625,5.0
2015-08-11T10:21:10.000000Z,0.65478515625,0.65478515625,1.0
2015-08-11T10:21:30.000000Z,0.6552734375,0.65478515625,13.0
2015-08-11T10:21:40.000000Z,0.6552734375,0.65478515625,2.0
2015-08-11T10:21:50.000000Z,0.6552734375,0.65478515625,2.0
2015-08-11T10:22:00.000000Z,0.6552734375,0.65478515625,8.0
2015-08-11T10:22:10.000000Z,0.6552734375,0.65478515625,5.0
2015-08-11T10:22:40.000000Z,0.6552734375,0.65478515625,2.0
2015-08-11T10:23:10.000000Z,0.6552734375,0.65478515625,13.0
2015-08-11T10:23:20.000000Z,0.6552734375,0.65478515625,1.0
2015-08-11T10:23:30.000000Z,0.6552734375,0.65478515625,1.0
2015-08-11T10:23:40.000000Z,0.6552734375,0.6552734375,12.0
2015-08-11T10:23:50.000000Z,0.6552734375,0.6552734375,5.0
2015-08-11T10:24:00.000000Z,0.6552734375,0.65478515625,7.0
2015-08-11T10:24:10.000000Z,0.6552734375,0.65478515625,5.0
2015-08-11T10:24:20.000000Z,0.6552734375,0.65478515625,1.0
2015-08-11T10:24:30.000000Z,0.6552734375,0.65478515625,4.0
2015-08-11T10:24:40.000000Z,0.6552734375,0.65478515625,1.0
2015-08-11T10:24:50.000000Z,0.6552734375,0.65478515625,3.0
2015-08-11T10:25:00.000000Z,0.6552734375,0.65478515625,9.0
2015-08-11T10:25:10.000000Z,0.6552734375,0.65478515625,1.0
2015-08-11T10:25:30.000000Z,0.6552734375,0.65478515625,1.0
2015-08-11T10:25:40.000000Z,0.6552734375,0.65478515625,7.0
2015-08-11T10:25:50.000000Z,0.6552734375,0.65478515625,6.0
2015-08-11T10:26:10.000000Z,0.6552734375,0.65478515625,1.0
2015-08-11T10:26:50.000000Z,0.6552734375,0.65478515625,2.0
2015-08-11T10:27:10.000000Z,0.6552734375,0.65478515625,2.0
2015-08-11T10:27:20.000000Z,0.6552734375,0.65478515625,2.0
2015-08-11T10:27:30.000000Z,0.6552734375,0.65478515625,3.0
2015-08-11T10:27:40.000000Z,0.6552734375,0.65478515625,11.0
2015-08-11T10:28:30.000000Z,0.65478515625,0.65478515625,10.0
2015-08-11T10:28:40.000000Z,0.65478515625,0.65478515625,2.0
2015-08-11T10:28:50.000000Z,0.65478515625,0.65478515625,6.0
2015-08-11T10:29:00.000000Z,0.65478515625,0.65478515625,3.0
2015-08-11T10:29:10.000000Z,0.6552734375,0.65478515625,2.0
2015-08-11T10:29:50.000000Z,0.6552734375,0.65478515625,10.0
2015-08-11T10:30:00.000000Z,0.6552734375,0.65478515625,1.0
2015-08-11T10:30:10.000000Z,0.6552734375,0.65478515625,2.0
2015-08-11T10:30:20.000000Z,0.6552734375,0.65478515625,5.0
2015-08-11T10:30:30.000000Z,0.6552734375,0.65478515625,10.0
2015-08-11T10:30:50.000000Z,0.6552734375,0.65478515625,1.0
2015-08-11T10:31:00.000000Z,0.6552734375,0.6552734375,3.0
2015-08-11T10:31:20.000000Z,0.6552734375,0.6552734375,11.0
2015-08-11T10:31:30.000000Z,0.6552734375,0.6552734375,6.0
2015-08-11T10:31:40.000000Z,0.6552734375,0.6552734375,1.0
2015-08-11T10:32:00.000000Z,0.6552734375,0.6552734375,1.0
2015-08-11T10:32:20.000000Z,0.6552734375,0.6552734375,13.0
2015-08-11T10:32:30.000000Z,0.6552734375,0.6552734375,4.0
2015-08-11T10:33:30.000000Z,0.6552734375,0.65478515625,10.0
2015-08-11T10:33:40.000000Z,0.6552734375,0.6552734375,3.0
2015-08-11T10:33:50.000000Z,0.6552734375,0.6552734375,1.0
2015-08-11T10:34:00.000000Z,0.6552734375,0.6552734375,4.0
2015-08-11T10:34:10.000000Z,0.6552734375,0.6552734375,5.0
2015-08-11T10:34:20.000000Z,0.6552734375,0.6552734375,1.0
2015-08-11T10:34:30.000000Z,0.6552734375,0.6552734375,6.0
2015-08-11T10:34:40.000000Z,0.6552734375,0.6552734375,1.0
2015-08-11T10:34:50.000000Z,0.6552734375,0.65478515625,7.0
2015-08-11T10:35:00.000000Z,0.6552734375,0.6552734375,4.0
2015-08-11T10:35:10.000000Z,0.6552734375,0.6552734375,3.0
2015-08-11T10:35:20.000000Z,0.6552734375,0.6552734375,6.0
2015-08-11T10:35:30.000000Z,0.6552734375,0.6552734375,2.0
2015-08-11T10:35:40.000000Z,0.6552734375,0.6552734375,1.0
2015-08-11T10:36:00.000000Z,0.6552734375,0.6552734375,12.0
2015-08-11T10:36:10.000000Z,0.6552734375,0.6552734375,4.0
2015-08-11T10:36:20.000000Z,0.6552734375,0.6552734375,14.0
2015-08-11T10:36:30.000000Z,0.6552734375,0.6552734375,8.0
2015-08-11T10:36:40.000000Z,0.6552734375,0.6552734375,4.0
2015-08-11T10:36:50.000000Z,0.6552734375,0.6552734375,6.0
2015-08-11T10:37:00.000000Z,0.6552734375,0.6552734375,3.0
2015-08-11T10:37:10.000000Z,0.6552734375,0.6552734375,1.0
2015-08-11T10:37:20.000000Z,0.6552734375,0.65478515625,2.0
2015-08-11T10:37:40.000000Z,0.6552734375,0.65478515625,3.0
2015-08-11T10:37:50.000000Z,0.6552734375,0.65478515625,9.0
2015-08-11T10:38:00.000000Z,0.6552734375,0.65478515625,13.0
2015-08-11T10:38:10.000000Z,0.6552734375,0.65478515625,8.0
2015-08-11T10:38:20.000000Z,0.6552734375,0.65478515625,6.0
2015-08-11T10:38:30.000000Z,0.6552734375,0.65478515625,12.0
2015-08-11T10:38:40.000000Z,0.6552734375,0.65478515625,7.0
2015-08-11T10:38:50.000000Z,0.6552734375,0.65478515625,1.0
2015-08-11T10:39:00.000000Z,0.65478515625,0.65478515625,5.0
2015-08-11T10:39:10.000000Z,0.65478515625,0.65478515625,12.0
2015-08-11T10:39:30.000000Z,0.65478515625,0.65478515625,1.0
2015-08-11T10:39:40.000000Z,0.65478515625,0.65478515625,18.0
2015-08-11T10:39:50.000000Z,0.65478515625,0.65478515625,6.0
2015-08-11T10:40:00.000000Z,0.65478515625,0.65478515625,1.0
2015-08-11T10:40:30.000000Z,0.65478515625,0.65478515625,1.0
2015-08-11T10:41:00.000000Z,0.65478515625,0.654296875,11.0
2015-08-11T10:41:10.000000Z,0.65478515625,0.654296875,3.0
2015-08-11T10:41:40.000000Z,0.65478515625,0.654296875,25.0
2015-08-11T10:41:50.000000Z,0.65478515625,0.654296875,13.0
2015-08-11T10:42:00.000000Z,0.65478515625,0.654296875,3.0
2015-08-11T10:42:20.000000Z,0.65478515625,0.654296875,7.0
2015-08-11T10:42:30.000000Z,0.65478515625,0.654296875,2.0
2015-08-11T10:42:40.000000Z,0.65478515625,0.654296875,1.0
2015-08-11T10:43:00.000000Z,0.654296875,0.654296875,1.0
2015-08-11T10:43:10.000000Z,0.654296875,0.654296875,1.0
2015-08-11T10:43:20.000000Z,0.654296875,0.654296875,6.0
2015-08-11T10:43:30.000000Z,0.654296875,0.654296875,3.0
2015-08-11T10:43:40.000000Z,0.654296875,0.654296875,3.0
2015-08-11T10:43:50.000000Z,0.65478515625,0.654296875,5.0
2015-08-11T10:44:00.000000Z,0.654296875,0.654296875,10.0
2015-08-11T10:44:20.000000Z,0.654296875,0.654296875,8.0
2015-08-11T10:44:30.000000Z,0.654296875,0.654296875,10.0
2015-08-11T10:44:40.000000Z,0.654296875,0.654296875,5.0
2015-08-11T10:44:50.000000Z,0.654296875,0.654296875,8.0
2015-08-11T10:45:20.000000Z,0.654296875,0.654296875,9.0
2015-08-11T10:45:30.000000Z,0.654296875,0.654296875,2.0
2015-08-11T10:45:40.000000Z,0.654296875,0.654296875,2.0
2015-08-11T10:45:50.000000Z,0.654296875,0.65380859375,1.0
2015-08-11T10:46:10.000000Z,0.654296875,0.654296875,9.0
2015-08-11T10:46:30.000000Z,0.654296875,0.654296875,5.0
2015-08-11T10:46:40.000000Z,0.654296875,0.654296875,3.0
2015-08-11T10:46:50.000000Z,0.654296875,0.654296875,8.0
2015-08-11T10:47:00.000000Z,0.654296875,0.654296875,2.0
2015-08-11T10:47:10.000000Z,0.654296875,0.654296875,10.0
2015-08-11T10:47:20.000000Z,0.654296875,0.654296875,11.0
2015-08-11T10:47:40.000000Z,0.654296875,0.654296875,1.0
2015-08-11T10:47:50.000000Z,0.65478515625,0.654296875,7.0
2015-08-11T10:48:00.000000Z,0.65478515625,0.654296875,1.0
2015-08-11T10:48:10.000000Z,0.65478515625,0.654296875,2.0
2015-08-11T10:48:40.000000Z,0.65478515625,0.654296875,2.0
2015-08-11T10:48:50.000000Z,0.65478515625,0.654296875,6.0
2015-08-11T10:49:00.000000Z,0.65478515625,0.654296875,2.0
2015-08-11T10:49:10.000000Z,0.65478515625,0.65478515625,9.0
2015-08-11T10:49:30.000000Z,0.65478515625,0.65478515625,7.0
2015-08-11T10:49:40.000000Z,0.65478515625,0.65478515625,3.0
2015-08-11T10:49:50.000000Z,0.65478515625,0.65478515625,3.0
2015-08-11T10:50:00.000000Z,0.65478515625,0.654296875,1.0
2015-08-11T10:50:20.000000Z,0.65478515625,0.654296875,3.0
2015-08-11T10:50:30.000000Z,0.65478515625,0.65478515625,3.0
2015-08-11T10:50:40.000000Z,0.65478515625,0.65478515625,1.0
2015-08-11T10:51:00.000000Z,0.65478515625,0.654296875,7.0
2015-08-11T10:51:20.000000Z,0.65478515625,0.654296875,1.0
2015-08-11T10:51:30.000000Z,0.65478515625,0.654296875,13.0
2015-08-11T10:51:40.000000Z,0.654296875,0.654296875,6.0
2015-08-11T10:51:50.000000Z,0.654296875,0.654296875,1.0
2015-08-11T10:52:00.000000Z,0.654296875,0.654296875,19.0
2015-08-11T10:52:40.000000Z,0.654296875,0.654296875,2.0
2015-08-11T10:52:50.000000Z,0.65478515625,0.654296875,6.0
2015-08-11T10:53:00.000000Z,0.65478515625,0.654296875,1.0
2015-08-11T10:53:20.000000Z,0.65478515625,0.654296875,5.0
2015-08-11T10:53:30.000000Z,0.65478515625,0.654296875,1.0
2015-08-11T10:53:40.000000Z,0.65478515625,0.654296875,2.0
2015-08-11T10:53:50.000000Z,0.65478515625,0.654296875,3.0
2015-08-11T10:54:00.000000Z,0.65478515625,0.654296875,2.0
2015-08-11T10:54:20.000000Z,0.65478515625,0.654296875,2.0
2015-08-11T10:54:40.000000Z,0.65478515625,0.654296875,3.0
2015-08-11T10:54:50.000000Z,0.65478515625,0.65478515625,4.0
2015-08-11T10:55:00.000000Z,0.65478515625,0.65478515625,7.0
2015-08-11T10:55:10.000000Z,0.65478515625,0.654296875,8.0
2015-08-11T10:55:50.000000Z,0.65478515625,0.654296875,5.0
2015-08-11T10:56:40.000000Z,0.65478515625,0.654296875,2.0
2015-08-11T10:56:50.000000Z,0.65478515625,0.654296875,4.0
2015-08-11T10:57:00.000000Z,0.65478515625,0.654296875,2.0
2015-08-11T10:57:30.000000Z,0.65478515625,0.654296875,13.0
2015-08-11T10:57:40.000000Z,0.654296875,0.654296875,11.0
2015-08-11T10:57:50.000000Z,0.654296875,0.654296875,14.0
2015-08-11T10:58:00.000000Z,0.654296875,0.654296875,8.0
2015-08-11T10:58:10.000000Z,0.654296875,0.654296875,5.0
2015-08-11T10:58:40.000000Z,0.654296875,0.654296875,4.0
2015-08-11T10:58:50.000000Z,0.654296875,0.654296875,3.0
2015-08-11T10:59:00.000000Z,0.65478515625,0.654296875,4.0
2015-08-11T10:59:10.000000Z,0.65478515625,0.654296875,1.0
2015-08-11T10:59:20.000000Z,0.65478515625,0.654296875,2.0
2015-08-11T10:59:30.000000Z,0.65478515625,0.654296875,3.0
2015-08-11T10:59:50.000000Z,0.65478515625,0.654296875,4.0
2015-08-11T11:00:00.000000Z,0.65478515625,0.654296875,13.0
2015-08-11T11:00:10.000000Z,0.65478515625,0.654296875,23.0
2015-08-11T11:00:20.000000Z,0.65478515625,0.654296875,5.0
2015-08-11T11:00:30.000000Z,0.65478515625,0.65478515625,7.0
2015-08-11T11:00:40.000000Z,0.65478515625,0.65478515625,4.0
2015-08-11T11:00:50.000000Z,0.65478515625,0.65478515625,3.0
2015-08-11T11:02:00.000000Z,0.65478515625,0.65478515625,5.0
2015-08-11T11:02:10.000000Z,0.65478515625,0.65478515625,2.0
2015-08-11T11:02:20.000000Z,0.65478515625,0.65478515625,9.0
2015-08-11T11:02:30.000000Z,0.65478515625,0.65478515625,21.0
2015-08-11T11:02:40.000000Z,0.65478515625,0.65478515625,3.0
2015-08-11T11:03:20.000000Z,0.65478515625,0.65478515625,1.0
2015-08-11T11:03:30.000000Z,0.65478515625,0.65478515625,1.0
2015-08-11T11:03:50.000000Z,0.65478515625,0.654296875,3.0
2015-08-11T11:04:00.000000Z,0.65478515625,0.654296875,7.0
2015-08-11T11:04:10.000000Z,0.65478515625,0.65478515625,6.0
2015-08-11T11:04:30.000000Z,0.65478515625,0.65478515625,2.0
2015-08-11T11:04:40.000000Z,0.65478515625,0.65478515625,1.0
2015-08-11T11:04:50.000000Z,0.65478515625,0.65478515625,3.0
2015-08-11T11:05:00.000000Z,0.65478515625,0.65478515625,10.0
2015-08-11T11:05:10.000000Z,0.65478515625,0.65478515625,7.0
2015-08-11T11:05:20.000000Z,0.65478515625,0.65478515625,4.0
2015-08-11T11:05:30.000000Z,0.65478515625,0.65478515625,1.0
2015-08-11T11:06:20.000000Z,0.65478515625,0.65478515625,4.0
2015-08-11T11:06:30.000000Z,0.65478515625,0.65478515625,2.0
2015-08-11T11:06:50.000000Z,0.65478515625,0.65478515625,3.0
2015-08-11T11:07:20.000000Z,0.6552734375,0.65478515625,11.0
2015-08-11T11:07:40.000000Z,0.6552734375,0.65478515625,1.0
2015-08-11T11:07:50.000000Z,0.6552734375,0.65478515625,8.0
2015-08-11T11:08:00.000000Z,0.6552734375,0.65478515625,12.0
2015-08-11T11:08:10.000000Z,0.6552734375,0.65478515625,12.0
2015-08-11T11:08:20.000000Z,0.6552734375,0.65478515625,10.0
2015-08-11T11:08:40.000000Z,0.6552734375,0.65478515625,1.0
2015-08-11T11:08:50.000000Z,0.65478515625,0.65478515625,4.0
2015-08-11T11:09:00.000000Z,0.65478515625,0.65478515625,4.0
2015-08-11T11:09:10.000000Z,0.6552734375,0.65478515625,5.0
2015-08-11T11:09:20.000000Z,0.6552734375,0.65478515625,1.0
2015-08-11T11:09:50.000000Z,0.65478515625,0.65478515625,6.0
2015-08-11T11:10:10.000000Z,0.65478515625,0.65478515625,1.0
2015-08-11T11:10:40.000000Z,0.65478515625,0.65478515625,1.0
2015-08-11T11:10:50.000000Z,0.65478515625,0.65478515625,2.0
2015-08-11T11:11:00.000000Z,0.65478515625,0.65478515625,2.0
2015-08-11T11:11:10.000000Z,0.65478515625,0.65478515625,1.0
2015-08-11T11:12:00.000000Z,0.65478515625,0.65478515625,3.0
2015-08-11T11:12:10.000000Z,0.65478515625,0.65478515625,1.0
2015-08-11T11:12:20.000000Z,0.65478515625,0.65478515625,5.0
2015-08-11T11:13:10.000000Z,0.6552734375,0.65478515625,2.0
2015-08-11T11:13:20.000000Z,0.65478515625,0.65478515625,4.0
2015-08-11T11:13:30.000000Z,0.65478515625,0.65478515625,1.0
2015-08-11T11:14:00.000000Z,0.6552734375,0.65478515625,2.0
2015-08-11T11:14:20.000000Z,0.6552734375,0.65478515625,2.0
2015-08-11T11:14:30.000000Z,0.6552734375,0.65478515625,2.0
2015-08-11T11:14:40.000000Z,0.6552734375,0.65478515625,4.0
2015-08-11T11:14:50.000000Z,0.65478515625,0.65478515625,3.0
2015-08-11T11:15:00.000000Z,0.65478515625,0.65478515625,9.0
2015-08-11T11:15:10.000000Z,0.65478515625,0.65478515625,3.0
2015-08-11T11:15:20.000000Z,0.65478515625,0.65478515625,3.0
2015-08-11T11:16:10.000000Z,0.65478515625,0.65478515625,1.0
2015-08-11T11:16:20.000000Z,0.65478515625,0.65478515625,8.0
2015-08-11T11:16:30.000000Z,0.65478515625,0.65478515625,2.0
2015-08-11T11:16:40.000000Z,0.65478515625,0.65478515625,1.0
2015-08-11T11:16:50.000000Z,0.65478515625,0.65478515625,2.0
2015-08-11T11:17:10.000000Z,0.65478515625,0.65478515625,10.0
2015-08-11T11:17:20.000000Z,0.65478515625,0.65478515625,5.0
2015-08-11T11:17:30.000000Z,0.65478515625,0.65478515625,2.0
2015-08-11T11:18:00.000000Z,0.65478515625,0.65478515625,2.0
2015-08-11T11:18:20.000000Z,0.65478515625,0.65478515625,7.0
2015-08-11T11:18:30.000000Z,0.65478515625,0.65478515625,2.0
2015-08-11T11:18:40.000000Z,0.65478515625,0.65478515625,1.0
2015-08-11T11:18:50.000000Z,0.65478515625,0.65478515625,1.0
2015-08-11T11:19:10.000000Z,0.65478515625,0.65478515625,3.0
2015-08-11T11:19:20.000000Z,0.65478515625,0.65478515625,2.0
2015-08-11T11:19:30.000000Z,0.65478515625,0.65478515625,2.0
2015-08-11T11:19:40.000000Z,0.6552734375,0.65478515625,6.0
2015-08-11T11:19:50.000000Z,0.6552734375,0.65478515625,1.0
2015-08-11T11:20:00.000000Z,0.65478515625,0.65478515625,2.0
2015-08-11T11:20:10.000000Z,0.65478515625,0.65478515625,1.0
2015-08-11T11:20:20.000000Z,0.65478515625,0.65478515625,2.0
2015-08-11T11:20:30.000000Z,0.65478515625,0.65478515625,5.0
2015-08-11T11:20:40.000000Z,0.65478515625,0.65478515625,3.0
2015-08-11T11:20:50.000000Z,0.65478515625,0.65478515625,1.0
2015-08-11T11:21:00.000000Z,0.65478515625,0.65478515625,2.0
2015-08-11T11:21:50.000000Z,0.65478515625,0.65478515625,1.0
2015-08-11T11:22:00.000000Z,0.65478515625,0.65478515625,14.0
2015-08-11T11:22:20.000000Z,0.65478515625,0.65478515625,3.0
2015-08-11T11:22:30.000000Z,0.65478515625,0.65478515625,6.0
2015-08-11T11:22:40.000000Z,0.65478515625,0.65478515625,2.0
2015-08-11T11:22:50.000000Z,0.65478515625,0.654296875,8.0
2015-08-11T11:23:00.000000Z,0.65478515625,0.654296875,11.0
2015-08-11T11:23:10.000000Z,0.65478515625,0.65478515625,3.0
2015-08-11T11:23:20.000000Z,0.65478515625,0.65478515625,5.0
2015-08-11T11:23:30.000000Z,0.65478515625,0.65478515625,2.0
2015-08-11T11:23:40.000000Z,0.65478515625,0.65478515625,1.0
2015-08-11T11:23:50.000000Z,0.65478515625,0.65478515625,6.0
2015-08-11T11:24:00.000000Z,0.65478515625,0.65478515625,2.0
2015-08-11T11:24:20.000000Z,0.65478515625,0.65478515625,3.0
2015-08-11T11:24:30.000000Z,0.65478515625,0.654296875,7.0
2015-08-11T11:24:40.000000Z,0.65478515625,0.65478515625,6.0
2015-08-11T11:25:00.000000Z,0.65478515625,0.65478515625,4.0
2015-08-11T11:25:10.000000Z,0.65478515625,0.65478515625,5.0
2015-08-11T11:25:20.000000Z,0.65478515625,0.654296875,4.0
2015-08-11T11:25:30.000000Z,0.65478515625,0.65478515625,12.0
2015-08-11T11:25:40.000000Z,0.65478515625,0.65478515625,5.0
2015-08-11T11:25:50.000000Z,0.65478515625,0.65478515625,4.0
2015-08-11T11:26:00.000000Z,0.65478515625,0.65478515625,10.0
2015-08-11T11:26:10.000000Z,0.65478515625,0.65478515625,3.0
2015-08-11T11:26:20.000000Z,0.65478515625,0.65478515625,1.0
2015-08-11T11:26:40.000000Z,0.65478515625,0.65478515625,3.0
2015-08-11T11:27:10.000000Z,0.65478515625,0.65478515625,4.0
2015-08-11T11:27:30.000000Z,0.65478515625,0.65478515625,5.0
2015-08-11T11:27:40.000000Z,0.65478515625,0.65478515625,3.0
2015-08-11T11:27:50.000000Z,0.65478515625,0.65478515625,1.0
2015-08-11T11:28:00.000000Z,0.65478515625,0.65478515625,2.0
2015-08-11T11:28:10.000000Z,0.6552734375,0.65478515625,7.0
2015-08-11T11:28:20.000000Z,0.6552734375,0.65478515625,10.0
2015-08-11T11:28:30.000000Z,0.6552734375,0.65478515625,4.0
2015-08-11T11:28:40.000000Z,0.6552734375,0.6552734375,9.0
2015-08-11T11:28:50.000000Z,0.6552734375,0.6552734375,2.0
2015-08-11T11:29:10.000000Z,0.6552734375,0.6552734375,13.0
2015-08-11T11:29:20.000000Z,0.6552734375,0.6552734375,2.0
2015-08-11T11:29:30.000000Z,0.6552734375,0.6552734375,4.0
2015-08-11T11:29:40.000000Z,0.6552734375,0.6552734375,6.0
2015-08-11T11:29:50.000000Z,0.6552734375,0.6552734375,4.0
2015-08-11T11:30:00.000000Z,0.6552734375,0.6552734375,3.0
2015-08-11T11:30:10.000000Z,0.6552734375,0.6552734375,7.0
2015-08-11T11:30:20.000000Z,0.6552734375,0.6552734375,1.0
2015-08-11T11:30:50.000000Z,0.6552734375,0.6552734375,1.0
2015-08-11T11:31:00.000000Z,0.6552734375,0.6552734375,3.0
2015-08-11T11:31:10.000000Z,0.6552734375,0.6552734375,2.0
2015-08-11T11:31:20.000000Z,0.6552734375,0.6552734375,3.0
2015-08-11T11:31:40.000000Z,0.6552734375,0.6552734375,1.0
2015-08-11T11:31:50.000000Z,0.6552734375,0.6552734375,2.0
2015-08-11T11:32:00.000000Z,0.6552734375,0.6552734375,1.0
2015-08-11T11:32:40.000000Z,0.6552734375,0.6552734375,6.0
2015-08-11T11:32:50.000000Z,0.6552734375,0.6552734375,2.0
2015-08-11T11:33:00.000000Z,0.65576171875,0.6552734375,7.0
2015-08-11T11:33:10.000000Z,0.6552734375,0.6552734375,3.0
2015-08-11T11:33:40.000000Z,0.65576171875,0.6552734375,3.0
2015-08-11T11:33:50.000000Z,0.65576171875,0.6552734375,1.0
2015-08-11T11:34:00.000000Z,0.6552734375,0.6552734375,13.0
2015-08-11T11:34:10.000000Z,0.6552734375,0.6552734375,3.0
2015-08-11T11:34:20.000000Z,0.6552734375,0.6552734375,7.0
2015-08-11T11:35:00.000000Z,0.6552734375,0.6552734375,6.0
2015-08-11T11:35:10.000000Z,0.6552734375,0.6552734375,2.0
2015-08-11T11:35:20.000000Z,0.6552734375,0.6552734375,5.0
2015-08-11T11:35:30.000000Z,0.6552734375,0.6552734375,1.0
2015-08-11T11:35:40.000000Z,0.6552734375,0.6552734375,3.0
2015-08-11T11:36:00.000000Z,0.6552734375,0.6552734375,1.0
2015-08-11T11:36:10.000000Z,0.6552734375,0.6552734375,6.0
2015-08-11T11:36:20.000000Z,0.6552734375,0.6552734375,4.0
2015-08-11T11:36:30.000000Z,0.6552734375,0.6552734375,1.0
2015-08-11T11:36:40.000000Z,0.6552734375,0.6552734375,6.0
2015-08-11T11:36:50.000000Z,0.6552734375,0.65478515625,1.0
2015-08-11T11:37:00.000000Z,0.6552734375,0.6552734375,13.0
2015-08-11T11:37:10.000000Z,0.6552734375,0.6552734375,8.0
2015-08-11T11:37:20.000000Z,0.6552734375,0.6552734375,3.0
2015-08-11T11:37:30.000000Z,0.6552734375,0.6552734375,1.0
2015-08-11T11:37:40.000000Z,0.6552734375,0.6552734375,5.0
2015-08-11T11:37:50.000000Z,0.6552734375,0.6552734375,7.0
2015-08-11T11:38:00.000000Z,0.6552734375,0.6552734375,14.0
2015-08-11T11:38:40.000000Z,0.65576171875,0.6552734375,3.0
2015-08-11T11:39:00.000000Z,0.65576171875,0.6552734375,6.0
2015-08-11T11:39:10.000000Z,0.65576171875,0.6552734375,1.0
2015-08-11T11:39:20.000000Z,0.65576171875,0.6552734375,1.0
2015-08-11T11:39:30.000000Z,0.65576171875,0.6552734375,1.0
2015-08-11T11:39:40.000000Z,0.65576171875,0.6552734375,1.0
2015-08-11T11:39:50.000000Z,0.65576171875,0.65576171875,5.0
2015-08-11T11:40:00.000000Z,0.65576171875,0.65576171875,11.0
2015-08-11T11:40:10.000000Z,0.65625,0.65576171875,1.0
2015-08-11T11:40:30.000000Z,0.65576171875,0.65576171875,9.0
2015-08-11T11:40:40.000000Z,0.65576171875,0.65576171875,4.0
2015-08-11T11:41:00.000000Z,0.65576171875,0.65576171875,7.0
2015-08-11T11:41:10.000000Z,0.65576171875,0.65576171875,1.0
2015-08-11T11:41:20.000000Z,0.65576171875,0.6552734375,4.0
2015-08-11T11:41:30.000000Z,0.65576171875,0.6552734375,3.0
2015-08-11T11:42:50.000000Z,0.65576171875,0.6552734375,2.0
2015-08-11T11:43:00.000000Z,0.65576171875,0.65576171875,7.0
2015-08-11T11:43:10.000000Z,0.65576171875,0.65576171875,14.0
2015-08-11T11:43:20.000000Z,0.65576171875,0.65576171875,3.0
2015-08-11T11:43:30.000000Z,0.65625,0.65576171875,3.0
2015-08-11T11:43:40.000000Z,0.65625,0.65576171875,5.0
2015-08-11T11:43:50.000000Z,0.65625,0.65576171875,11.0
2015-08-11T11:44:00.000000Z,0.65625,0.65576171875,1.0
2015-08-11T11:44:10.000000Z,0.65625,0.65576171875,2.0
2015-08-11T11:45:00.000000Z,0.65625,0.65576171875,2.0
2015-08-11T11:45:10.000000Z,0.65625,0.65576171875,7.0
2015-08-11T11:45:20.000000Z,0.65625,0.65576171875,3.0
2015-08-11T11:45:40.000000Z,0.65625,0.65576171875,9.0
2015-08-11T11:45:50.000000Z,0.65625,0.65576171875,4.0
2015-08-11T11:46:00.000000Z,0.65625,0.65576171875,4.0
2015-08-11T11:46:10.000000Z,0.65625,0.65576171875,7.0
2015-08-11T11:46:30.000000Z,0.65625,0.65576171875,4.0
2015-08-11T11:46:40.000000Z,0.65625,0.65576171875,1.0
2015-08-11T11:47:00.000000Z,0.65576171875,0.65576171875,4.0
2015-08-11T11:47:10.000000Z,0.65625,0.65576171875,1.0
2015-08-11T11:47:20.000000Z,0.65576171875,0.65576171875,4.0
2015-08-11T11:47:30.000000Z,0.65576171875,0.65576171875,4.0
2015-08-11T11:47:40.000000Z,0.65576171875,0.65576171875,2.0
2015-08-11T11:47:50.000000Z,0.65576171875,0.65576171875,2.0
2015-08-11T11:48:00.000000Z,0.65625,0.65576171875,2.0
2015-08-11T11:48:10.000000Z,0.65625,0.65576171875,2.0
2015-08-11T11:48:20.000000Z,0.65625,0.65576171875,1.0
2015-08-11T11:48:30.000000Z,0.65625,0.65576171875,1.0
2015-08-11T11:48:40.000000Z,0.65576171875,0.65576171875,10.0
2015-08-11T11:48:50.000000Z,0.65576171875,0.65576171875,5.0
2015-08-11T11:49:00.000000Z,0.65576171875,0.65576171875,2.0
2015-08-11T11:49:10.000000Z,0.65576171875,0.65576171875,14.0
2015-08-11T11:49:20.000000Z,0.65576171875,0.65576171875,2.0
2015-08-11T11:49:30.000000Z,0.65576171875,0.65576171875,3.0
2015-08-11T11:49:40.000000Z,0.65576171875,0.65576171875,1.0
2015-08-11T11:49:50.000000Z,0.65576171875,0.65576171875,3.0
2015-08-11T11:50:20.000000Z,0.65576171875,0.65576171875,2.0
2015-08-11T11:50:40.000000Z,0.65625,0.65576171875,4.0
2015-08-11T11:51:00.000000Z,0.65625,0.65576171875,1.0
2015-08-11T11:51:10.000000Z,0.65625,0.65576171875,1.0
2015-08-11T11:51:20.000000Z,0.65576171875,0.65576171875,6.0
2015-08-11T11:51:30.000000Z,0.65576171875,0.65576171875,3.0
2015-08-11T11:51:40.000000Z,0.65576171875,0.65576171875,1.0
2015-08-11T11:51:50.000000Z,0.65576171875,0.65576171875,2.0
2015-08-11T11:52:30.000000Z,0.65625,0.65576171875,3.0
2015-08-11T11:53:00.000000Z,0.65576171875,0.65576171875,4.0
2015-08-11T11:53:10.000000Z,0.65625,0.65576171875,5.0
2015-08-11T11:53:30.000000Z,0.65576171875,0.65576171875,8.0
2015-08-11T11:53:40.000000Z,0.65625,0.65576171875,8.0
2015-08-11T11:54:40.000000Z,0.65576171875,0.65576171875,3.0
2015-08-11T11:55:10.000000Z,0.65576171875,0.65576171875,1.0
2015-08-11T11:55:30.000000Z,0.65576171875,0.65576171875,8.0
2015-08-11T11:55:40.000000Z,0.65576171875,0.65576171875,1.0
2015-08-11T11:55:50.000000Z,0.65576171875,0.65576171875,2.0
2015-08-11T11:56:00.000000Z,0.65576171875,0.65576171875,4.0
2015-08-11T11:57:10.000000Z,0.65576171875,0.65576171875,1.0
2015-08-11T11:57:20.000000Z,0.65576171875,0.65576171875,1.0
2015-08-11T11:57:30.000000Z,0.65576171875,0.6552734375,9.0
2015-08-11T11:57:40.000000Z,0.65576171875,0.6552734375,2.0
2015-08-11T11:57:50.000000Z,0.65576171875,0.65576171875,12.0
2015-08-11T11:58:00.000000Z,0.65576171875,0.65576171875,1.0
2015-08-11T11:58:20.000000Z,0.65576171875,0.6552734375,2.0
2015-08-11T11:58:30.000000Z,0.65576171875,0.6552734375,3.0
2015-08-11T11:58:40.000000Z,0.65576171875,0.6552734375,3.0
2015-08-11T11:58:50.000000Z,0.6552734375,0.6552734375,19.0
2015-08-11T11:59:00.000000Z,0.6552734375,0.6552734375,6.0
2015-08-11T11:59:10.000000Z,0.6552734375,0.6552734375,11.0
2015-08-11T11:59:40.000000Z,0.6552734375,0.6552734375,3.0
2015-08-11T11:59:50.000000Z,0.6552734375,0.6552734375,8.0
2015-08-11T12:00:00.000000Z,0.6552734375,0.6552734375,2.0
2015-08-11T12:00:10.000000Z,0.6552734375,0.65478515625,3.0
2015-08-11T12:00:50.000000Z,0.6552734375,0.65478515625,3.0
2015-08-11T12:01:00.000000Z,0.6552734375,0.65478515625,1.0
2015-08-11T12:01:30.000000Z,0.6552734375,0.65478515625,7.0
2015-08-11T12:01:40.000000Z,0.6552734375,0.65478515625,3.0
2015-08-11T12:01:50.000000Z,0.6552734375,0.65478515625,2.0
2015-08-11T12:02:00.000000Z,0.6552734375,0.65478515625,1.0
2015-08-11T12:02:10.000000Z,0.6552734375,0.65478515625,1.0
2015-08-11T12:02:20.000000Z,0.65478515625,0.65478515625,6.0
2015-08-11T12:02:30.000000Z,0.65478515625,0.65478515625,11.0
2015-08-11T12:02:40.000000Z,0.65478515625,0.65478515625,1.0
2015-08-11T12:02:50.000000Z,0.65478515625,0.65478515625,1.0
2015-08-11T12:03:00.000000Z,0.65478515625,0.65478515625,7.0
2015-08-11T12:03:10.000000Z,0.65478515625,0.65478515625,7.0
2015-08-11T12:03:30.000000Z,0.65478515625,0.65478515625,1.0
2015-08-11T12:03:40.000000Z,0.65478515625,0.65478515625,1.0
2015-08-11T12:03:50.000000Z,0.65478515625,0.65478515625,2.0
2015-08-11T12:04:00.000000Z,0.65478515625,0.65478515625,4.0
2015-08-11T12:04:40.000000Z,0.65478515625,0.65478515625,4.0
2015-08-11T12:04:50.000000Z,0.65478515625,0.65478515625,5.0
2015-08-11T12:05:00.000000Z,0.65478515625,0.65478515625,2.0
2015-08-11T12:05:10.000000Z,0.65478515625,0.65478515625,3.0
2015-08-11T12:05:20.000000Z,0.65478515625,0.65478515625,1.0
2015-08-11T12:05:40.000000Z,0.65478515625,0.65478515625,6.0
2015-08-11T12:05:50.000000Z,0.65478515625,0.65478515625,1.0
2015-08-11T12:06:00.000000Z,0.65478515625,0.65478515625,6.0
2015-08-11T12:06:20.000000Z,0.65478515625,0.65478515625,2.0
2015-08-11T12:06:40.000000Z,0.65478515625,0.65478515625,10.0
2015-08-11T12:06:50.000000Z,0.65478515625,0.65478515625,1.0
2015-08-11T12:07:20.000000Z,0.65478515625,0.65478515625,1.0
2015-08-11T12:07:50.000000Z,0.65478515625,0.65478515625,1.0
2015-08-11T12:08:00.000000Z,0.65478515625,0.65478515625,3.0
2015-08-11T12:08:20.000000Z,0.6552734375,0.65478515625,20.0
2015-08-11T12:08:30.000000Z,0.6552734375,0.65478515625,4.0
2015-08-11T12:08:40.000000Z,0.6552734375,0.65478515625,1.0
2015-08-11T12:08:50.000000Z,0.6552734375,0.65478515625,1.0
2015-08-11T12:09:00.000000Z,0.6552734375,0.65478515625,1.0
2015-08-11T12:09:10.000000Z,0.6552734375,0.65478515625,3.0
2015-08-11T12:09:20.000000Z,0.6552734375,0.65478515625,4.0
2015-08-11T12:09:40.000000Z,0.6552734375,0.65478515625,1.0
2015-08-11T12:09:50.000000Z,0.6552734375,0.65478515625,13.0
2015-08-11T12:10:00.000000Z,0.6552734375,0.65478515625,1.0
2015-08-11T12:10:10.000000Z,0.6552734375,0.65478515625,4.0
2015-08-11T12:10:50.000000Z,0.6552734375,0.6552734375,15.0
2015-08-11T12:11:00.000000Z,0.6552734375,0.6552734375,4.0
2015-08-11T12:11:10.000000Z,0.6552734375,0.65478515625,16.0
2015-08-11T12:11:20.000000Z,0.6552734375,0.65478515625,3.0
2015-08-11T12:11:30.000000Z,0.6552734375,0.65478515625,2.0
2015-08-11T12:11:50.000000Z,0.65478515625,0.65478515625,2.0
2015-08-11T12:12:00.000000Z,0.65478515625,0.65478515625,7.0
2015-08-11T12:12:10.000000Z,0.65478515625,0.65478515625,1.0
2015-08-11T12:12:20.000000Z,0.65478515625,0.65478515625,1.0
2015-08-11T12:12:40.000000Z,0.65478515625,0.65478515625,2.0
2015-08-11T12:12:50.000000Z,0.6552734375,0.65478515625,7.0
2015-08-11T12:13:00.000000Z,0.6552734375,0.65478515625,1.0
2015-08-11T12:13:10.000000Z,0.6552734375,0.65478515625,5.0
2015-08-11T12:13:20.000000Z,0.6552734375,0.65478515625,1.0
2015-08-11T12:13:50.000000Z,0.6552734375,0.65478515625,3.0
2015-08-11T12:14:20.000000Z,0.6552734375,0.65478515625,4.0
2015-08-11T12:14:30.000000Z,0.6552734375,0.6552734375,7.0
2015-08-11T12:14:40.000000Z,0.6552734375,0.6552734375,1.0
2015-08-11T12:14:50.000000Z,0.65576171875,0.6552734375,9.0
2015-08-11T12:15:00.000000Z,0.6552734375,0.6552734375,10.0
2015-08-11T12:15:10.000000Z,0.65576171875,0.6552734375,11.0
2015-08-11T12:15:30.000000Z,0.65576171875,0.6552734375,1.0
2015-08-11T12:15:40.000000Z,0.65576171875,0.6552734375,4.0
2015-08-11T12:15:50.000000Z,0.6552734375,0.6552734375,19.0
2015-08-11T12:16:00.000000Z,0.6552734375,0.6552734375,1.0
2015-08-11T12:16:10.000000Z,0.65576171875,0.6552734375,5.0
2015-08-11T12:16:20.000000Z,0.65576171875,0.6552734375,8.0
2015-08-11T12:16:30.000000Z,0.65576171875,0.6552734375,2.0
2015-08-11T12:16:40.000000Z,0.6552734375,0.6552734375,4.0
2015-08-11T12:16:50.000000Z,0.6552734375,0.6552734375,1.0
2015-08-11T12:17:10.000000Z,0.6552734375,0.6552734375,3.0
2015-08-11T12:17:20.000000Z,0.65576171875,0.6552734375,14.0
2015-08-11T12:17:30.000000Z,0.65576171875,0.6552734375,1.0
2015-08-11T12:17:40.000000Z,0.6552734375,0.6552734375,5.0
2015-08-11T12:17:50.000000Z,0.6552734375,0.6552734375,12.0
2015-08-11T12:18:00.000000Z,0.65576171875,0.6552734375,16.0
2015-08-11T12:18:10.000000Z,0.65576171875,0.6552734375,2.0
2015-08-11T12:18:20.000000Z,0.65576171875,0.6552734375,2.0
2015-08-11T12:18:30.000000Z,0.65576171875,0.6552734375,2.0
2015-08-11T12:18:40.000000Z,0.65576171875,0.6552734375,1.0
2015-08-11T12:18:50.000000Z,0.6552734375,0.6552734375,6.0
2015-08-11T12:19:00.000000Z,0.65576171875,0.6552734375,4.0
2015-08-11T12:19:10.000000Z,0.6552734375,0.6552734375,4.0
2015-08-11T12:19:20.000000Z,0.65576171875,0.6552734375,1.0
2015-08-11T12:19:30.000000Z,0.65576171875,0.6552734375,8.0
2015-08-11T12:19:40.000000Z,0.65576171875,0.6552734375,6.0
2015-08-11T12:19:50.000000Z,0.6552734375,0.6552734375,9.0
2015-08-11T12:20:00.000000Z,0.6552734375,0.6552734375,2.0
2015-08-11T12:20:10.000000Z,0.65576171875,0.6552734375,17.0
2015-08-11T12:20:20.000000Z,0.65576171875,0.6552734375,14.0
2015-08-11T12:20:30.000000Z,0.65576171875,0.6552734375,9.0
2015-08-11T12:20:40.000000Z,0.65576171875,0.6552734375,12.0
2015-08-11T12:20:50.000000Z,0.65576171875,0.6552734375,2.0
2015-08-11T12:21:00.000000Z,0.6552734375,0.6552734375,14.0
2015-08-11T12:21:30.000000Z,0.6552734375,0.6552734375,5.0
2015-08-11T12:21:40.000000Z,0.6552734375,0.6552734375,5.0
2015-08-11T12:21:50.000000Z,0.6552734375,0.6552734375,2.0
2015-08-11T12:22:00.000000Z,0.6552734375,0.6552734375,5.0
2015-08-11T12:22:10.000000Z,0.6552734375,0.6552734375,8.0
2015-08-11T12:22:20.000000Z,0.6552734375,0.6552734375,9.0
2015-08-11T12:22:30.000000Z,0.6552734375,0.6552734375,12.0
2015-08-11T12:22:40.000000Z,0.6552734375,0.6552734375,7.0
2015-08-11T12:22:50.000000Z,0.6552734375,0.6552734375,11.0
2015-08-11T12:23:10.000000Z,0.65576171875,0.6552734375,9.0
2015-08-11T12:23:20.000000Z,0.6552734375,0.6552734375,6.0
2015-08-11T12:23:30.000000Z,0.65576171875,0.6552734375,10.0
2015-08-11T12:23:40.000000Z,0.65576171875,0.6552734375,13.0
2015-08-11T12:23:50.000000Z,0.65576171875,0.6552734375,8.0
2015-08-11T12:24:10.000000Z,0.65576171875,0.6552734375,4.0
2015-08-11T12:24:20.000000Z,0.65576171875,0.6552734375,9.0
2015-08-11T12:24:30.000000Z,0.65576171875,0.65576171875,8.0
2015-08-11T12:24:40.000000Z,0.65576171875,0.65576171875,1.0
2015-08-11T12:24:50.000000Z,0.65576171875,0.65576171875,3.0
2015-08-11T12:25:00.000000Z,0.65576171875,0.65576171875,1.0
2015-08-11T12:25:10.000000Z,0.65576171875,0.6552734375,5.0
2015-08-11T12:25:20.000000Z,0.65576171875,0.6552734375,1.0
2015-08-11T12:25:30.000000Z,0.65576171875,0.6552734375,6.0
2015-08-11T12:25:40.000000Z,0.65576171875,0.6552734375,3.0
2015-08-11T12:25:50.000000Z,0.65576171875,0.65576171875,4.0
2015-08-11T12:26:10.000000Z,0.65576171875,0.65576171875,6.0
2015-08-11T12:26:20.000000Z,0.65576171875,0.65576171875,1.0
2015-08-11T12:26:30.000000Z,0.65576171875,0.65576171875,2.0
2015-08-11T12:26:40.000000Z,0.65576171875,0.65576171875,4.0
2015-08-11T12:26:50.000000Z,0.65576171875,0.65576171875,1.0
2015-08-11T12:27:10.000000Z,0.65576171875,0.6552734375,6.0
2015-08-11T12:27:30.000000Z,0.65576171875,0.6552734375,5.0
2015-08-11T12:27:50.000000Z,0.65576171875,0.65576171875,4.0
2015-08-11T12:28:00.000000Z,0.65576171875,0.65576171875,3.0
2015-08-11T12:28:20.000000Z,0.65576171875,0.65576171875,1.0
2015-08-11T12:28:50.000000Z,0.65576171875,0.65576171875,5.0
2015-08-11T12:29:00.000000Z,0.65576171875,0.65576171875,6.0
2015-08-11T12:29:50.000000Z,0.65576171875,0.65576171875,4.0
2015-08-11T12:30:00.000000Z,0.6552734375,0.6552734375,13.0
2015-08-11T12:30:10.000000Z,0.6552734375,0.6552734375,24.0
2015-08-11T12:30:20.000000Z,0.65576171875,0.6552734375,13.0
2015-08-11T12:30:30.000000Z,0.65576171875,0.65576171875,30.0
2015-08-11T12:30:40.000000Z,0.65576171875,0.65576171875,15.0
2015-08-11T12:30:50.000000Z,0.65576171875,0.65576171875,7.0
2015-08-11T12:31:10.000000Z,0.65576171875,0.6552734375,2.0
2015-08-11T12:31:20.000000Z,0.65576171875,0.65576171875,8.0
2015-08-11T12:31:30.000000Z,0.65576171875,0.65576171875,9.0
2015-08-11T12:31:40.000000Z,0.65576171875,0.65576171875,9.0
2015-08-11T12:31:50.000000Z,0.65576171875,0.65576171875,1.0
2015-08-11T12:32:10.000000Z,0.65576171875,0.6552734375,5.0
2015-08-11T12:32:20.000000Z,0.65576171875,0.6552734375,10.0
2015-08-11T12:32:30.000000Z,0.6552734375,0.6552734375,6.0
2015-08-11T12:32:40.000000Z,0.6552734375,0.6552734375,2.0
2015-08-11T12:32:50.000000Z,0.65576171875,0.6552734375,11.0
2015-08-11T12:33:00.000000Z,0.65576171875,0.6552734375,1.0
2015-08-11T12:33:10.000000Z,0.6552734375,0.6552734375,8.0
2015-08-11T12:33:20.000000Z,0.6552734375,0.6552734375,22.0
2015-08-11T12:33:30.000000Z,0.65576171875,0.6552734375,12.0
2015-08-11T12:33:40.000000Z,0.6552734375,0.6552734375,21.0
2015-08-11T12:33:50.000000Z,0.6552734375,0.6552734375,12.0
2015-08-11T12:34:00.000000Z,0.6552734375,0.6552734375,12.0
2015-08-11T12:34:10.000000Z,0.6552734375,0.6552734375,14.0
2015-08-11T12:34:20.000000Z,0.6552734375,0.6552734375,15.0
2015-08-11T12:34:30.000000Z,0.6552734375,0.6552734375,2.0
2015-08-11T12:34:40.000000Z,0.6552734375,0.6552734375,5.0
2015-08-11T12:34:50.000000Z,0.6552734375,0.6552734375,20.0
2015-08-11T12:35:00.000000Z,0.6552734375,0.6552734375,6.0
2015-08-11T12:35:20.000000Z,0.6552734375,0.6552734375,2.0
2015-08-11T12:35:30.000000Z,0.6552734375,0.6552734375,5.0
2015-08-11T12:35:40.000000Z,0.6552734375,0.6552734375,10.0
2015-08-11T12:35:50.000000Z,0.6552734375,0.6552734375,2.0
2015-08-11T12:36:00.000000Z,0.6552734375,0.6552734375,7.0
2015-08-11T12:36:10.000000Z,0.6552734375,0.6552734375,8.0
2015-08-11T12:36:20.000000Z,0.6552734375,0.6552734375,8.0
2015-08-11T12:36:40.000000Z,0.6552734375,0.6552734375,7.0
2015-08-11T12:36:50.000000Z,0.6552734375,0.6552734375,8.0
2015-08-11T12:37:00.000000Z,0.6552734375,0.6552734375,9.0
2015-08-11T12:37:10.000000Z,0.6552734375,0.6552734375,1.0
2015-08-11T12:37:20.000000Z,0.6552734375,0.6552734375,2.0
2015-08-11T12:37:40.000000Z,0.6552734375,0.6552734375,3.0
2015-08-11T12:37:50.000000Z,0.6552734375,0.6552734375,1.0
2015-08-11T12:38:00.000000Z,0.6552734375,0.6552734375,6.0
2015-08-11T12:38:10.000000Z,0.6552734375,0.6552734375,3.0
2015-08-11T12:38:20.000000Z,0.6552734375,0.6552734375,2.0
2015-08-11T12:38:30.000000Z,0.6552734375,0.6552734375,5.0
2015-08-11T12:38:40.000000Z,0.6552734375,0.6552734375,3.0
2015-08-11T12:38:50.000000Z,0.6552734375,0.6552734375,4.0
2015-08-11T12:39:00.000000Z,0.6552734375,0.6552734375,7.0
2015-08-11T12:39:10.000000Z,0.6552734375,0.6552734375,2.0
2015-08-11T12:39:20.000000Z,0.6552734375,0.65478515625,2.0
2015-08-11T12:39:30.000000Z,0.6552734375,0.65478515625,1.0
2015-08-11T12:39:40.000000Z,0.6552734375,0.6552734375,10.0
2015-08-11T12:39:50.000000Z,0.6552734375,0.6552734375,7.0
2015-08-11T12:40:00.000000Z,0.6552734375,0.65478515625,19.0
2015-08-11T12:40:10.000000Z,0.6552734375,0.6552734375,14.0
2015-08-11T12:40:20.000000Z,0.6552734375,0.6552734375,4.0
2015-08-11T12:40:30.000000Z,0.6552734375,0.6552734375,1.0
2015-08-11T12:40:40.000000Z,0.6552734375,0.6552734375,11.0
2015-08-11T12:41:00.000000Z,0.6552734375,0.65478515625,8.0
2015-08-11T12:41:10.000000Z,0.6552734375,0.65478515625,12.0
2015-08-11T12:41:20.000000Z,0.65478515625,0.65478515625,3.0
2015-08-11T12:41:50.000000Z,0.65478515625,0.65478515625,10.0
2015-08-11T12:42:00.000000Z,0.65478515625,0.65478515625,8.0
2015-08-11T12:42:10.000000Z,0.65478515625,0.65478515625,7.0
2015-08-11T12:42:20.000000Z,0.65478515625,0.65478515625,5.0
2015-08-11T12:42:30.000000Z,0.65478515625,0.65478515625,4.0
2015-08-11T12:42:40.000000Z,0.65478515625,0.654296875,12.0
2015-08-11T12:42:50.000000Z,0.65478515625,0.654296875,10.0
2015-08-11T12:43:00.000000Z,0.65478515625,0.65478515625,5.0
2015-08-11T12:43:10.000000Z,0.65478515625,0.654296875,2.0
2015-08-11T12:43:30.000000Z,0.65478515625,0.654296875,14.0
2015-08-11T12:43:40.000000Z,0.65478515625,0.654296875,7.0
2015-08-11T12:44:00.000000Z,0.65478515625,0.654296875,2.0
2015-08-11T12:44:10.000000Z,0.65478515625,0.654296875,2.0
2015-08-11T12:44:20.000000Z,0.65478515625,0.654296875,2.0
2015-08-11T12:44:30.000000Z,0.65478515625,0.654296875,2.0
2015-08-11T12:44:40.000000Z,0.65478515625,0.654296875,6.0
2015-08-11T12:44:50.000000Z,0.65478515625,0.654296875,1.0
2015-08-11T12:45:10.000000Z,0.65478515625,0.654296875,7.0
2015-08-11T12:45:20.000000Z,0.65478515625,0.65478515625,3.0
2015-08-11T12:45:30.000000Z,0.65478515625,0.65478515625,6.0
2015-08-11T12:45:40.000000Z,0.65478515625,0.65478515625,3.0
2015-08-11T12:45:50.000000Z,0.65478515625,0.65478515625,5.0
2015-08-11T12:46:00.000000Z,0.65478515625,0.65478515625,3.0
2015-08-11T12:46:10.000000Z,0.65478515625,0.65478515625,5.0
2015-08-11T12:46:20.000000Z,0.65478515625,0.65478515625,10.0
2015-08-11T12:46:30.000000Z,0.65478515625,0.65478515625,2.0
2015-08-11T12:46:40.000000Z,0.65478515625,0.65478515625,1.0
2015-08-11T12:47:00.000000Z,0.65478515625,0.654296875,23.0
2015-08-11T12:47:10.000000Z,0.65478515625,0.65478515625,6.0
2015-08-11T12:47:30.000000Z,0.65478515625,0.65478515625,2.0
2015-08-11T12:47:40.000000Z,0.65478515625,0.65478515625,12.0
2015-08-11T12:47:50.000000Z,0.65478515625,0.654296875,3.0
2015-08-11T12:48:00.000000Z,0.65478515625,0.654296875,8.0
2015-08-11T12:48:10.000000Z,0.65478515625,0.654296875,12.0
2015-08-11T12:48:20.000000Z,0.65478515625,0.65478515625,8.0
2015-08-11T12:48:30.000000Z,0.65478515625,0.65478515625,3.0
2015-08-11T12:49:00.000000Z,0.65478515625,0.65478515625,4.0
2015-08-11T12:49:10.000000Z,0.65478515625,0.65478515625,7.0
2015-08-11T12:49:20.000000Z,0.65478515625,0.65478515625,15.0
2015-08-11T12:49:30.000000Z,0.65478515625,0.65478515625,2.0
2015-08-11T12:49:40.000000Z,0.6552734375,0.65478515625,3.0
2015-08-11T12:49:50.000000Z,0.65478515625,0.65478515625,5.0
2015-08-11T12:50:00.000000Z,0.65478515625,0.65478515625,5.0
2015-08-11T12:50:10.000000Z,0.65478515625,0.65478515625,2.0
2015-08-11T12:50:20.000000Z,0.65478515625,0.65478515625,3.0
2015-08-11T12:50:30.000000Z,0.65478515625,0.65478515625,1.0
2015-08-11T12:50:40.000000Z,0.6552734375,0.65478515625,8.0
2015-08-11T12:50:50.000000Z,0.6552734375,0.6552734375,7.0
2015-08-11T12:51:00.000000Z,0.6552734375,0.6552734375,9.0
2015-08-11T12:51:10.000000Z,0.6552734375,0.6552734375,4.0
2015-08-11T12:51:20.000000Z,0.6552734375,0.6552734375,1.0
2015-08-11T12:51:30.000000Z,0.6552734375,0.6552734375,3.0
2015-08-11T12:51:40.000000Z,0.6552734375,0.6552734375,6.0
2015-08-11T12:51:50.000000Z,0.6552734375,0.6552734375,5.0
2015-08-11T12:52:10.000000Z,0.65576171875,0.6552734375,15.0
2015-08-11T12:52:20.000000Z,0.6552734375,0.6552734375,18.0
2015-08-11T12:52:30.000000Z,0.6552734375,0.6552734375,7.0
2015-08-11T12:52:40.000000Z,0.6552734375,0.6552734375,14.0
2015-08-11T12:52:50.000000Z,0.6552734375,0.6552734375,8.0
2015-08-11T12:53:00.000000Z,0.6552734375,0.6552734375,18.0
2015-08-11T12:53:10.000000Z,0.6552734375,0.6552734375,3.0
2015-08-11T12:53:20.000000Z,0.6552734375,0.6552734375,8.0
2015-08-11T12:53:30.000000Z,0.65576171875,0.6552734375,14.0
2015-08-11T12:53:40.000000Z,0.6552734375,0.6552734375,10.0
2015-08-11T12:53:50.000000Z,0.65576171875,0.6552734375,13.0
2015-08-11T12:54:00.000000Z,0.65576171875,0.6552734375,4.0
2015-08-11T12:54:10.000000Z,0.65576171875,0.6552734375,16.0
2015-08-11T12:54:20.000000Z,0.65576171875,0.6552734375,3.0
2015-08-11T12:54:30.000000Z,0.65576171875,0.6552734375,2.0
2015-08-11T12:54:40.000000Z,0.65576171875,0.6552734375,5.0
2015-08-11T12:54:50.000000Z,0.65576171875,0.6552734375,3.0
2015-08-11T12:55:00.000000Z,0.65576171875,0.6552734375,10.0
2015-08-11T12:55:10.000000Z,0.65576171875,0.6552734375,4.0
2015-08-11T12:55:20.000000Z,0.6552734375,0.6552734375,2.0
2015-08-11T12:55:40.000000Z,0.65576171875,0.6552734375,7.0
2015-08-11T12:55:50.000000Z,0.65576171875,0.6552734375,2.0
2015-08-11T12:56:10.000000Z,0.65576171875,0.6552734375,11.0
2015-08-11T12:56:20.000000Z,0.65576171875,0.6552734375,6.0
2015-08-11T12:56:30.000000Z,0.65576171875,0.6552734375,2.0
2015-08-11T12:56:40.000000Z,0.65576171875,0.6552734375,2.0
2015-08-11T12:56:50.000000Z,0.65576171875,0.6552734375,12.0
2015-08-11T12:57:00.000000Z,0.65576171875,0.65576171875,12.0
2015-08-11T12:57:10.000000Z,0.65576171875,0.6552734375,1.0
2015-08-11T12:57:20.000000Z,0.65576171875,0.6552734375,5.0
2015-08-11T12:57:30.000000Z,0.65576171875,0.6552734375,7.0
2015-08-11T12:57:40.000000Z,0.65576171875,0.65576171875,7.0
2015-08-11T12:57:50.000000Z,0.65576171875,0.65576171875,1.0
2015-08-11T12:58:20.000000Z,0.65576171875,0.65576171875,2.0
2015-08-11T12:58:30.000000Z,0.65576171875,0.6552734375,6.0
2015-08-11T12:58:40.000000Z,0.65576171875,0.6552734375,4.0
2015-08-11T12:58:50.000000Z,0.65576171875,0.65576171875,4.0
2015-08-11T12:59:00.000000Z,0.65576171875,0.65576171875,6.0
2015-08-11T12:59:30.000000Z,0.65576171875,0.65576171875,3.0
2015-08-11T12:59:40.000000Z,0.65576171875,0.65576171875,3.0
2015-08-11T12:59:50.000000Z,0.65576171875,0.65576171875,7.0
2015-08-11T13:00:00.000000Z,0.65576171875,0.65576171875,4.0
2015-08-11T13:00:20.000000Z,0.65576171875,0.65576171875,4.0
2015-08-11T13:00:30.000000Z,0.65576171875,0.65576171875,1.0
2015-08-11T13:00:40.000000Z,0.65576171875,0.6552734375,8.0
2015-08-11T13:00:50.000000Z,0.65576171875,0.6552734375,4.0
2015-08-11T13:01:00.000000Z,0.6552734375,0.6552734375,3.0
2015-08-11T13:01:10.000000Z,0.65576171875,0.6552734375,18.0
2015-08-11T13:01:20.000000Z,0.65576171875,0.6552734375,11.0
2015-08-11T13:01:30.000000Z,0.65576171875,0.6552734375,2.0
2015-08-11T13:01:40.000000Z,0.65576171875,0.65576171875,7.0
2015-08-11T13:01:50.000000Z,0.65576171875,0.65576171875,1.0
2015-08-11T13:02:10.000000Z,0.65576171875,0.65576171875,3.0
2015-08-11T13:02:20.000000Z,0.65576171875,0.65576171875,11.0
2015-08-11T13:02:30.000000Z,0.65576171875,0.65576171875,8.0
2015-08-11T13:02:40.000000Z,0.65576171875,0.65576171875,3.0
2015-08-11T13:02:50.000000Z,0.65576171875,0.65576171875,8.0
2015-08-11T13:03:00.000000Z,0.65576171875,0.65576171875,3.0
2015-08-11T13:03:10.000000Z,0.65576171875,0.65576171875,6.0
2015-08-11T13:03:20.000000Z,0.65576171875,0.65576171875,5.0
2015-08-11T13:03:30.000000Z,0.65576171875,0.65576171875,11.0
2015-08-11T13:04:20.000000Z,0.65576171875,0.65576171875,3.0
2015-08-11T13:04:30.000000Z,0.65576171875,0.65576171875,1.0
2015-08-11T13:04:40.000000Z,0.65576171875,0.65576171875,1.0
2015-08-11T13:04:50.000000Z,0.65576171875,0.6552734375,7.0
2015-08-11T13:05:00.000000Z,0.65576171875,0.6552734375,1.0
2015-08-11T13:05:10.000000Z,0.6552734375,0.6552734375,8.0
2015-08-11T13:05:20.000000Z,0.6552734375,0.6552734375,8.0
2015-08-11T13:05:30.000000Z,0.6552734375,0.6552734375,8.0
2015-08-11T13:05:40.000000Z,0.6552734375,0.6552734375,4.0
2015-08-11T13:05:50.000000Z,0.6552734375,0.6552734375,6.0
2015-08-11T13:06:00.000000Z,0.6552734375,0.6552734375,1.0
2015-08-11T13:06:10.000000Z,0.6552734375,0.6552734375,1.0
2015-08-11T13:06:20.000000Z,0.6552734375,0.65478515625,5.0
2015-08-11T13:06:30.000000Z,0.6552734375,0.6552734375,5.0
2015-08-11T13:06:50.000000Z,0.6552734375,0.6552734375,1.0
2015-08-11T13:07:00.000000Z,0.6552734375,0.6552734375,2.0
2015-08-11T13:07:10.000000Z,0.6552734375,0.6552734375,8.0
2015-08-11T13:07:20.000000Z,0.6552734375,0.6552734375,2.0
2015-08-11T13:07:30.000000Z,0.6552734375,0.6552734375,12.0
2015-08-11T13:07:40.000000Z,0.6552734375,0.6552734375,5.0
2015-08-11T13:07:50.000000Z,0.6552734375,0.6552734375,2.0
2015-08-11T13:08:00.000000Z,0.6552734375,0.6552734375,5.0
2015-08-11T13:08:10.000000Z,0.6552734375,0.6552734375,1.0
2015-08-11T13:08:20.000000Z,0.6552734375,0.6552734375,11.0
2015-08-11T13:08:30.000000Z,0.6552734375,0.6552734375,1.0
2015-08-11T13:08:50.000000Z,0.6552734375,0.6552734375,3.0
2015-08-11T13:09:00.000000Z,0.65576171875,0.6552734375,7.0
2015-08-11T13:09:10.000000Z,0.65576171875,0.6552734375,2.0
2015-08-11T13:09:20.000000Z,0.65576171875,0.6552734375,3.0
2015-08-11T13:09:30.000000Z,0.6552734375,0.6552734375,3.0
2015-08-11T13:09:50.000000Z,0.6552734375,0.6552734375,9.0
2015-08-11T13:10:00.000000Z,0.65576171875,0.6552734375,4.0
2015-08-11T13:10:20.000000Z,0.65576171875,0.6552734375,18.0
2015-08-11T13:10:40.000000Z,0.65576171875,0.6552734375,1.0
2015-08-11T13:10:50.000000Z,0.65576171875,0.65576171875,3.0
2015-08-11T13:11:00.000000Z,0.65576171875,0.65576171875,8.0
2015-08-11T13:11:10.000000Z,0.65576171875,0.65576171875,11.0
2015-08-11T13:11:20.000000Z,0.65576171875,0.65576171875,10.0
2015-08-11T13:11:30.000000Z,0.65625,0.65576171875,17.0
2015-08-11T13:11:40.000000Z,0.65576171875,0.65576171875,3.0
2015-08-11T13:11:50.000000Z,0.65576171875,0.65576171875,1.0
2015-08-11T13:12:00.000000Z,0.65576171875,0.65576171875,11.0
2015-08-11T13:12:10.000000Z,0.65576171875,0.65576171875,4.0
2015-08-11T13:12:20.000000Z,0.65576171875,0.65576171875,12.0
2015-08-11T13:12:30.000000Z,0.65576171875,0.65576171875,8.0
2015-08-11T13:12:50.000000Z,0.65576171875,0.65576171875,11.0
2015-08-11T13:13:00.000000Z,0.65576171875,0.6552734375,3.0
2015-08-11T13:13:10.000000Z,0.65576171875,0.65576171875,9.0
2015-08-11T13:13:20.000000Z,0.65576171875,0.65576171875,2.0
2015-08-11T13:13:30.000000Z,0.65576171875,0.65576171875,9.0
2015-08-11T13:13:40.000000Z,0.65576171875,0.65576171875,1.0
2015-08-11T13:14:00.000000Z,0.65576171875,0.65576171875,12.0
2015-08-11T13:14:10.000000Z,0.65576171875,0.65576171875,1.0
2015-08-11T13:14:30.000000Z,0.65576171875,0.65576171875,1.0
2015-08-11T13:14:40.000000Z,0.65576171875,0.65576171875,4.0
2015-08-11T13:14:50.000000Z,0.65576171875,0.65576171875,6.0
2015-08-11T13:15:00.000000Z,0.65625,0.65576171875,15.0
2015-08-11T13:15:10.000000Z,0.65625,0.65576171875,1.0
2015-08-11T13:15:20.000000Z,0.65625,0.65576171875,3.0
2015-08-11T13:15:30.000000Z,0.65625,0.65576171875,19.0
2015-08-11T13:15:40.000000Z,0.65625,0.65576171875,3.0
2015-08-11T13:16:00.000000Z,0.65625,0.65576171875,12.0
2015-08-11T13:16:10.000000Z,0.65625,0.65576171875,2.0
2015-08-11T13:16:20.000000Z,0.65625,0.65576171875,1.0
2015-08-11T13:16:50.000000Z,0.65625,0.65576171875,13.0
2015-08-11T13:17:00.000000Z,0.65625,0.65576171875,4.0
2015-08-11T13:17:10.000000Z,0.65625,0.65576171875,4.0
2015-08-11T13:17:20.000000Z,0.65625,0.65576171875,10.0
2015-08-11T13:17:30.000000Z,0.65625,0.65576171875,12.0
2015-08-11T13:17:40.000000Z,0.65625,0.65576171875,2.0
2015-08-11T13:17:50.000000Z,0.65576171875,0.65576171875,2.0
2015-08-11T13:18:00.000000Z,0.65625,0.65576171875,4.0
2015-08-11T13:18:10.000000Z,0.65625,0.65576171875,5.0
2015-08-11T13:18:20.000000Z,0.65625,0.65576171875,3.0
2015-08-11T13:18:30.000000Z,0.65625,0.65576171875,5.0
2015-08-11T13:18:50.000000Z,0.65625,0.65576171875,2.0
2015-08-11T13:19:00.000000Z,0.65625,0.65576171875,8.0
2015-08-11T13:19:10.000000Z,0.65625,0.65576171875,11.0
2015-08-11T13:19:20.000000Z,0.65625,0.65576171875,17.0
2015-08-11T13:19:30.000000Z,0.65625,0.65576171875,10.0
2015-08-11T13:19:40.000000Z,0.65576171875,0.65576171875,7.0
2015-08-11T13:19:50.000000Z,0.65576171875,0.65576171875,2.0
2015-08-11T13:20:00.000000Z,0.65576171875,0.65576171875,1.0
2015-08-11T13:20:10.000000Z,0.65576171875,0.65576171875,5.0
2015-08-11T13:20:30.000000Z,0.65576171875,0.65576171875,5.0
2015-08-11T13:20:40.000000Z,0.65576171875,0.65576171875,2.0
2015-08-11T13:20:50.000000Z,0.65625,0.65576171875,10.0
2015-08-11T13:21:00.000000Z,0.65576171875,0.65576171875,3.0
2015-08-11T13:21:10.000000Z,0.65576171875,0.65576171875,4.0
2015-08-11T13:21:20.000000Z,0.65576171875,0.65576171875,4.0
2015-08-11T13:21:30.000000Z,0.65625,0.65576171875,10.0
2015-08-11T13:21:40.000000Z,0.65625,0.65576171875,2.0
2015-08-11T13:21:50.000000Z,0.65576171875,0.65576171875,5.0
2015-08-11T13:22:10.000000Z,0.65576171875,0.65576171875,7.0
2015-08-11T13:22:20.000000Z,0.65576171875,0.65576171875,2.0
2015-08-11T13:22:30.000000Z,0.65576171875,0.65576171875,2.0
2015-08-11T13:22:40.000000Z,0.65576171875,0.6552734375,5.0
2015-08-11T13:22:50.000000Z,0.65576171875,0.6552734375,3.0
2015-08-11T13:23:00.000000Z,0.65576171875,0.6552734375,4.0
2015-08-11T13:23:10.000000Z,0.65576171875,0.6552734375,1.0
2015-08-11T13:23:20.000000Z,0.65576171875,0.6552734375,11.0
2015-08-11T13:23:50.000000Z,0.65576171875,0.6552734375,11.0
2015-08-11T13:24:00.000000Z,0.65576171875,0.65576171875,18.0
2015-08-11T13:24:10.000000Z,0.65576171875,0.65576171875,3.0
2015-08-11T13:24:20.000000Z,0.65576171875,0.65576171875,5.0
2015-08-11T13:24:30.000000Z,0.65576171875,0.65576171875,5.0
2015-08-11T13:24:40.000000Z,0.65576171875,0.65576171875,4.0
2015-08-11T13:24:50.000000Z,0.65576171875,0.65576171875,8.0
2015-08-11T13:25:00.000000Z,0.65576171875,0.65576171875,9.0
2015-08-11T13:25:10.000000Z,0.65576171875,0.6552734375,9.0
2015-08-11T13:25:20.000000Z,0.65576171875,0.6552734375,21.0
2015-08-11T13:25:30.000000Z,0.65576171875,0.6552734375,19.0
2015-08-11T13:25:40.000000Z,0.6552734375,0.6552734375,11.0
2015-08-11T13:25:50.000000Z,0.6552734375,0.6552734375,8.0
2015-08-11T13:26:00.000000Z,0.6552734375,0.6552734375,9.0
2015-08-11T13:26:10.000000Z,0.6552734375,0.6552734375,12.0
2015-08-11T13:26:20.000000Z,0.6552734375,0.6552734375,2.0
2015-08-11T13:26:30.000000Z,0.6552734375,0.6552734375,2.0
2015-08-11T13:26:40.000000Z,0.6552734375,0.6552734375,10.0
2015-08-11T13:26:50.000000Z,0.6552734375,0.65478515625,9.0
2015-08-11T13:27:10.000000Z,0.6552734375,0.6552734375,4.0
2015-08-11T13:27:20.000000Z,0.6552734375,0.6552734375,2.0
2015-08-11T13:27:30.000000Z,0.6552734375,0.6552734375,8.0
2015-08-11T13:27:40.000000Z,0.6552734375,0.65478515625,16.0
2015-08-11T13:27:50.000000Z,0.6552734375,0.65478515625,7.0
2015-08-11T13:28:00.000000Z,0.6552734375,0.65478515625,14.0
2015-08-11T13:28:20.000000Z,0.6552734375,0.65478515625,3.0
2015-08-11T13:28:30.000000Z,0.6552734375,0.65478515625,10.0
2015-08-11T13:28:40.000000Z,0.6552734375,0.6552734375,9.0
2015-08-11T13:28:50.000000Z,0.6552734375,0.6552734375,13.0
2015-08-11T13:29:00.000000Z,0.6552734375,0.6552734375,9.0
2015-08-11T13:29:10.000000Z,0.6552734375,0.6552734375,6.0
2015-08-11T13:29:20.000000Z,0.6552734375,0.65478515625,3.0
2015-08-11T13:29:30.000000Z,0.6552734375,0.65478515625,4.0
2015-08-11T13:29:40.000000Z,0.6552734375,0.65478515625,10.0
2015-08-11T13:29:50.000000Z,0.6552734375,0.65478515625,2.0
2015-08-11T13:30:00.000000Z,0.6552734375,0.6552734375,5.0
2015-08-11T13:30:10.000000Z,0.6552734375,0.6552734375,9.0
2015-08-11T13:30:20.000000Z,0.6552734375,0.6552734375,7.0
2015-08-11T13:30:30.000000Z,0.6552734375,0.6552734375,11.0
2015-08-11T13:30:40.000000Z,0.6552734375,0.6552734375,1.0
2015-08-11T13:30:50.000000Z,0.6552734375,0.6552734375,1.0
2015-08-11T13:31:00.000000Z,0.6552734375,0.65478515625,5.0
2015-08-11T13:31:10.000000Z,0.6552734375,0.65478515625,5.0
2015-08-11T13:31:20.000000Z,0.65478515625,0.65478515625,7.0
2015-08-11T13:31:30.000000Z,0.6552734375,0.65478515625,18.0
2015-08-11T13:31:40.000000Z,0.6552734375,0.65478515625,8.0
2015-08-11T13:31:50.000000Z,0.6552734375,0.65478515625,3.0
2015-08-11T13:32:00.000000Z,0.6552734375,0.65478515625,3.0
2015-08-11T13:32:10.000000Z,0.6552734375,0.65478515625,6.0
2015-08-11T13:32:20.000000Z,0.6552734375,0.65478515625,5.0
2015-08-11T13:32:40.000000Z,0.6552734375,0.65478515625,3.0
2015-08-11T13:32:50.000000Z,0.6552734375,0.65478515625,6.0
2015-08-11T13:33:00.000000Z,0.6552734375,0.65478515625,4.0
2015-08-11T13:33:10.000000Z,0.6552734375,0.65478515625,2.0
2015-08-11T13:33:20.000000Z,0.6552734375,0.65478515625,7.0
2015-08-11T13:33:30.000000Z,0.6552734375,0.65478515625,4.0
2015-08-11T13:33:40.000000Z,0.6552734375,0.65478515625,5.0
2015-08-11T13:33:50.000000Z,0.6552734375,0.65478515625,1.0
2015-08-11T13:34:00.000000Z,0.6552734375,0.6552734375,1.0
2015-08-11T13:34:10.000000Z,0.6552734375,0.65478515625,11.0
2015-08-11T13:34:20.000000Z,0.65478515625,0.65478515625,7.0
2015-08-11T13:34:30.000000Z,0.65478515625,0.65478515625,5.0
2015-08-11T13:34:40.000000Z,0.6552734375,0.65478515625,4.0
2015-08-11T13:34:50.000000Z,0.6552734375,0.65478515625,7.0
2015-08-11T13:35:00.000000Z,0.6552734375,0.65478515625,2.0
2015-08-11T13:35:10.000000Z,0.6552734375,0.65478515625,6.0
2015-08-11T13:35:20.000000Z,0.65478515625,0.65478515625,7.0
2015-08-11T13:35:30.000000Z,0.65478515625,0.65478515625,1.0
2015-08-11T13:36:10.000000Z,0.6552734375,0.65478515625,3.0
2015-08-11T13:36:20.000000Z,0.6552734375,0.65478515625,8.0
2015-08-11T13:36:30.000000Z,0.65478515625,0.65478515625,3.0
2015-08-11T13:36:40.000000Z,0.6552734375,0.65478515625,8.0
2015-08-11T13:36:50.000000Z,0.6552734375,0.65478515625,3.0
2015-08-11T13:37:00.000000Z,0.6552734375,0.65478515625,4.0
2015-08-11T13:37:10.000000Z,0.65478515625,0.65478515625,4.0
2015-08-11T13:37:20.000000Z,0.6552734375,0.65478515625,8.0
2015-08-11T13:37:30.000000Z,0.6552734375,0.65478515625,2.0
2015-08-11T13:37:40.000000Z,0.6552734375,0.65478515625,3.0
2015-08-11T13:37:50.000000Z,0.6552734375,0.65478515625,6.0
2015-08-11T13:38:00.000000Z,0.6552734375,0.6552734375,3.0
2015-08-11T13:38:20.000000Z,0.6552734375,0.65478515625,5.0
2015-08-11T13:38:30.000000Z,0.6552734375,0.6552734375,1.0
2015-08-11T13:38:40.000000Z,0.6552734375,0.65478515625,1.0
2015-08-11T13:38:50.000000Z,0.6552734375,0.6552734375,4.0
2015-08-11T13:39:00.000000Z,0.6552734375,0.6552734375,8.0
2015-08-11T13:39:10.000000Z,0.6552734375,0.6552734375,15.0
2015-08-11T13:39:20.000000Z,0.6552734375,0.6552734375,3.0
2015-08-11T13:39:30.000000Z,0.6552734375,0.6552734375,6.0
2015-08-11T13:39:40.000000Z,0.6552734375,0.6552734375,14.0
2015-08-11T13:39:50.000000Z,0.6552734375,0.65478515625,2.0
2015-08-11T13:40:00.000000Z,0.6552734375,0.6552734375,9.0
2015-08-11T13:40:10.000000Z,0.6552734375,0.6552734375,11.0
2015-08-11T13:40:20.000000Z,0.6552734375,0.6552734375,9.0
2015-08-11T13:40:30.000000Z,0.6552734375,0.6552734375,5.0
2015-08-11T13:40:40.000000Z,0.65576171875,0.6552734375,18.0
2015-08-11T13:40:50.000000Z,0.6552734375,0.6552734375,17.0
2015-08-11T13:41:00.000000Z,0.6552734375,0.6552734375,5.0
2015-08-11T13:41:10.000000Z,0.6552734375,0.6552734375,10.0
2015-08-11T13:41:20.000000Z,0.6552734375,0.6552734375,10.0
2015-08-11T13:41:30.000000Z,0.6552734375,0.6552734375,11.0
2015-08-11T13:41:40.000000Z,0.6552734375,0.6552734375,4.0
2015-08-11T13:41:50.000000Z,0.6552734375,0.6552734375,15.0
2015-08-11T13:42:00.000000Z,0.6552734375,0.65478515625,3.0
2015-08-11T13:42:10.000000Z,0.6552734375,0.6552734375,8.0
2015-08-11T13:42:20.000000Z,0.6552734375,0.6552734375,11.0
2015-08-11T13:42:30.000000Z,0.6552734375,0.6552734375,1.0
2015-08-11T13:43:00.000000Z,0.6552734375,0.6552734375,2.0
2015-08-11T13:43:10.000000Z,0.6552734375,0.65478515625,15.0
2015-08-11T13:43:20.000000Z,0.6552734375,0.65478515625,9.0
2015-08-11T13:43:30.000000Z,0.6552734375,0.65478515625,11.0
2015-08-11T13:43:40.000000Z,0.6552734375,0.65478515625,8.0
2015-08-11T13:43:50.000000Z,0.6552734375,0.65478515625,7.0
2015-08-11T13:44:00.000000Z,0.6552734375,0.65478515625,8.0
2015-08-11T13:44:20.000000Z,0.65478515625,0.65478515625,6.0
2015-08-11T13:44:30.000000Z,0.65478515625,0.65478515625,5.0
2015-08-11T13:44:40.000000Z,0.65478515625,0.65478515625,5.0
2015-08-11T13:44:50.000000Z,0.65478515625,0.65478515625,5.0
2015-08-11T13:45:10.000000Z,0.65478515625,0.65478515625,2.0
2015-08-11T13:45:20.000000Z,0.65478515625,0.65478515625,3.0
2015-08-11T13:46:00.000000Z,0.6552734375,0.65478515625,7.0
2015-08-11T13:46:10.000000Z,0.6552734375,0.65478515625,11.0
2015-08-11T13:46:20.000000Z,0.6552734375,0.65478515625,7.0
2015-08-11T13:46:30.000000Z,0.6552734375,0.65478515625,1.0
2015-08-11T13:46:40.000000Z,0.6552734375,0.65478515625,2.0
2015-08-11T13:46:50.000000Z,0.6552734375,0.6552734375,16.0
2015-08-11T13:47:00.000000Z,0.6552734375,0.65478515625,2.0
2015-08-11T13:47:10.000000Z,0.6552734375,0.65478515625,5.0
2015-08-11T13:47:30.000000Z,0.6552734375,0.65478515625,3.0
2015-08-11T13:47:50.000000Z,0.6552734375,0.65478515625,1.0
2015-08-11T13:48:00.000000Z,0.6552734375,0.6552734375,4.0
2015-08-11T13:48:20.000000Z,0.6552734375,0.65478515625,6.0
2015-08-11T13:48:30.000000Z,0.6552734375,0.6552734375,3.0
2015-08-11T13:48:40.000000Z,0.6552734375,0.6552734375,6.0
2015-08-11T13:48:50.000000Z,0.6552734375,0.6552734375,9.0
2015-08-11T13:49:00.000000Z,0.6552734375,0.6552734375,8.0
2015-08-11T13:49:10.000000Z,0.6552734375,0.6552734375,6.0
2015-08-11T13:49:20.000000Z,0.6552734375,0.6552734375,3.0
2015-08-11T13:49:30.000000Z,0.6552734375,0.65478515625,2.0
2015-08-11T13:49:40.000000Z,0.6552734375,0.6552734375,5.0
2015-08-11T13:49:50.000000Z,0.6552734375,0.65478515625,3.0
2015-08-11T13:50:00.000000Z,0.6552734375,0.65478515625,4.0
2015-08-11T13:50:10.000000Z,0.6552734375,0.65478515625,3.0
2015-08-11T13:50:20.000000Z,0.6552734375,0.6552734375,10.0
2015-08-11T13:50:30.000000Z,0.6552734375,0.6552734375,4.0
2015-08-11T13:50:40.000000Z,0.6552734375,0.6552734375,3.0
2015-08-11T13:50:50.000000Z,0.6552734375,0.6552734375,2.0
2015-08-11T13:51:10.000000Z,0.6552734375,0.6552734375,2.0
2015-08-11T13:51:20.000000Z,0.6552734375,0.6552734375,6.0
2015-08-11T13:51:30.000000Z,0.6552734375,0.6552734375,5.0
2015-08-11T13:51:40.000000Z,0.6552734375,0.6552734375,12.0
2015-08-11T13:51:50.000000Z,0.6552734375,0.6552734375,6.0
2015-08-11T13:52:00.000000Z,0.6552734375,0.6552734375,4.0
2015-08-11T13:52:20.000000Z,0.65576171875,0.6552734375,4.0
2015-08-11T13:52:30.000000Z,0.65576171875,0.6552734375,2.0
2015-08-11T13:52:40.000000Z,0.65576171875,0.6552734375,1.0
2015-08-11T13:52:50.000000Z,0.65576171875,0.6552734375,3.0
2015-08-11T13:53:00.000000Z,0.6552734375,0.6552734375,5.0
2015-08-11T13:53:10.000000Z,0.6552734375,0.6552734375,18.0
2015-08-11T13:53:20.000000Z,0.6552734375,0.6552734375,16.0
2015-08-11T13:53:30.000000Z,0.6552734375,0.6552734375,9.0
2015-08-11T13:53:40.000000Z,0.6552734375,0.6552734375,7.0
2015-08-11T13:53:50.000000Z,0.6552734375,0.6552734375,2.0
2015-08-11T13:54:10.000000Z,0.6552734375,0.6552734375,3.0
2015-08-11T13:54:20.000000Z,0.6552734375,0.6552734375,5.0
2015-08-11T13:54:30.000000Z,0.6552734375,0.65478515625,10.0
2015-08-11T13:54:40.000000Z,0.6552734375,0.65478515625,7.0
2015-08-11T13:54:50.000000Z,0.6552734375,0.65478515625,4.0
2015-08-11T13:55:00.000000Z,0.6552734375,0.6552734375,5.0
2015-08-11T13:55:20.000000Z,0.6552734375,0.6552734375,5.0
2015-08-11T13:55:30.000000Z,0.6552734375,0.6552734375,5.0
2015-08-11T13:55:40.000000Z,0.6552734375,0.65478515625,1.0
2015-08-11T13:55:50.000000Z,0.6552734375,0.6552734375,4.0
2015-08-11T13:56:00.000000Z,0.6552734375,0.65478515625,7.0
2015-08-11T13:56:10.000000Z,0.6552734375,0.65478515625,7.0
2015-08-11T13:56:20.000000Z,0.6552734375,0.65478515625,3.0
2015-08-11T13:56:40.000000Z,0.6552734375,0.65478515625,1.0
2015-08-11T13:56:50.000000Z,0.6552734375,0.65478515625,10.0
2015-08-11T13:57:00.000000Z,0.6552734375,0.6552734375,7.0
2015-08-11T13:57:10.000000Z,0.6552734375,0.6552734375,6.0
2015-08-11T13:57:20.000000Z,0.6552734375,0.6552734375,8.0
2015-08-11T13:57:30.000000Z,0.6552734375,0.6552734375,4.0
2015-08-11T13:57:50.000000Z,0.6552734375,0.6552734375,5.0
2015-08-11T13:58:00.000000Z,0.6552734375,0.65478515625,8.0
2015-08-11T13:58:10.000000Z,0.65478515625,0.65478515625,13.0
2015-08-11T13:58:20.000000Z,0.65478515625,0.65478515625,3.0
2015-08-11T13:58:30.000000Z,0.6552734375,0.6552734375,12.0
2015-08-11T13:59:00.000000Z,0.6552734375,0.6552734375,6.0
2015-08-11T13:59:10.000000Z,0.6552734375,0.6552734375,1.0
2015-08-11T13:59:20.000000Z,0.6552734375,0.6552734375,6.0
2015-08-11T13:59:30.000000Z,0.6552734375,0.6552734375,13.0
2015-08-11T13:59:40.000000Z,0.6552734375,0.6552734375,1.0
2015-08-11T13:59:50.000000Z,0.6552734375,0.6552734375,29.0
2015-08-11T14:00:00.000000Z,0.6552734375,0.65478515625,12.0
2015-08-11T14:00:10.000000Z,0.6552734375,0.65478515625,3.0
2015-08-11T14:00:20.000000Z,0.6552734375,0.65478515625,14.0
2015-08-11T14:00:30.000000Z,0.6552734375,0.65478515625,6.0
2015-08-11T14:00:40.000000Z,0.6552734375,0.65478515625,2.0
2015-08-11T14:00:50.000000Z,0.6552734375,0.65478515625,12.0
2015-08-11T14:01:00.000000Z,0.65478515625,0.65478515625,14.0
2015-08-11T14:01:10.000000Z,0.65478515625,0.65478515625,5.0
2015-08-11T14:01:20.000000Z,0.6552734375,0.65478515625,6.0
2015-08-11T14:01:40.000000Z,0.6552734375,0.6552734375,7.0
2015-08-11T14:01:50.000000Z,0.6552734375,0.6552734375,5.0
2015-08-11T14:02:00.000000Z,0.6552734375,0.6552734375,7.0
2015-08-11T14:02:10.000000Z,0.6552734375,0.6552734375,4.0
2015-08-11T14:02:20.000000Z,0.6552734375,0.6552734375,3.0
2015-08-11T14:02:30.000000Z,0.6552734375,0.6552734375,5.0
2015-08-11T14:02:40.000000Z,0.65576171875,0.6552734375,10.0
2015-08-11T14:02:50.000000Z,0.65576171875,0.6552734375,3.0
2015-08-11T14:03:00.000000Z,0.6552734375,0.6552734375,27.0
2015-08-11T14:03:10.000000Z,0.6552734375,0.6552734375,13.0
2015-08-11T14:03:20.000000Z,0.6552734375,0.6552734375,13.0
2015-08-11T14:03:30.000000Z,0.6552734375,0.6552734375,12.0
2015-08-11T14:03:40.000000Z,0.6552734375,0.6552734375,11.0
2015-08-11T14:03:50.000000Z,0.6552734375,0.6552734375,3.0
2015-08-11T14:04:00.000000Z,0.65576171875,0.6552734375,5.0
2015-08-11T14:04:10.000000Z,0.6552734375,0.6552734375,10.0
2015-08-11T14:04:20.000000Z,0.65576171875,0.6552734375,5.0
2015-08-11T14:04:30.000000Z,0.65576171875,0.6552734375,19.0
2015-08-11T14:04:40.000000Z,0.65576171875,0.65576171875,13.0
2015-08-11T14:04:50.000000Z,0.65576171875,0.6552734375,6.0
2015-08-11T14:05:00.000000Z,0.65576171875,0.65576171875,8.0
2015-08-11T14:05:10.000000Z,0.65576171875,0.65576171875,4.0
2015-08-11T14:05:20.000000Z,0.65576171875,0.65576171875,4.0
2015-08-11T14:05:30.000000Z,0.65576171875,0.65576171875,1.0
2015-08-11T14:05:40.000000Z,0.65576171875,0.6552734375,5.0
2015-08-11T14:05:50.000000Z,0.65576171875,0.65576171875,13.0
2015-08-11T14:06:00.000000Z,0.65576171875,0.65576171875,3.0
2015-08-11T14:06:10.000000Z,0.65576171875,0.65576171875,3.0
2015-08-11T14:06:20.000000Z,0.65576171875,0.65576171875,2.0
2015-08-11T14:06:30.000000Z,0.65576171875,0.65576171875,5.0
2015-08-11T14:06:50.000000Z,0.65576171875,0.65576171875,3.0
2015-08-11T14:07:00.000000Z,0.65576171875,0.65576171875,3.0
2015-08-11T14:07:10.000000Z,0.65576171875,0.6552734375,7.0
2015-08-11T14:07:20.000000Z,0.65576171875,0.6552734375,4.0
2015-08-11T14:07:30.000000Z,0.65576171875,0.6552734375,14.0
2015-08-11T14:07:40.000000Z,0.65576171875,0.6552734375,4.0
2015-08-11T14:07:50.000000Z,0.65576171875,0.65576171875,2.0
2015-08-11T14:08:00.000000Z,0.65576171875,0.6552734375,4.0
2015-08-11T14:08:10.000000Z,0.65576171875,0.6552734375,3.0
2015-08-11T14:08:20.000000Z,0.65576171875,0.6552734375,10.0
2015-08-11T14:08:30.000000Z,0.65576171875,0.6552734375,5.0
2015-08-11T14:08:40.000000Z,0.65576171875,0.6552734375,2.0
2015-08-11T14:08:50.000000Z,0.65576171875,0.6552734375,7.0
2015-08-11T14:09:00.000000Z,0.65576171875,0.6552734375,6.0
2015-08-11T14:09:10.000000Z,0.65576171875,0.6552734375,2.0
2015-08-11T14:09:20.000000Z,0.65576171875,0.6552734375,10.0
2015-08-11T14:09:30.000000Z,0.65576171875,0.6552734375,6.0
2015-08-11T14:09:40.000000Z,0.65576171875,0.6552734375,4.0
2015-08-11T14:09:50.000000Z,0.65576171875,0.6552734375,1.0
2015-08-11T14:10:00.000000Z,0.65576171875,0.6552734375,2.0
2015-08-11T14:10:10.000000Z,0.65576171875,0.6552734375,7.0
2015-08-11T14:10:20.000000Z,0.65576171875,0.6552734375,9.0
2015-08-11T14:10:30.000000Z,0.65576171875,0.6552734375,2.0
2015-08-11T14:10:40.000000Z,0.65576171875,0.6552734375,7.0
2015-08-11T14:10:50.000000Z,0.65576171875,0.6552734375,6.0
2015-08-11T14:11:00.000000Z,0.65576171875,0.6552734375,6.0
2015-08-11T14:11:10.000000Z,0.65576171875,0.6552734375,2.0
2015-08-11T14:11:20.000000Z,0.65576171875,0.6552734375,1.0
2015-08-11T14:11:30.000000Z,0.65576171875,0.6552734375,3.0
2015-08-11T14:11:40.000000Z,0.65576171875,0.65576171875,7.0
2015-08-11T14:11:50.000000Z,0.65576171875,0.65576171875,8.0
2015-08-11T14:12:00.000000Z,0.65576171875,0.65576171875,1.0
2015-08-11T14:12:10.000000Z,0.65576171875,0.65576171875,6.0
2015-08-11T14:12:20.000000Z,0.65576171875,0.65576171875,6.0
2015-08-11T14:12:30.000000Z,0.65625,0.65576171875,10.0
2015-08-11T14:12:40.000000Z,0.65625,0.65576171875,12.0
2015-08-11T14:12:50.000000Z,0.65576171875,0.65576171875,3.0
2015-08-11T14:13:00.000000Z,0.65625,0.65576171875,2.0
2015-08-11T14:13:10.000000Z,0.65625,0.65576171875,6.0
2015-08-11T14:13:20.000000Z,0.65625,0.65576171875,2.0
2015-08-11T14:13:30.000000Z,0.65576171875,0.65576171875,17.0
2015-08-11T14:13:40.000000Z,0.65576171875,0.65576171875,3.0
2015-08-11T14:13:50.000000Z,0.65576171875,0.65576171875,3.0
2015-08-11T14:14:20.000000Z,0.65576171875,0.65576171875,3.0
2015-08-11T14:14:30.000000Z,0.65576171875,0.6552734375,2.0
2015-08-11T14:14:40.000000Z,0.65576171875,0.6552734375,5.0
2015-08-11T14:14:50.000000Z,0.65576171875,0.6552734375,9.0
2015-08-11T14:15:00.000000Z,0.65576171875,0.6552734375,4.0
2015-08-11T14:15:10.000000Z,0.65576171875,0.6552734375,2.0
2015-08-11T14:15:20.000000Z,0.6552734375,0.6552734375,3.0
2015-08-11T14:15:30.000000Z,0.65576171875,0.6552734375,15.0
2015-08-11T14:15:40.000000Z,0.65576171875,0.6552734375,5.0
2015-08-11T14:15:50.000000Z,0.65576171875,0.6552734375,15.0
2015-08-11T14:16:00.000000Z,0.65576171875,0.6552734375,16.0
2015-08-11T14:16:10.000000Z,0.65576171875,0.6552734375,5.0
2015-08-11T14:16:20.000000Z,0.65576171875,0.6552734375,15.0
2015-08-11T14:16:30.000000Z,0.65576171875,0.6552734375,3.0
2015-08-11T14:16:40.000000Z,0.6552734375,0.6552734375,15.0
2015-08-11T14:16:50.000000Z,0.6552734375,0.6552734375,5.0
2015-08-11T14:17:00.000000Z,0.6552734375,0.6552734375,6.0
2015-08-11T14:17:10.000000Z,0.6552734375,0.6552734375,4.0
2015-08-11T14:17:20.000000Z,0.6552734375,0.6552734375,16.0
2015-08-11T14:17:30.000000Z,0.6552734375,0.6552734375,13.0
2015-08-11T14:17:40.000000Z,0.6552734375,0.6552734375,12.0
2015-08-11T14:17:50.000000Z,0.6552734375,0.6552734375,10.0
2015-08-11T14:18:00.000000Z,0.6552734375,0.6552734375,15.0
2015-08-11T14:18:10.000000Z,0.65576171875,0.6552734375,10.0
2015-08-11T14:18:20.000000Z,0.65576171875,0.6552734375,4.0
2015-08-11T14:18:30.000000Z,0.6552734375,0.6552734375,2.0
2015-08-11T14:18:40.000000Z,0.6552734375,0.6552734375,3.0
2015-08-11T14:18:50.000000Z,0.6552734375,0.6552734375,4.0
2015-08-11T14:19:00.000000Z,0.65478515625,0.65478515625,11.0
2015-08-11T14:19:10.000000Z,0.65478515625,0.65478515625,6.0
2015-08-11T14:19:20.000000Z,0.65478515625,0.65478515625,27.0
2015-08-11T14:19:30.000000Z,0.65478515625,0.65478515625,10.0
2015-08-11T14:19:40.000000Z,0.654296875,0.654296875,35.0
2015-08-11T14:19:50.000000Z,0.654296875,0.654296875,12.0
2015-08-11T14:20:00.000000Z,0.65478515625,0.65478515625,12.0
2015-08-11T14:20:10.000000Z,0.65478515625,0.654296875,22.0
2015-08-11T14:20:20.000000Z,0.654296875,0.654296875,8.0
2015-08-11T14:20:30.000000Z,0.654296875,0.654296875,8.0
2015-08-11T14:20:40.000000Z,0.654296875,0.654296875,16.0
2015-08-11T14:20:50.000000Z,0.654296875,0.654296875,1.0
2015-08-11T14:21:00.000000Z,0.654296875,0.654296875,7.0
2015-08-11T14:21:10.000000Z,0.654296875,0.654296875,8.0
2015-08-11T14:21:30.000000Z,0.654296875,0.654296875,13.0
2015-08-11T14:21:40.000000Z,0.654296875,0.65380859375,16.0
2015-08-11T14:21:50.000000Z,0.654296875,0.65380859375,21.0
2015-08-11T14:22:00.000000Z,0.654296875,0.654296875,7.0
2015-08-11T14:22:30.000000Z,0.65380859375,0.65380859375,7.0
2015-08-11T14:22:40.000000Z,0.65380859375,0.65380859375,20.0
