time,closeAsk,closeBid
2015-07-28T17:44:00.000000Z,4.11843,4.11533
2015-07-28T17:44:10.000000Z,4.11846,4.11523
2015-07-28T17:44:20.000000Z,4.11852,4.11523
2015-07-28T17:44:30.000000Z,4.11838,4.11543
2015-07-28T17:44:40.000000Z,4.11838,4.11543
2015-07-28T17:44:50.000000Z,4.11836,4.11543
2015-07-28T17:45:00.000000Z,4.11836,4.11543
2015-07-28T17:45:10.000000Z,4.11843,4.11537
2015-07-28T17:45:20.000000Z,4.11836,4.11543
2015-07-28T17:45:50.000000Z,4.11838,4.11543
2015-07-28T17:46:00.000000Z,4.11828,4.11577
2015-07-28T17:46:20.000000Z,4.11819,4.11591
2015-07-28T17:46:30.000000Z,4.1198,4.11522
2015-07-28T17:46:40.000000Z,4.1196,4.11546
2015-07-28T17:46:50.000000Z,4.1196,4.11546
2015-07-28T17:47:00.000000Z,4.1195,4.11546
2015-07-28T17:47:10.000000Z,4.12058,4.1162
2015-07-28T17:47:20.000000Z,4.12065,4.1162
2015-07-28T17:47:30.000000Z,4.12065,4.1162
2015-07-28T17:47:50.000000Z,4.12068,4.1162
2015-07-28T17:48:00.000000Z,4.12075,4.1161
2015-07-28T17:48:10.000000Z,4.1209,4.11587
2015-07-28T17:48:20.000000Z,4.1209,4.11585
2015-07-28T17:48:40.000000Z,4.121,4.1159
2015-07-28T17:49:10.000000Z,4.12093,4.116
2015-07-28T17:49:20.000000Z,4.12093,4.116
2015-07-28T17:49:30.000000Z,4.12094,4.11597
2015-07-28T17:50:00.000000Z,4.121,4.1159
2015-07-28T17:51:00.000000Z,4.12106,4.1159
2015-07-28T17:51:10.000000Z,4.1211,4.1159
2015-07-28T17:51:20.000000Z,4.12106,4.1159
2015-07-28T17:51:30.000000Z,4.1211,4.1159
2015-07-28T17:51:50.000000Z,4.12103,4.11596
2015-07-28T17:52:00.000000Z,4.12099,4.11597
2015-07-28T17:52:10.000000Z,4.12094,4.11597
2015-07-28T17:52:40.000000Z,4.121,4.1159
2015-07-28T17:53:10.000000Z,4.12106,4.1159
2015-07-28T17:53:20.000000Z,4.12086,4.1159
2015-07-28T17:54:10.000000Z,4.12079,4.11596
2015-07-28T17:54:20.000000Z,4.12086,4.1159
2015-07-28T17:54:30.000000Z,4.12088,4.11597
2015-07-28T17:54:50.000000Z,4.1208,4.11597
2015-07-28T17:55:00.000000Z,4.1219,4.11577
2015-07-28T17:55:20.000000Z,4.1218,4.11585
2015-07-28T17:56:20.000000Z,4.1218,4.11582
2015-07-28T17:57:00.000000Z,4.1218,4.11578
2015-07-28T17:57:20.000000Z,4.1218,4.11581
2015-07-28T17:57:50.000000Z,4.1217,4.11586
2015-07-28T17:58:40.000000Z,4.1217,4.11613
2015-07-28T17:58:50.000000Z,4.1219,4.11604
2015-07-28T17:59:00.000000Z,4.1219,4.11596
2015-07-28T17:59:10.000000Z,4.1219,4.11599
2015-07-28T17:59:30.000000Z,4.1219,4.11595
2015-07-28T17:59:50.000000Z,4.1218,4.11599
2015-07-28T18:00:10.000000Z,4.1222,4.11561
2015-07-28T18:00:20.000000Z,4.1221,4.11566
2015-07-28T18:00:30.000000Z,4.1221,4.11559
2015-07-28T18:00:50.000000Z,4.1221,4.11553
2015-07-28T18:01:00.000000Z,4.1222,4.11547
2015-07-28T18:01:10.000000Z,4.1222,4.11553
2015-07-28T18:02:10.000000Z,4.1222,4.11548
2015-07-28T18:03:00.000000Z,4.1222,4.11543
2015-07-28T18:03:20.000000Z,4.12222,4.1153
2015-07-28T18:03:40.000000Z,4.12216,4.11527
2015-07-28T18:04:10.000000Z,4.12222,4.1152
2015-07-28T18:05:10.000000Z,4.12219,4.11517
2015-07-28T18:05:20.000000Z,4.12225,4.1151
2015-07-28T18:05:30.000000Z,4.12219,4.11517
2015-07-28T18:06:40.000000Z,4.1221,4.11491
2015-07-28T18:07:00.000000Z,4.1221,4.11497
2015-07-28T18:07:50.000000Z,4.12111,4.11369
2015-07-28T18:08:00.000000Z,4.11922,4.11543
2015-07-28T18:08:10.000000Z,4.11933,4.1141
2015-07-28T18:08:20.000000Z,4.11934,4.1141
2015-07-28T18:08:30.000000Z,4.11807,4.1139
2015-07-28T18:08:40.000000Z,4.11795,4.11342
2015-07-28T18:08:50.000000Z,4.11782,4.11342
2015-07-28T18:09:00.000000Z,4.11777,4.11342
2015-07-28T18:09:20.000000Z,4.11756,4.1134
2015-07-28T18:09:30.000000Z,4.11761,4.11342
2015-07-28T18:09:50.000000Z,4.11867,4.11316
2015-07-28T18:10:00.000000Z,4.11843,4.11362
2015-07-28T18:10:20.000000Z,4.11837,4.11372
2015-07-28T18:10:30.000000Z,4.11833,4.11372
2015-07-28T18:10:50.000000Z,4.11842,4.11374
2015-07-28T18:11:10.000000Z,4.11797,4.11365
2015-07-28T18:11:20.000000Z,4.1177,4.11384
2015-07-28T18:11:30.000000Z,4.1177,4.1138
2015-07-28T18:11:40.000000Z,4.1177,4.11383
2015-07-28T18:12:10.000000Z,4.1177,4.11386
2015-07-28T18:12:20.000000Z,4.11853,4.11378
2015-07-28T18:12:30.000000Z,4.1182,4.11395
2015-07-28T18:12:40.000000Z,4.1182,4.11387
2015-07-28T18:12:50.000000Z,4.11823,4.11388
2015-07-28T18:13:00.000000Z,4.1182,4.11381
2015-07-28T18:13:40.000000Z,4.11823,4.11381
2015-07-28T18:14:20.000000Z,4.1182,4.11381
2015-07-28T18:14:40.000000Z,4.1181,4.11384
2015-07-28T18:14:50.000000Z,4.1181,4.11381
2015-07-28T18:15:10.000000Z,4.118,4.11387
2015-07-28T18:15:20.000000Z,4.118,4.11384
2015-07-28T18:15:30.000000Z,4.118,4.11384
2015-07-28T18:15:40.000000Z,4.1181,4.11378
2015-07-28T18:16:00.000000Z,4.11823,4.11381
2015-07-28T18:16:20.000000Z,4.11823,4.11385
2015-07-28T18:18:10.000000Z,4.11823,4.11388
2015-07-28T18:20:10.000000Z,4.11823,4.11385
2015-07-28T18:20:40.000000Z,4.11823,4.11379
2015-07-28T18:21:20.000000Z,4.11823,4.1138
2015-07-28T18:21:30.000000Z,4.11823,4.11383
2015-07-28T18:21:40.000000Z,4.11823,4.11383
2015-07-28T18:21:50.000000Z,4.11824,4.11381
2015-07-28T18:23:10.000000Z,4.1182,4.11389
2015-07-28T18:23:20.000000Z,4.1182,4.11392
2015-07-28T18:23:30.000000Z,4.1183,4.11384
2015-07-28T18:24:00.000000Z,4.1183,4.11384
2015-07-28T18:24:10.000000Z,4.1183,4.11386
2015-07-28T18:24:30.000000Z,4.1183,4.11388
2015-07-28T18:24:50.000000Z,4.1183,4.11392
2015-07-28T18:25:00.000000Z,4.1182,4.11399
2015-07-28T18:25:10.000000Z,4.1182,4.11397
2015-07-28T18:25:20.000000Z,4.1183,4.1139
2015-07-28T18:25:30.000000Z,4.1182,4.11397
2015-07-28T18:25:40.000000Z,4.1182,4.11397
2015-07-28T18:25:50.000000Z,4.1182,4.11399
2015-07-28T18:26:10.000000Z,4.1183,4.11392
2015-07-28T18:26:50.000000Z,4.1183,4.11392
2015-07-28T18:27:40.000000Z,4.1183,4.11392
2015-07-28T18:27:50.000000Z,4.1182,4.11399
2015-07-28T18:28:30.000000Z,4.1183,4.1139
2015-07-28T18:28:50.000000Z,4.12101,4.11375
2015-07-28T18:29:00.000000Z,4.11803,4.11382
2015-07-28T18:29:10.000000Z,4.11803,4.11386
2015-07-28T18:29:20.000000Z,4.11803,4.11393
2015-07-28T18:29:40.000000Z,4.11803,4.11396
2015-07-28T18:30:00.000000Z,4.11803,4.11388
2015-07-28T18:30:10.000000Z,4.11803,4.11387
2015-07-28T18:30:30.000000Z,4.11803,4.11392
2015-07-28T18:30:50.000000Z,4.11803,4.11392
2015-07-28T18:31:10.000000Z,4.11803,4.11397
2015-07-28T18:31:20.000000Z,4.11803,4.11399
2015-07-28T18:32:00.000000Z,4.11804,4.114
2015-07-28T18:32:20.000000Z,4.11803,4.11397
2015-07-28T18:32:40.000000Z,4.11803,4.11399
2015-07-28T18:34:00.000000Z,4.11804,4.11391
2015-07-28T18:34:10.000000Z,4.11803,4.11394
2015-07-28T18:34:30.000000Z,4.11803,4.1139
2015-07-28T18:34:40.000000Z,4.11803,4.1139
2015-07-28T18:35:10.000000Z,4.11803,4.11392
2015-07-28T18:35:30.000000Z,4.11803,4.11394
2015-07-28T18:35:50.000000Z,4.11803,4.11392
2015-07-28T18:36:10.000000Z,4.11803,4.11396
2015-07-28T18:36:30.000000Z,4.11803,4.11394
2015-07-28T18:36:50.000000Z,4.1179,4.11395
2015-07-28T18:37:00.000000Z,4.1178,4.114
2015-07-28T18:37:10.000000Z,4.1178,4.11402
2015-07-28T18:37:20.000000Z,4.12014,4.11396
2015-07-28T18:37:30.000000Z,4.12377,4.11254
2015-07-28T18:37:40.000000Z,4.12393,4.11257
2015-07-28T18:37:50.000000Z,4.12393,4.1126
2015-07-28T18:38:00.000000Z,4.12162,4.11389
2015-07-28T18:38:10.000000Z,4.12139,4.11397
2015-07-28T18:38:20.000000Z,4.12146,4.11403
2015-07-28T18:38:30.000000Z,4.12143,4.11403
2015-07-28T18:38:40.000000Z,4.12139,4.11403
2015-07-28T18:40:40.000000Z,4.12139,4.11399
2015-07-28T18:41:10.000000Z,4.12139,4.11399
2015-07-28T18:41:40.000000Z,4.12139,4.11392
2015-07-28T18:42:00.000000Z,4.12139,4.11396
2015-07-28T18:42:10.000000Z,4.12139,4.11394
2015-07-28T18:42:20.000000Z,4.12139,4.11396
2015-07-28T18:43:00.000000Z,4.12139,4.11392
2015-07-28T18:43:10.000000Z,4.12139,4.11392
2015-07-28T18:43:50.000000Z,4.12139,4.11387
2015-07-28T18:44:00.000000Z,4.12139,4.11389
2015-07-28T18:44:10.000000Z,4.12139,4.11387
2015-07-28T18:44:20.000000Z,4.12139,4.11392
2015-07-28T18:44:30.000000Z,4.12139,4.11388
2015-07-28T18:44:50.000000Z,4.12139,4.11387
2015-07-28T18:45:10.000000Z,4.12139,4.11384
2015-07-28T18:45:20.000000Z,4.12139,4.11384
2015-07-28T18:45:30.000000Z,4.12137,4.1139
2015-07-28T18:45:40.000000Z,4.1213,4.11461
2015-07-28T18:45:50.000000Z,4.12123,4.11468
2015-07-28T18:46:00.000000Z,4.12116,4.11475
2015-07-28T18:46:10.000000Z,4.1207,4.1149
2015-07-28T18:46:20.000000Z,4.12069,4.11487
2015-07-28T18:46:30.000000Z,4.12065,4.11487
2015-07-28T18:46:40.000000Z,4.12066,4.1149
2015-07-28T18:46:50.000000Z,4.12059,4.11497
2015-07-28T18:47:30.000000Z,4.12065,4.11487
2015-07-28T18:48:00.000000Z,4.12066,4.1149
2015-07-28T18:48:40.000000Z,4.12065,4.11487
2015-07-28T18:48:50.000000Z,4.12062,4.11485
2015-07-28T18:49:10.000000Z,4.12058,4.11485
2015-07-28T18:50:10.000000Z,4.12054,4.11481
2015-07-28T18:50:30.000000Z,4.12053,4.11475
2015-07-28T18:50:40.000000Z,4.1205,4.11474
2015-07-28T18:51:00.000000Z,4.1204,4.1148
2015-07-28T18:51:10.000000Z,4.1204,4.11476
2015-07-28T18:51:40.000000Z,4.12044,4.11477
2015-07-28T18:51:50.000000Z,4.1204,4.1148
2015-07-28T18:52:00.000000Z,4.1204,4.11478
2015-07-28T18:52:50.000000Z,4.12033,4.11485
2015-07-28T18:54:40.000000Z,4.12035,4.1148
2015-07-28T18:55:20.000000Z,4.12033,4.11485
2015-07-28T18:55:30.000000Z,4.12035,4.1148
2015-07-28T18:56:10.000000Z,4.12037,4.1148
2015-07-28T18:57:00.000000Z,4.12044,4.1147
2015-07-28T18:57:20.000000Z,4.12044,4.1148
2015-07-28T18:57:30.000000Z,4.12042,4.1148
2015-07-28T18:57:40.000000Z,4.12044,4.1148
2015-07-28T18:57:50.000000Z,4.12037,4.1149
2015-07-28T18:58:10.000000Z,4.12039,4.1149
2015-07-28T18:58:20.000000Z,4.12043,4.1149
2015-07-28T18:59:00.000000Z,4.1205,4.1148
2015-07-28T18:59:30.000000Z,4.12058,4.1147
2015-07-28T18:59:40.000000Z,4.12062,4.1147
2015-07-28T18:59:50.000000Z,4.12073,4.1147
2015-07-28T19:00:00.000000Z,4.12057,4.1149
2015-07-28T19:00:20.000000Z,4.12053,4.1149
2015-07-28T19:00:40.000000Z,4.12066,4.1148
2015-07-28T19:00:50.000000Z,4.12059,4.1149
2015-07-28T19:03:00.000000Z,4.12053,4.115
2015-07-28T19:03:20.000000Z,4.12053,4.115
2015-07-28T19:03:40.000000Z,4.1205,4.115
2015-07-28T19:04:10.000000Z,4.1205,4.11496
2015-07-28T19:04:30.000000Z,4.1205,4.115
2015-07-28T19:07:20.000000Z,4.12053,4.115
2015-07-28T19:07:40.000000Z,4.1206,4.11494
2015-07-28T19:08:00.000000Z,4.1206,4.115
2015-07-28T19:08:30.000000Z,4.12053,4.11506
2015-07-28T19:08:40.000000Z,4.12054,4.11503
2015-07-28T19:09:00.000000Z,4.12053,4.11491
2015-07-28T19:09:50.000000Z,4.12053,4.11493
2015-07-28T19:10:10.000000Z,4.12051,4.11495
2015-07-28T19:11:40.000000Z,4.1205,4.1149
2015-07-28T19:12:00.000000Z,4.1205,4.11493
2015-07-28T19:13:40.000000Z,4.12053,4.11494
2015-07-28T19:14:30.000000Z,4.12053,4.11491
2015-07-28T19:15:10.000000Z,4.12053,4.11494
2015-07-28T19:18:00.000000Z,4.12054,4.11485
2015-07-28T19:19:00.000000Z,4.12053,4.11489
2015-07-28T19:19:20.000000Z,4.12054,4.11485
2015-07-28T19:19:40.000000Z,4.12053,4.11489
2015-07-28T19:20:40.000000Z,4.12054,4.11485
2015-07-28T19:21:00.000000Z,4.12053,4.11489
2015-07-28T19:23:50.000000Z,4.1206,4.11484
2015-07-28T19:24:10.000000Z,4.12063,4.11479
2015-07-28T19:24:30.000000Z,4.12065,4.11479
2015-07-28T19:24:40.000000Z,4.12065,4.11483
2015-07-28T19:24:50.000000Z,4.12065,4.11479
2015-07-28T19:25:00.000000Z,4.12065,4.11479
2015-07-28T19:25:10.000000Z,4.12065,4.11483
2015-07-28T19:25:30.000000Z,4.12065,4.11479
2015-07-28T19:25:50.000000Z,4.12065,4.11483
2015-07-28T19:26:00.000000Z,4.12065,4.11481
2015-07-28T19:26:10.000000Z,4.12065,4.11477
2015-07-28T19:26:20.000000Z,4.12065,4.11473
2015-07-28T19:26:30.000000Z,4.12065,4.11478
2015-07-28T19:26:40.000000Z,4.12065,4.11481
2015-07-28T19:28:10.000000Z,4.12065,4.11483
2015-07-28T19:28:50.000000Z,4.12065,4.11487
2015-07-28T19:29:20.000000Z,4.12065,4.11483
2015-07-28T19:29:40.000000Z,4.12065,4.11483
2015-07-28T19:29:50.000000Z,4.12065,4.11481
2015-07-28T19:30:00.000000Z,4.12065,4.11479
2015-07-28T19:30:20.000000Z,4.12065,4.11483
2015-07-28T19:30:30.000000Z,4.12065,4.11487
2015-07-28T19:30:40.000000Z,4.12065,4.11483
2015-07-28T19:32:00.000000Z,4.12065,4.11479
2015-07-28T19:32:20.000000Z,4.12065,4.11483
2015-07-28T19:32:40.000000Z,4.12065,4.11483
2015-07-28T19:33:00.000000Z,4.12065,4.11479
2015-07-28T19:33:20.000000Z,4.12065,4.11483
2015-07-28T19:33:40.000000Z,4.12065,4.11487
2015-07-28T19:33:50.000000Z,4.12065,4.11483
2015-07-28T19:34:20.000000Z,4.12065,4.11479
2015-07-28T19:36:00.000000Z,4.12065,4.11475
2015-07-28T19:36:50.000000Z,4.12063,4.11477
2015-07-28T19:37:30.000000Z,4.12065,4.11483
2015-07-28T19:37:40.000000Z,4.12065,4.11483
2015-07-28T19:38:00.000000Z,4.12065,4.11479
2015-07-28T19:38:10.000000Z,4.12063,4.11477
2015-07-28T19:38:30.000000Z,4.12064,4.11481
2015-07-28T19:38:40.000000Z,4.12064,4.11481
2015-07-28T19:38:50.000000Z,4.12063,4.11477
2015-07-28T19:39:50.000000Z,4.12065,4.11475
2015-07-28T19:40:00.000000Z,4.12065,4.11479
2015-07-28T19:40:40.000000Z,4.12065,4.11479
2015-07-28T19:41:00.000000Z,4.12065,4.11478
2015-07-28T19:41:10.000000Z,4.12065,4.11479
2015-07-28T19:41:20.000000Z,4.12065,4.11481
2015-07-28T19:41:30.000000Z,4.12065,4.11481
2015-07-28T19:41:40.000000Z,4.12065,4.11474
2015-07-28T19:42:00.000000Z,4.1206,4.11478
2015-07-28T19:42:10.000000Z,4.1206,4.1148
2015-07-28T19:42:20.000000Z,4.12063,4.11479
2015-07-28T19:42:40.000000Z,4.12065,4.11477
2015-07-28T19:42:50.000000Z,4.12063,4.11479
2015-07-28T19:43:00.000000Z,4.12065,4.11477
2015-07-28T19:43:10.000000Z,4.12063,4.11477
2015-07-28T19:43:20.000000Z,4.12063,4.11475
2015-07-28T19:43:40.000000Z,4.12063,4.11477
2015-07-28T19:43:50.000000Z,4.1206,4.11474
2015-07-28T19:44:00.000000Z,4.12063,4.11477
2015-07-28T19:44:40.000000Z,4.1206,4.11474
2015-07-28T19:45:00.000000Z,4.12063,4.11477
2015-07-28T19:45:10.000000Z,4.12063,4.11477
2015-07-28T19:45:20.000000Z,4.12064,4.11481
2015-07-28T19:45:30.000000Z,4.12064,4.11481
2015-07-28T19:45:40.000000Z,4.12064,4.11481
2015-07-28T19:45:50.000000Z,4.12064,4.11481
2015-07-28T19:46:30.000000Z,4.1206,4.11476
2015-07-28T19:46:50.000000Z,4.12053,4.11483
2015-07-28T19:47:20.000000Z,4.1206,4.11476
2015-07-28T19:47:30.000000Z,4.12053,4.11483
2015-07-28T19:47:40.000000Z,4.12053,4.11483
2015-07-28T19:48:00.000000Z,4.12063,4.11477
2015-07-28T19:48:10.000000Z,4.1206,4.11484
2015-07-28T19:49:00.000000Z,4.12063,4.11485
2015-07-28T19:49:10.000000Z,4.1206,4.11484
2015-07-28T19:49:20.000000Z,4.12063,4.11485
2015-07-28T19:49:30.000000Z,4.12063,4.11485
2015-07-28T19:49:50.000000Z,4.1206,4.11484
2015-07-28T19:50:00.000000Z,4.12065,4.11483
2015-07-28T19:50:10.000000Z,4.12065,4.11487
2015-07-28T19:52:40.000000Z,4.12065,4.11491
2015-07-28T19:52:50.000000Z,4.12065,4.11491
2015-07-28T19:53:00.000000Z,4.12065,4.11483
2015-07-28T19:53:10.000000Z,4.12065,4.11481
2015-07-28T19:53:20.000000Z,4.12065,4.11481
2015-07-28T19:53:30.000000Z,4.12065,4.11481
2015-07-28T19:53:40.000000Z,4.12063,4.11483
2015-07-28T19:53:50.000000Z,4.12063,4.11483
2015-07-28T19:54:00.000000Z,4.12063,4.11485
2015-07-28T19:54:10.000000Z,4.1206,4.11484
2015-07-28T19:54:30.000000Z,4.12063,4.11483
2015-07-28T19:54:50.000000Z,4.12065,4.11481
2015-07-28T19:55:00.000000Z,4.12065,4.11485
2015-07-28T19:55:10.000000Z,4.12065,4.11487
2015-07-28T19:57:00.000000Z,4.12065,4.11489
2015-07-28T19:57:30.000000Z,4.12065,4.11487
2015-07-28T19:57:40.000000Z,4.12065,4.11489
2015-07-28T19:58:00.000000Z,4.12065,4.11489
2015-07-28T19:58:20.000000Z,4.12065,4.11491
2015-07-28T19:58:30.000000Z,4.12065,4.11489
2015-07-28T19:58:40.000000Z,4.12065,4.11491
2015-07-28T19:58:50.000000Z,4.12065,4.11489
2015-07-28T19:59:00.000000Z,4.121,4.11454
2015-07-28T19:59:20.000000Z,4.1211,4.11448
2015-07-28T19:59:30.000000Z,4.1211,4.11446
2015-07-28T19:59:40.000000Z,4.1212,4.11453
2015-07-28T19:59:50.000000Z,4.1212,4.11492
2015-07-28T20:00:00.000000Z,4.12134,4.11495
2015-07-28T20:00:20.000000Z,4.1214,4.11497
2015-07-28T20:00:30.000000Z,4.1214,4.115
2015-07-28T20:01:00.000000Z,4.12138,4.11495
2015-07-28T20:01:20.000000Z,4.1214,4.11495
2015-07-28T20:01:30.000000Z,4.12136,4.11495
2015-07-28T20:01:40.000000Z,4.12138,4.11495
2015-07-28T20:01:50.000000Z,4.12136,4.11495
2015-07-28T20:02:00.000000Z,4.1213,4.11489
2015-07-28T20:02:40.000000Z,4.1213,4.11491
2015-07-28T20:02:50.000000Z,4.1213,4.11489
2015-07-28T20:03:00.000000Z,4.1213,4.11487
2015-07-28T20:03:40.000000Z,4.1213,4.11489
2015-07-28T20:03:50.000000Z,4.1213,4.11489
2015-07-28T20:05:30.000000Z,4.1213,4.11487
2015-07-28T20:06:10.000000Z,4.1213,4.11489
2015-07-28T20:06:20.000000Z,4.1214,4.11483
2015-07-28T20:06:30.000000Z,4.1214,4.11481
2015-07-28T20:07:50.000000Z,4.1213,4.11485
2015-07-28T20:08:10.000000Z,4.1213,4.11482
2015-07-28T20:08:30.000000Z,4.1213,4.11479
2015-07-28T20:08:50.000000Z,4.1213,4.11481
2015-07-28T20:09:00.000000Z,4.1214,4.11475
2015-07-28T20:10:20.000000Z,4.1214,4.11473
2015-07-28T20:11:20.000000Z,4.1214,4.11471
2015-07-28T20:14:30.000000Z,4.1213,4.11477
2015-07-28T20:15:20.000000Z,4.1213,4.11479
2015-07-28T20:15:40.000000Z,4.1213,4.11476
2015-07-28T20:16:10.000000Z,4.1212,4.11492
2015-07-28T20:16:30.000000Z,4.1213,4.11485
2015-07-28T20:16:40.000000Z,4.1213,4.11499
2015-07-28T20:16:50.000000Z,4.1213,4.11497
2015-07-28T20:18:10.000000Z,4.12122,4.11505
2015-07-28T20:18:30.000000Z,4.12122,4.11505
2015-07-28T20:18:50.000000Z,4.1212,4.11497
2015-07-28T20:19:00.000000Z,4.1212,4.11497
2015-07-28T20:19:10.000000Z,4.1212,4.11502
2015-07-28T20:19:30.000000Z,4.1212,4.11504
2015-07-28T20:19:50.000000Z,4.1212,4.11502
2015-07-28T20:21:40.000000Z,4.12112,4.11505
2015-07-28T20:22:00.000000Z,4.1212,4.115
2015-07-28T20:22:10.000000Z,4.1212,4.11502
2015-07-28T20:22:30.000000Z,4.1212,4.11502
2015-07-28T20:23:00.000000Z,4.1212,4.11479
2015-07-28T20:23:20.000000Z,4.1212,4.11474
2015-07-28T20:24:10.000000Z,4.1212,4.11481
2015-07-28T20:26:00.000000Z,4.1212,4.11479
2015-07-28T20:26:40.000000Z,4.1213,4.1147
2015-07-28T20:28:20.000000Z,4.1212,4.11476
2015-07-28T20:30:00.000000Z,4.121,4.11495
2015-07-28T20:30:30.000000Z,4.12092,4.115
2015-07-28T20:31:00.000000Z,4.121,4.1149
2015-07-28T20:32:10.000000Z,4.12098,4.1149
2015-07-28T20:32:30.000000Z,4.121,4.1149
2015-07-28T20:32:40.000000Z,4.12098,4.1149
2015-07-28T20:33:00.000000Z,4.12098,4.1149
2015-07-28T20:33:10.000000Z,4.121,4.1149
2015-07-28T20:33:20.000000Z,4.12098,4.1149
2015-07-28T20:33:40.000000Z,4.121,4.1149
2015-07-28T20:35:00.000000Z,4.12098,4.1149
2015-07-28T20:36:20.000000Z,4.12105,4.1148
2015-07-28T20:38:00.000000Z,4.12098,4.1149
2015-07-28T20:38:10.000000Z,4.12105,4.1148
2015-07-28T20:38:20.000000Z,4.12095,4.1149
2015-07-28T20:38:30.000000Z,4.12103,4.1148
2015-07-28T20:39:00.000000Z,4.12105,4.1148
2015-07-28T20:39:40.000000Z,4.12103,4.1148
2015-07-28T20:40:00.000000Z,4.12105,4.1148
2015-07-28T20:40:40.000000Z,4.12103,4.1148
2015-07-28T20:41:00.000000Z,4.12105,4.1148
2015-07-28T20:42:30.000000Z,4.12101,4.1148
2015-07-28T20:42:50.000000Z,4.12103,4.1148
2015-07-28T20:44:40.000000Z,4.12097,4.1149
2015-07-28T20:45:00.000000Z,4.12095,4.1151
2015-07-28T20:46:00.000000Z,4.12098,4.1151
2015-07-28T20:46:10.000000Z,4.12103,4.115
2015-07-28T20:46:40.000000Z,4.12111,4.1149
2015-07-28T20:46:50.000000Z,4.12103,4.115
2015-07-28T20:48:10.000000Z,4.12101,4.115
2015-07-28T20:48:40.000000Z,4.12105,4.115
2015-07-28T20:49:50.000000Z,4.1209,4.115
2015-07-28T20:50:10.000000Z,4.12092,4.115
2015-07-28T20:50:20.000000Z,4.12127,4.11474
2015-07-28T20:50:40.000000Z,4.12126,4.11466
2015-07-28T20:52:10.000000Z,4.12117,4.1147
2015-07-28T20:53:20.000000Z,4.12117,4.11467
2015-07-28T20:54:00.000000Z,4.12117,4.1147
2015-07-28T20:54:20.000000Z,4.12117,4.11467
2015-07-28T20:55:00.000000Z,4.12107,4.11471
2015-07-28T20:56:10.000000Z,4.12123,4.11472
2015-07-28T20:57:20.000000Z,4.12108,4.11472
2015-07-28T20:58:30.000000Z,4.12106,4.11467
2015-07-28T20:59:00.000000Z,4.12107,4.11469
2015-07-28T20:59:10.000000Z,4.12108,4.11472
2015-07-28T20:59:20.000000Z,4.12116,4.11464
2015-07-28T21:01:30.000000Z,4.12137,4.11466
2015-07-28T21:01:40.000000Z,4.12137,4.11481
2015-07-28T21:05:10.000000Z,4.12137,4.11478
2015-07-28T21:05:30.000000Z,4.12137,4.11481
2015-07-28T21:05:40.000000Z,4.12137,4.11471
2015-07-28T21:05:50.000000Z,4.12137,4.11469
2015-07-28T21:06:10.000000Z,4.12137,4.11471
2015-07-28T21:08:10.000000Z,4.12136,4.11463
2015-07-28T21:08:30.000000Z,4.12137,4.11466
2015-07-28T21:09:30.000000Z,4.12137,4.11471
2015-07-28T21:10:30.000000Z,4.12137,4.11473
2015-07-28T21:12:00.000000Z,4.12858,4.11172
2015-07-28T21:12:10.000000Z,4.12677,4.11355
2015-07-28T21:13:00.000000Z,4.12677,4.11352
2015-07-28T21:13:10.000000Z,4.12677,4.11342
2015-07-28T21:13:30.000000Z,4.12676,4.11339
2015-07-28T21:15:30.000000Z,4.12677,4.11302
2015-07-28T21:15:40.000000Z,4.12677,4.113
2015-07-28T21:22:00.000000Z,4.12676,4.11306
2015-07-28T21:23:10.000000Z,4.12677,4.11313
2015-07-28T21:23:50.000000Z,4.12676,4.1131
2015-07-28T21:24:30.000000Z,4.12676,4.11324
2015-07-28T21:24:40.000000Z,4.12677,4.11311
2015-07-28T21:27:30.000000Z,4.12676,4.11313
2015-07-28T21:27:50.000000Z,4.12676,4.1131
2015-07-28T21:28:40.000000Z,4.12677,4.11313
2015-07-28T21:29:00.000000Z,4.12677,4.11307
2015-07-28T21:29:20.000000Z,4.12677,4.1131
2015-07-28T21:29:40.000000Z,4.12677,4.11307
2015-07-28T21:30:00.000000Z,4.12677,4.1131
2015-07-28T21:30:20.000000Z,4.12677,4.11313
2015-07-28T21:36:10.000000Z,4.12677,4.11317
2015-07-28T21:40:30.000000Z,4.12677,4.11285
2015-07-28T21:40:40.000000Z,4.12677,4.11279
2015-07-28T21:41:00.000000Z,4.12677,4.11282
2015-07-28T21:41:10.000000Z,4.12685,4.11268
2015-07-28T21:41:20.000000Z,4.12676,4.11279
2015-07-28T21:41:30.000000Z,4.12677,4.11283
2015-07-28T21:41:40.000000Z,4.12685,4.11271
2015-07-28T21:41:50.000000Z,4.12676,4.11282
2015-07-28T21:42:10.000000Z,4.12684,4.11271
2015-07-28T21:42:20.000000Z,4.12676,4.11282
2015-07-28T21:42:40.000000Z,4.12677,4.11315
2015-07-28T21:43:10.000000Z,4.12677,4.1129
2015-07-28T21:43:40.000000Z,4.12677,4.11288
2015-07-28T21:45:00.000000Z,4.12677,4.11288
2015-07-28T21:45:30.000000Z,4.12677,4.11325
2015-07-28T21:45:50.000000Z,4.12677,4.11289
2015-07-28T21:47:00.000000Z,4.12677,4.11286
2015-07-28T21:47:20.000000Z,4.12676,4.11285
2015-07-28T21:47:40.000000Z,4.12677,4.11283
2015-07-28T21:49:00.000000Z,4.12695,4.11281
2015-07-28T21:49:10.000000Z,4.12677,4.11301
2015-07-28T21:49:20.000000Z,4.12693,4.11293
2015-07-28T21:49:30.000000Z,4.12677,4.1131
2015-07-28T21:49:40.000000Z,4.12677,4.11307
2015-07-28T21:50:00.000000Z,4.12676,4.11309
2015-07-28T21:50:20.000000Z,4.12677,4.11312
2015-07-28T21:50:40.000000Z,4.12682,4.11301
2015-07-28T21:50:50.000000Z,4.12677,4.11312
2015-07-28T21:51:00.000000Z,4.12677,4.11314
2015-07-28T21:51:40.000000Z,4.12677,4.11317
2015-07-28T21:52:00.000000Z,4.1269,4.11312
2015-07-28T21:52:10.000000Z,4.12677,4.11327
2015-07-28T21:52:20.000000Z,4.12677,4.11327
2015-07-28T21:52:40.000000Z,4.12686,4.11317
2015-07-28T21:52:50.000000Z,4.12677,4.11327
2015-07-28T21:53:10.000000Z,4.12683,4.11321
2015-07-28T21:53:20.000000Z,4.12677,4.11329
2015-07-28T21:53:30.000000Z,4.12677,4.11327
2015-07-28T21:53:40.000000Z,4.12682,4.11321
2015-07-28T21:53:50.000000Z,4.12677,4.11327
2015-07-28T21:54:10.000000Z,4.12691,4.11312
2015-07-28T21:54:20.000000Z,4.12677,4.11327
2015-07-28T21:54:40.000000Z,4.12677,4.11327
2015-07-28T21:55:00.000000Z,4.12677,4.11331
2015-07-28T21:55:10.000000Z,4.12684,4.11324
2015-07-28T21:55:20.000000Z,4.12677,4.11331
2015-07-28T21:55:40.000000Z,4.12685,4.11325
2015-07-28T21:55:50.000000Z,4.12677,4.11333
2015-07-28T21:56:00.000000Z,4.12677,4.11329
2015-07-28T21:56:10.000000Z,4.12686,4.11322
2015-07-28T21:56:20.000000Z,4.12677,4.11331
2015-07-28T21:56:40.000000Z,4.12687,4.11321
2015-07-28T21:56:50.000000Z,4.12677,4.11331
2015-07-28T21:57:00.000000Z,4.12677,4.11331
2015-07-28T21:57:10.000000Z,4.12684,4.11324
2015-07-28T21:57:20.000000Z,4.12677,4.11331
2015-07-28T21:57:40.000000Z,4.12677,4.11332
2015-07-28T21:59:00.000000Z,4.12637,4.1137
2015-07-28T21:59:10.000000Z,4.1263,4.11377
2015-07-28T21:59:50.000000Z,4.1263,4.11372
2015-07-28T22:00:00.000000Z,4.12559,4.1141
2015-07-28T22:00:40.000000Z,4.12559,4.1141
2015-07-28T22:01:00.000000Z,4.1255,4.11427
2015-07-28T22:02:00.000000Z,4.1256,4.1142
2015-07-28T22:02:10.000000Z,4.1255,4.11427
2015-07-28T22:04:30.000000Z,4.12544,4.1143
2015-07-28T22:05:00.000000Z,4.12505,4.11466
2015-07-28T22:05:20.000000Z,4.12496,4.11466
2015-07-28T22:06:00.000000Z,4.12497,4.11468
2015-07-28T22:08:00.000000Z,4.12492,4.11468
2015-07-28T22:09:20.000000Z,4.1258,4.114
2015-07-28T22:09:40.000000Z,4.1258,4.11405
2015-07-28T22:10:20.000000Z,4.1248,4.11488
2015-07-28T22:10:30.000000Z,4.12473,4.11494
2015-07-28T22:12:20.000000Z,4.1248,4.11485
2015-07-28T22:13:00.000000Z,4.1248,4.11488
2015-07-28T22:13:10.000000Z,4.1248,4.11488
2015-07-28T22:13:40.000000Z,4.12485,4.11488
2015-07-28T22:13:50.000000Z,4.12479,4.11488
2015-07-28T22:14:50.000000Z,4.12473,4.11494
2015-07-28T22:15:20.000000Z,4.12473,4.11492
2015-07-28T22:16:00.000000Z,4.12473,4.11494
2015-07-28T22:16:10.000000Z,4.1248,4.11488
2015-07-28T22:16:20.000000Z,4.12477,4.11488
2015-07-28T22:16:30.000000Z,4.12473,4.11492
2015-07-28T22:16:40.000000Z,4.1248,4.11494
2015-07-28T22:16:50.000000Z,4.12474,4.11501
2015-07-28T22:17:00.000000Z,4.12473,4.11503
2015-07-28T22:17:30.000000Z,4.12477,4.115
2015-07-28T22:21:10.000000Z,4.12474,4.115
2015-07-28T22:21:20.000000Z,4.1248,4.11494
2015-07-28T22:21:30.000000Z,4.12473,4.11502
2015-07-28T22:21:50.000000Z,4.12474,4.11501
2015-07-28T22:23:30.000000Z,4.12473,4.11502
2015-07-28T22:24:10.000000Z,4.12474,4.11501
2015-07-28T22:24:30.000000Z,4.12473,4.11502
2015-07-28T22:25:10.000000Z,4.12477,4.115
2015-07-28T22:25:30.000000Z,4.12474,4.115
2015-07-28T22:26:30.000000Z,4.12477,4.115
2015-07-28T22:29:20.000000Z,4.12479,4.115
2015-07-28T22:29:40.000000Z,4.12477,4.115
2015-07-28T22:32:20.000000Z,4.12473,4.11502
2015-07-28T22:33:00.000000Z,4.12476,4.115
2015-07-28T22:35:10.000000Z,4.12474,4.115
2015-07-28T22:43:30.000000Z,4.12477,4.115
2015-07-28T22:47:20.000000Z,4.12474,4.115
2015-07-28T22:55:10.000000Z,4.12473,4.11502
2015-07-28T22:56:40.000000Z,4.12474,4.11501
2015-07-28T22:57:00.000000Z,4.12473,4.11503
2015-07-28T23:00:00.000000Z,4.12473,4.11503
2015-07-28T23:00:30.000000Z,4.12477,4.115
2015-07-28T23:01:10.000000Z,4.12473,4.11503
2015-07-28T23:02:00.000000Z,4.12483,4.11498
2015-07-28T23:02:10.000000Z,4.12484,4.11497
2015-07-28T23:06:30.000000Z,4.12483,4.1149
2015-07-28T23:07:50.000000Z,4.12493,4.11484
2015-07-28T23:08:40.000000Z,4.12493,4.11486
2015-07-28T23:09:00.000000Z,4.12494,4.11485
2015-07-28T23:14:30.000000Z,4.12493,4.11486
2015-07-28T23:14:50.000000Z,4.12494,4.11485
2015-07-28T23:15:10.000000Z,4.12493,4.11489
2015-07-28T23:15:30.000000Z,4.12493,4.11492
2015-07-28T23:15:50.000000Z,4.12493,4.11489
2015-07-28T23:17:50.000000Z,4.12503,4.11484
2015-07-28T23:19:40.000000Z,4.12503,4.11489
2015-07-28T23:20:00.000000Z,4.12504,4.11485
2015-07-28T23:21:30.000000Z,4.125,4.11483
2015-07-28T23:21:40.000000Z,4.12493,4.11489
2015-07-28T23:27:40.000000Z,4.12493,4.11487
2015-07-28T23:28:40.000000Z,4.12493,4.11484
2015-07-28T23:31:20.000000Z,4.12493,4.11489
2015-07-28T23:35:30.000000Z,4.12493,4.11494
2015-07-28T23:37:10.000000Z,4.12493,4.11492
2015-07-28T23:38:00.000000Z,4.12493,4.11489
2015-07-28T23:38:20.000000Z,4.12503,4.11484
2015-07-28T23:38:40.000000Z,4.12503,4.11487
2015-07-28T23:39:00.000000Z,4.12504,4.11485
2015-07-28T23:41:00.000000Z,4.12503,4.11489
2015-07-28T23:41:10.000000Z,4.125,4.11488
2015-07-28T23:41:20.000000Z,4.12493,4.11494
2015-07-28T23:43:10.000000Z,4.12503,4.11489
2015-07-28T23:44:40.000000Z,4.125,4.11488
2015-07-28T23:44:50.000000Z,4.12493,4.11494
2015-07-28T23:45:10.000000Z,4.12493,4.11492
2015-07-28T23:47:50.000000Z,4.125,4.11485
2015-07-28T23:50:20.000000Z,4.12503,4.11484
2015-07-28T23:52:10.000000Z,4.125,4.11483
2015-07-28T23:52:20.000000Z,4.12493,4.11489
2015-07-28T23:55:30.000000Z,4.12493,4.11487
2015-07-28T23:55:50.000000Z,4.12493,4.11489
2015-07-28T23:59:50.000000Z,4.1249,4.11488
2015-07-29T00:00:00.000000Z,4.12493,4.11489
2015-07-29T00:02:20.000000Z,4.12503,4.11484
2015-07-29T00:02:30.000000Z,4.12503,4.11487
2015-07-29T00:03:10.000000Z,4.125,4.11483
2015-07-29T00:03:20.000000Z,4.12493,4.11489
2015-07-29T00:05:00.000000Z,4.12493,4.11497
2015-07-29T00:05:10.000000Z,4.12493,4.11499
2015-07-29T00:05:20.000000Z,4.12504,4.11495
2015-07-29T00:05:30.000000Z,4.12503,4.11492
2015-07-29T00:06:00.000000Z,4.12493,4.11497
2015-07-29T00:08:40.000000Z,4.12493,4.11499
2015-07-29T00:09:00.000000Z,4.12493,4.11497
2015-07-29T00:09:30.000000Z,4.12503,4.11492
2015-07-29T00:09:50.000000Z,4.1254,4.11455
2015-07-29T00:10:00.000000Z,4.12503,4.11492
2015-07-29T00:10:10.000000Z,4.1254,4.1146
2015-07-29T00:10:30.000000Z,4.1254,4.1146
2015-07-29T00:10:40.000000Z,4.1254,4.11455
2015-07-29T00:10:50.000000Z,4.12503,4.11491
2015-07-29T00:11:20.000000Z,4.1254,4.11455
2015-07-29T00:11:30.000000Z,4.12503,4.11491
2015-07-29T00:16:50.000000Z,4.1254,4.11455
2015-07-29T00:17:00.000000Z,4.12503,4.11491
2015-07-29T00:19:00.000000Z,4.12503,4.11486
2015-07-29T00:19:20.000000Z,4.1254,4.11455
2015-07-29T00:19:30.000000Z,4.12503,4.11491
2015-07-29T00:19:40.000000Z,4.12503,4.11494
2015-07-29T00:20:00.000000Z,4.12503,4.11491
2015-07-29T00:22:40.000000Z,4.125,4.1149
2015-07-29T00:22:50.000000Z,4.12493,4.11496
2015-07-29T00:25:30.000000Z,4.12494,4.11499
2015-07-29T00:25:50.000000Z,4.12503,4.11494
2015-07-29T00:26:10.000000Z,4.12503,4.11496
2015-07-29T00:26:20.000000Z,4.12493,4.11501
2015-07-29T00:26:50.000000Z,4.12493,4.11496
2015-07-29T00:31:10.000000Z,4.12503,4.11491
2015-07-29T00:31:20.000000Z,4.12503,4.11494
2015-07-29T00:31:40.000000Z,4.12503,4.11496
2015-07-29T00:32:00.000000Z,4.12503,4.11491
2015-07-29T00:33:50.000000Z,4.125,4.1149
2015-07-29T00:34:00.000000Z,4.12493,4.11496
2015-07-29T00:35:10.000000Z,4.12503,4.11494
2015-07-29T00:37:20.000000Z,4.12503,4.11496
2015-07-29T00:37:40.000000Z,4.12503,4.11491
2015-07-29T00:47:20.000000Z,4.1254,4.11455
2015-07-29T00:47:30.000000Z,4.12503,4.11491
2015-07-29T00:48:10.000000Z,4.125,4.1149
2015-07-29T00:48:20.000000Z,4.12493,4.11496
2015-07-29T00:50:00.000000Z,4.12503,4.11494
2015-07-29T00:50:20.000000Z,4.12503,4.11496
2015-07-29T00:50:40.000000Z,4.12503,4.11491
2015-07-29T00:52:20.000000Z,4.125,4.1149
2015-07-29T00:52:30.000000Z,4.12493,4.11496
2015-07-29T01:00:40.000000Z,4.12493,4.11501
2015-07-29T01:01:00.000000Z,4.12493,4.11496
2015-07-29T01:02:40.000000Z,4.12493,4.11501
2015-07-29T01:03:00.000000Z,4.12493,4.11496
2015-07-29T01:06:50.000000Z,4.12493,4.11501
2015-07-29T01:07:50.000000Z,4.12493,4.11496
2015-07-29T01:09:50.000000Z,4.12503,4.11491
2015-07-29T01:10:30.000000Z,4.125,4.1149
2015-07-29T01:10:40.000000Z,4.12493,4.11496
2015-07-29T01:11:00.000000Z,4.12494,4.11494
2015-07-29T01:11:20.000000Z,4.12493,4.11496
2015-07-29T01:12:20.000000Z,4.12494,4.11494
2015-07-29T01:13:00.000000Z,4.12493,4.11496
2015-07-29T01:13:40.000000Z,4.12484,4.11501
2015-07-29T01:15:30.000000Z,4.12483,4.11503
2015-07-29T01:15:50.000000Z,4.12484,4.11501
2015-07-29T01:21:20.000000Z,4.12483,4.11498
2015-07-29T01:21:40.000000Z,4.12483,4.11503
2015-07-29T01:22:00.000000Z,4.12484,4.11501
2015-07-29T01:23:00.000000Z,4.12493,4.11496
2015-07-29T01:25:40.000000Z,4.12503,4.11474
2015-07-29T01:26:00.000000Z,4.12503,4.11472
2015-07-29T01:26:40.000000Z,4.12503,4.1147
2015-07-29T01:27:00.000000Z,4.1249,4.1153
2015-07-29T01:27:10.000000Z,4.12487,4.11538
2015-07-29T01:27:20.000000Z,4.12483,4.11538
2015-07-29T01:29:10.000000Z,4.12483,4.11536
2015-07-29T01:29:30.000000Z,4.12493,4.11528
2015-07-29T01:30:10.000000Z,4.12493,4.1153
2015-07-29T01:30:30.000000Z,4.12493,4.11532
2015-07-29T01:31:30.000000Z,4.12494,4.11531
2015-07-29T01:31:50.000000Z,4.12493,4.11532
2015-07-29T01:32:10.000000Z,4.12493,4.11535
2015-07-29T01:32:30.000000Z,4.12493,4.11534
2015-07-29T01:33:00.000000Z,4.12493,4.11532
2015-07-29T01:33:10.000000Z,4.12493,4.11532
2015-07-29T01:33:40.000000Z,4.1249,4.11532
2015-07-29T01:33:50.000000Z,4.12483,4.11538
2015-07-29T01:34:10.000000Z,4.12483,4.1154
2015-07-29T01:34:20.000000Z,4.12483,4.11536
2015-07-29T01:34:30.000000Z,4.12481,4.11536
2015-07-29T01:35:10.000000Z,4.12483,4.11536
2015-07-29T01:35:50.000000Z,4.1248,4.11536
2015-07-29T01:36:10.000000Z,4.12481,4.11536
2015-07-29T01:36:40.000000Z,4.12487,4.11538
2015-07-29T01:36:50.000000Z,4.12483,4.11541
2015-07-29T01:37:00.000000Z,4.12484,4.11537
2015-07-29T01:37:20.000000Z,4.12483,4.11538
2015-07-29T01:39:00.000000Z,4.12483,4.11536
2015-07-29T01:39:20.000000Z,4.12481,4.11536
2015-07-29T01:40:00.000000Z,4.12483,4.11535
2015-07-29T01:40:20.000000Z,4.12483,4.11538
2015-07-29T01:40:40.000000Z,4.12483,4.11536
2015-07-29T01:41:20.000000Z,4.12483,4.11538
2015-07-29T01:42:00.000000Z,4.12483,4.1154
2015-07-29T01:43:00.000000Z,4.12483,4.11538
2015-07-29T01:43:50.000000Z,4.12483,4.1154
2015-07-29T01:44:30.000000Z,4.12483,4.11538
2015-07-29T01:45:50.000000Z,4.12483,4.11541
2015-07-29T01:46:10.000000Z,4.12483,4.11538
2015-07-29T01:46:30.000000Z,4.12483,4.11535
2015-07-29T01:47:10.000000Z,4.12483,4.11538
2015-07-29T01:47:30.000000Z,4.12483,4.11536
2015-07-29T01:47:50.000000Z,4.12483,4.11538
2015-07-29T01:51:20.000000Z,4.12493,4.11532
2015-07-29T01:52:20.000000Z,4.12493,4.11534
2015-07-29T01:52:40.000000Z,4.12493,4.11532
2015-07-29T01:54:20.000000Z,4.12494,4.11529
2015-07-29T01:55:20.000000Z,4.12493,4.1153
2015-07-29T01:57:30.000000Z,4.12493,4.11532
2015-07-29T01:57:50.000000Z,4.12494,4.11531
2015-07-29T01:58:10.000000Z,4.12493,4.11532
2015-07-29T01:58:30.000000Z,4.12494,4.11531
2015-07-29T01:58:50.000000Z,4.12494,4.11529
2015-07-29T01:59:30.000000Z,4.12493,4.11532
2015-07-29T02:00:40.000000Z,4.12493,4.11518
2015-07-29T02:01:00.000000Z,4.12493,4.11528
2015-07-29T02:01:20.000000Z,4.12493,4.11534
2015-07-29T02:01:30.000000Z,4.12493,4.1153
2015-07-29T02:02:40.000000Z,4.12503,4.11526
2015-07-29T02:03:50.000000Z,4.12493,4.11532
2015-07-29T02:05:30.000000Z,4.12494,4.11529
2015-07-29T02:05:40.000000Z,4.12493,4.11522
2015-07-29T02:06:30.000000Z,4.12493,4.1152
2015-07-29T02:06:50.000000Z,4.12493,4.11522
2015-07-29T02:07:50.000000Z,4.12493,4.11518
2015-07-29T02:08:10.000000Z,4.12493,4.1152
2015-07-29T02:08:20.000000Z,4.12504,4.11514
2015-07-29T02:08:30.000000Z,4.12503,4.11516
2015-07-29T02:09:10.000000Z,4.12503,4.11512
2015-07-29T02:09:30.000000Z,4.12503,4.11519
2015-07-29T02:09:40.000000Z,4.12475,4.11441
2015-07-29T02:09:50.000000Z,4.1221,4.11671
2015-07-29T02:10:00.000000Z,4.12205,4.11707
2015-07-29T02:10:10.000000Z,4.12198,4.11717
2015-07-29T02:10:20.000000Z,4.12191,4.11723
2015-07-29T02:10:30.000000Z,4.12187,4.11727
2015-07-29T02:10:50.000000Z,4.12189,4.11726
2015-07-29T02:11:40.000000Z,4.12189,4.11723
2015-07-29T02:12:20.000000Z,4.12189,4.11726
2015-07-29T02:12:40.000000Z,4.12189,4.11723
2015-07-29T02:15:00.000000Z,4.12189,4.11726
2015-07-29T02:15:40.000000Z,4.12183,4.11734
2015-07-29T02:15:50.000000Z,4.1219,4.11727
2015-07-29T02:16:00.000000Z,4.12191,4.11726
2015-07-29T02:16:20.000000Z,4.1219,4.11727
2015-07-29T02:17:00.000000Z,4.12191,4.11728
2015-07-29T02:17:10.000000Z,4.12185,4.11734
2015-07-29T02:17:20.000000Z,4.12183,4.11734
2015-07-29T02:18:00.000000Z,4.12184,4.11733
2015-07-29T02:18:40.000000Z,4.12183,4.11734
2015-07-29T02:20:10.000000Z,4.12173,4.11716
2015-07-29T02:21:30.000000Z,4.12173,4.11713
2015-07-29T02:21:50.000000Z,4.12173,4.11713
2015-07-29T02:22:10.000000Z,4.12163,4.11732
2015-07-29T02:22:20.000000Z,4.12153,4.11738
2015-07-29T02:23:30.000000Z,4.12163,4.11732
2015-07-29T02:23:40.000000Z,4.12173,4.11727
2015-07-29T02:23:50.000000Z,4.12167,4.11734
2015-07-29T02:26:10.000000Z,4.12194,4.11707
2015-07-29T02:27:00.000000Z,4.12193,4.11708
2015-07-29T02:27:10.000000Z,4.12183,4.11724
2015-07-29T02:28:00.000000Z,4.12194,4.11716
2015-07-29T02:28:10.000000Z,4.12187,4.11723
2015-07-29T02:28:20.000000Z,4.12187,4.11725
2015-07-29T02:30:00.000000Z,4.12188,4.11753
2015-07-29T02:30:10.000000Z,4.12186,4.11759
2015-07-29T02:31:20.000000Z,4.12194,4.11753
2015-07-29T02:32:50.000000Z,4.12193,4.11755
2015-07-29T02:33:10.000000Z,4.12194,4.11753
2015-07-29T02:33:50.000000Z,4.12194,4.11757
2015-07-29T02:35:10.000000Z,4.12203,4.11714
2015-07-29T02:35:20.000000Z,4.12197,4.11721
2015-07-29T02:35:30.000000Z,4.12197,4.11717
2015-07-29T02:36:10.000000Z,4.12196,4.11725
2015-07-29T02:36:50.000000Z,4.12197,4.1173
2015-07-29T02:37:10.000000Z,4.12197,4.11728
2015-07-29T02:37:30.000000Z,4.12194,4.11728
2015-07-29T02:38:00.000000Z,4.12193,4.11729
2015-07-29T02:38:10.000000Z,4.12193,4.11725
2015-07-29T02:38:20.000000Z,4.12193,4.11721
2015-07-29T02:38:30.000000Z,4.12203,4.11714
2015-07-29T02:38:40.000000Z,4.12203,4.11712
2015-07-29T02:38:50.000000Z,4.12197,4.11719
2015-07-29T02:39:20.000000Z,4.12197,4.11721
2015-07-29T02:40:50.000000Z,4.12203,4.11714
2015-07-29T02:41:20.000000Z,4.12203,4.11712
2015-07-29T02:41:40.000000Z,4.12203,4.11714
2015-07-29T02:43:00.000000Z,4.12203,4.11712
2015-07-29T02:43:20.000000Z,4.12197,4.11721
2015-07-29T02:43:30.000000Z,4.12193,4.11721
2015-07-29T02:44:20.000000Z,4.12203,4.11714
2015-07-29T02:44:30.000000Z,4.12197,4.11717
2015-07-29T02:44:50.000000Z,4.12204,4.1171
2015-07-29T02:45:10.000000Z,4.12197,4.11726
2015-07-29T02:46:10.000000Z,4.12197,4.1173
2015-07-29T02:48:10.000000Z,4.12197,4.11721
2015-07-29T02:48:20.000000Z,4.12203,4.11714
2015-07-29T02:49:50.000000Z,4.12197,4.11721
2015-07-29T02:51:40.000000Z,4.12197,4.11719
2015-07-29T02:52:00.000000Z,4.12197,4.11721
2015-07-29T02:53:20.000000Z,4.12203,4.11714
2015-07-29T02:54:20.000000Z,4.12247,4.11761
2015-07-29T02:54:40.000000Z,4.12247,4.11759
2015-07-29T02:55:20.000000Z,4.12247,4.11757
2015-07-29T02:55:40.000000Z,4.12244,4.11758
2015-07-29T02:57:40.000000Z,4.12243,4.11757
2015-07-29T02:57:50.000000Z,4.12243,4.11761
2015-07-29T02:58:00.000000Z,4.12243,4.11761
2015-07-29T02:58:50.000000Z,4.12244,4.11762
2015-07-29T02:59:20.000000Z,4.12244,4.11794
2015-07-29T02:59:30.000000Z,4.12243,4.11789
2015-07-29T02:59:40.000000Z,4.12253,4.11784
2015-07-29T02:59:50.000000Z,4.12253,4.11779
2015-07-29T03:00:00.000000Z,4.12253,4.11784
2015-07-29T03:00:10.000000Z,4.12263,4.11778
2015-07-29T03:00:40.000000Z,4.12263,4.11776
2015-07-29T03:00:50.000000Z,4.12263,4.11778
2015-07-29T03:02:30.000000Z,4.12263,4.11778
2015-07-29T03:03:00.000000Z,4.12263,4.11783
2015-07-29T03:04:20.000000Z,4.12263,4.11783
2015-07-29T03:05:20.000000Z,4.12254,4.11789
2015-07-29T03:05:40.000000Z,4.12253,4.11786
2015-07-29T03:05:50.000000Z,4.12243,4.11793
2015-07-29T03:09:20.000000Z,4.12246,4.11787
2015-07-29T03:11:30.000000Z,4.12243,4.11793
2015-07-29T03:12:40.000000Z,4.12243,4.11793
2015-07-29T03:13:00.000000Z,4.12243,4.11791
2015-07-29T03:13:20.000000Z,4.12243,4.11785
2015-07-29T03:13:30.000000Z,4.12243,4.11789
2015-07-29T03:13:40.000000Z,4.12243,4.11791
2015-07-29T03:14:00.000000Z,4.12243,4.11789
2015-07-29T03:14:40.000000Z,4.12243,4.11793
2015-07-29T03:16:00.000000Z,4.12243,4.11791
2015-07-29T03:16:20.000000Z,4.12243,4.11793
2015-07-29T03:16:50.000000Z,4.12243,4.11793
2015-07-29T03:17:40.000000Z,4.12248,4.11787
2015-07-29T03:17:50.000000Z,4.12246,4.11787
2015-07-29T03:18:00.000000Z,4.12243,4.11787
2015-07-29T03:18:10.000000Z,4.12233,4.11765
2015-07-29T03:18:30.000000Z,4.12233,4.11768
2015-07-29T03:21:20.000000Z,4.1247,4.1179
2015-07-29T03:21:40.000000Z,4.12475,4.1179
2015-07-29T03:22:20.000000Z,4.12478,4.1179
2015-07-29T03:23:40.000000Z,4.12484,4.1178
2015-07-29T03:25:00.000000Z,4.12479,4.1178
2015-07-29T03:25:10.000000Z,4.12477,4.1178
2015-07-29T03:30:10.000000Z,4.12471,4.1179
2015-07-29T03:31:00.000000Z,4.12469,4.1179
2015-07-29T03:31:10.000000Z,4.12471,4.1179
2015-07-29T03:34:40.000000Z,4.12477,4.1178
2015-07-29T03:37:10.000000Z,4.12475,4.1178
2015-07-29T03:38:30.000000Z,4.12476,4.1178
2015-07-29T03:40:40.000000Z,4.12474,4.1178
2015-07-29T03:41:00.000000Z,4.12471,4.1179
2015-07-29T03:45:20.000000Z,4.12475,4.1178
2015-07-29T03:46:50.000000Z,4.12476,4.1178
2015-07-29T03:47:10.000000Z,4.12475,4.1178
2015-07-29T03:47:30.000000Z,4.12474,4.1178
2015-07-29T03:48:00.000000Z,4.12469,4.1179
2015-07-29T03:48:20.000000Z,4.12474,4.1178
2015-07-29T03:51:10.000000Z,4.12478,4.1179
2015-07-29T03:51:20.000000Z,4.12477,4.1179
2015-07-29T03:51:40.000000Z,4.12478,4.1179
2015-07-29T03:52:00.000000Z,4.12477,4.1179
2015-07-29T03:54:00.000000Z,4.12478,4.1179
2015-07-29T03:54:20.000000Z,4.12478,4.1179
2015-07-29T03:55:10.000000Z,4.12471,4.1179
2015-07-29T03:56:10.000000Z,4.1248,4.11793
2015-07-29T03:57:10.000000Z,4.1248,4.11792
2015-07-29T03:58:10.000000Z,4.12472,4.1179
2015-07-29T03:59:50.000000Z,4.1247,4.1179
2015-07-29T04:00:40.000000Z,4.12471,4.1179
2015-07-29T04:02:30.000000Z,4.12477,4.1178
2015-07-29T04:03:10.000000Z,4.12478,4.1179
2015-07-29T04:03:30.000000Z,4.12502,4.1178
2015-07-29T04:03:40.000000Z,4.125,4.1178
2015-07-29T04:04:10.000000Z,4.12487,4.1178
2015-07-29T04:04:40.000000Z,4.12485,4.1178
2015-07-29T04:05:00.000000Z,4.12483,4.1178
2015-07-29T04:05:10.000000Z,4.12485,4.1178
2015-07-29T04:05:20.000000Z,4.12478,4.1179
2015-07-29T04:05:40.000000Z,4.1248,4.1179
2015-07-29T04:06:40.000000Z,4.12478,4.1179
2015-07-29T04:07:10.000000Z,4.12483,4.1178
2015-07-29T04:08:30.000000Z,4.12482,4.1178
2015-07-29T04:08:50.000000Z,4.12483,4.1178
2015-07-29T04:09:30.000000Z,4.12485,4.1178
2015-07-29T04:09:50.000000Z,4.12483,4.1178
2015-07-29T04:10:10.000000Z,4.12485,4.1178
2015-07-29T04:12:30.000000Z,4.12483,4.1178
2015-07-29T04:13:00.000000Z,4.12485,4.1178
2015-07-29T04:14:00.000000Z,4.12483,4.1187
2015-07-29T04:14:20.000000Z,4.12482,4.1187
2015-07-29T04:14:40.000000Z,4.12483,4.1187
2015-07-29T04:14:50.000000Z,4.12517,4.11762
2015-07-29T04:15:00.000000Z,4.12485,4.1178
2015-07-29T04:16:40.000000Z,4.12515,4.1178
2015-07-29T04:16:50.000000Z,4.12471,4.1183
2015-07-29T04:17:10.000000Z,4.12468,4.1183
2015-07-29T04:17:40.000000Z,4.12463,4.1184
2015-07-29T04:17:50.000000Z,4.12464,4.1184
2015-07-29T04:18:30.000000Z,4.12466,4.1184
2015-07-29T04:18:50.000000Z,4.12472,4.1183
2015-07-29T04:19:40.000000Z,4.12478,4.1182
2015-07-29T04:20:10.000000Z,4.12476,4.1182
2015-07-29T04:20:50.000000Z,4.12478,4.1182
2015-07-29T04:21:50.000000Z,4.12476,4.1182
2015-07-29T04:22:10.000000Z,4.12478,4.1182
2015-07-29T04:27:00.000000Z,4.12484,4.1181
2015-07-29T04:32:30.000000Z,4.12477,4.1182
2015-07-29T04:33:30.000000Z,4.12478,4.1182
2015-07-29T04:37:40.000000Z,4.12476,4.1182
2015-07-29T04:40:00.000000Z,4.12478,4.1182
2015-07-29T04:41:30.000000Z,4.12476,4.1182
2015-07-29T04:42:50.000000Z,4.12478,4.1182
2015-07-29T04:43:50.000000Z,4.12483,4.1181
2015-07-29T04:46:10.000000Z,4.12478,4.1182
2015-07-29T04:49:20.000000Z,4.12485,4.1181
2015-07-29T04:51:30.000000Z,4.12467,4.1184
2015-07-29T04:51:50.000000Z,4.12461,4.1185
2015-07-29T04:52:20.000000Z,4.12462,4.1185
2015-07-29T05:00:10.000000Z,4.12472,4.1185
2015-07-29T05:00:20.000000Z,4.12474,4.1185
2015-07-29T05:00:40.000000Z,4.12471,4.1185
2015-07-29T05:03:30.000000Z,4.12474,4.1185
2015-07-29T05:05:10.000000Z,4.12476,4.1185
2015-07-29T05:05:50.000000Z,4.12475,4.1185
2015-07-29T05:09:30.000000Z,4.12476,4.1185
2015-07-29T05:09:50.000000Z,4.12475,4.1185
2015-07-29T05:11:20.000000Z,4.12476,4.1185
2015-07-29T05:11:40.000000Z,4.12475,4.1185
2015-07-29T05:12:40.000000Z,4.12476,4.1185
2015-07-29T05:13:20.000000Z,4.12475,4.1185
2015-07-29T05:15:50.000000Z,4.12478,4.1184
2015-07-29T05:16:50.000000Z,4.1248,4.1184
2015-07-29T05:17:10.000000Z,4.12478,4.1184
2015-07-29T05:20:50.000000Z,4.1248,4.1184
2015-07-29T05:21:10.000000Z,4.12478,4.1184
2015-07-29T05:21:30.000000Z,4.1248,4.1184
2015-07-29T05:21:50.000000Z,4.12478,4.1184
2015-07-29T05:22:50.000000Z,4.1248,4.1184
2015-07-29T05:23:10.000000Z,4.12478,4.1184
2015-07-29T05:24:20.000000Z,4.1248,4.1184
2015-07-29T05:24:40.000000Z,4.12476,4.1184
2015-07-29T05:25:00.000000Z,4.1248,4.1184
2015-07-29T05:25:20.000000Z,4.12478,4.1184
2015-07-29T05:26:00.000000Z,4.12477,4.1184
2015-07-29T05:27:40.000000Z,4.12479,4.1184
2015-07-29T05:29:50.000000Z,4.12473,4.1185
2015-07-29T05:30:00.000000Z,4.1246,4.11851
2015-07-29T05:30:40.000000Z,4.12464,4.1185
2015-07-29T05:30:50.000000Z,4.1246,4.11851
2015-07-29T05:31:20.000000Z,4.1246,4.11855
2015-07-29T05:33:20.000000Z,4.1246,4.11851
2015-07-29T05:33:40.000000Z,4.1246,4.11855
2015-07-29T05:34:20.000000Z,4.1246,4.11853
2015-07-29T05:35:30.000000Z,4.1246,4.11851
2015-07-29T05:37:10.000000Z,4.1246,4.11855
2015-07-29T05:37:30.000000Z,4.1246,4.11853
2015-07-29T05:37:50.000000Z,4.1246,4.11851
2015-07-29T05:38:10.000000Z,4.1246,4.11853
2015-07-29T05:38:30.000000Z,4.1246,4.11851
2015-07-29T05:40:40.000000Z,4.1246,4.11855
2015-07-29T05:41:00.000000Z,4.1246,4.11853
2015-07-29T05:41:20.000000Z,4.1246,4.11851
2015-07-29T05:41:40.000000Z,4.1246,4.11853
2015-07-29T05:42:40.000000Z,4.1246,4.11851
2015-07-29T05:43:00.000000Z,4.1246,4.11853
2015-07-29T05:43:20.000000Z,4.1246,4.11851
2015-07-29T05:44:10.000000Z,4.1245,4.11856
2015-07-29T05:47:10.000000Z,4.1245,4.11858
2015-07-29T05:48:10.000000Z,4.1245,4.11859
2015-07-29T05:48:30.000000Z,4.1245,4.11858
2015-07-29T05:48:40.000000Z,4.12445,4.1196
2015-07-29T05:48:50.000000Z,4.12445,4.1196
2015-07-29T05:49:00.000000Z,4.12454,4.1195
2015-07-29T05:49:10.000000Z,4.12454,4.1195
2015-07-29T05:49:20.000000Z,4.12445,4.1196
2015-07-29T05:49:30.000000Z,4.12445,4.1196
2015-07-29T05:49:50.000000Z,4.12445,4.1196
2015-07-29T05:50:00.000000Z,4.12454,4.1195
2015-07-29T05:50:40.000000Z,4.12458,4.1195
2015-07-29T05:51:00.000000Z,4.12458,4.1195
2015-07-29T05:51:20.000000Z,4.12445,4.1196
2015-07-29T05:51:40.000000Z,4.12445,4.1196
2015-07-29T05:52:00.000000Z,4.12446,4.1196
2015-07-29T05:53:00.000000Z,4.12454,4.1195
2015-07-29T05:53:40.000000Z,4.12454,4.1195
2015-07-29T05:54:00.000000Z,4.12445,4.1196
2015-07-29T05:54:20.000000Z,4.12445,4.1196
2015-07-29T05:54:30.000000Z,4.12454,4.1195
2015-07-29T05:55:30.000000Z,4.12454,4.1195
2015-07-29T05:56:00.000000Z,4.12445,4.1195
2015-07-29T05:56:10.000000Z,4.12452,4.1194
2015-07-29T05:56:20.000000Z,4.12451,4.1194
2015-07-29T05:56:40.000000Z,4.12456,4.1194
2015-07-29T05:56:50.000000Z,4.12456,4.1194
2015-07-29T05:57:00.000000Z,4.12452,4.1194
2015-07-29T05:57:20.000000Z,4.1245,4.1194
2015-07-29T05:58:00.000000Z,4.12448,4.1194
2015-07-29T05:58:10.000000Z,4.12448,4.1194
2015-07-29T05:58:20.000000Z,4.12448,4.1194
2015-07-29T05:58:30.000000Z,4.12439,4.1195
2015-07-29T05:58:40.000000Z,4.12448,4.1194
2015-07-29T05:58:50.000000Z,4.12453,4.1193
2015-07-29T05:59:00.000000Z,4.1253,4.11901
2015-07-29T05:59:10.000000Z,4.1253,4.11897
2015-07-29T05:59:30.000000Z,4.1254,4.11887
2015-07-29T05:59:50.000000Z,4.1256,4.11904
2015-07-29T06:00:00.000000Z,4.12484,4.11986
2015-07-29T06:00:10.000000Z,4.1248,4.11994
2015-07-29T06:00:20.000000Z,4.1247,4.11992
2015-07-29T06:00:30.000000Z,4.1249,4.11989
2015-07-29T06:00:40.000000Z,4.1249,4.11989
2015-07-29T06:00:50.000000Z,4.1249,4.11989
2015-07-29T06:01:00.000000Z,4.1245,4.12006
2015-07-29T06:01:10.000000Z,4.12455,4.12001
2015-07-29T06:01:20.000000Z,4.1245,4.12006
2015-07-29T06:01:30.000000Z,4.1245,4.12
2015-07-29T06:01:40.000000Z,4.12445,4.11994
2015-07-29T06:01:50.000000Z,4.1244,4.1199
2015-07-29T06:02:00.000000Z,4.1244,4.11996
2015-07-29T06:02:10.000000Z,4.1244,4.11998
2015-07-29T06:02:20.000000Z,4.12436,4.12
2015-07-29T06:02:30.000000Z,4.12444,4.1199
2015-07-29T06:02:40.000000Z,4.12444,4.1199
2015-07-29T06:02:50.000000Z,4.1244,4.11994
2015-07-29T06:03:10.000000Z,4.1244,4.11998
2015-07-29T06:03:20.000000Z,4.12443,4.12
2015-07-29T06:03:30.000000Z,4.12443,4.12
2015-07-29T06:04:00.000000Z,4.12449,4.1199
2015-07-29T06:04:30.000000Z,4.12449,4.1199
2015-07-29T06:05:20.000000Z,4.12443,4.12
2015-07-29T06:05:40.000000Z,4.12443,4.12
2015-07-29T06:05:50.000000Z,4.12453,4.1199
2015-07-29T06:06:00.000000Z,4.12447,4.12
2015-07-29T06:06:30.000000Z,4.12445,4.12
2015-07-29T06:06:40.000000Z,4.1246,4.1204
2015-07-29T06:06:50.000000Z,4.1246,4.12046
2015-07-29T06:07:00.000000Z,4.12461,4.12055
2015-07-29T06:07:10.000000Z,4.12465,4.12051
2015-07-29T06:07:20.000000Z,4.12475,4.12051
2015-07-29T06:07:30.000000Z,4.12465,4.12041
2015-07-29T06:07:40.000000Z,4.12451,4.12045
2015-07-29T06:07:50.000000Z,4.12465,4.12041
2015-07-29T06:08:00.000000Z,4.12465,4.12043
2015-07-29T06:08:10.000000Z,4.12476,4.1206
2015-07-29T06:08:20.000000Z,4.12471,4.1206
2015-07-29T06:08:30.000000Z,4.12479,4.1205
2015-07-29T06:08:50.000000Z,4.12477,4.1205
2015-07-29T06:09:00.000000Z,4.12467,4.1206
2015-07-29T06:09:20.000000Z,4.12465,4.12046
2015-07-29T06:09:30.000000Z,4.12465,4.12046
2015-07-29T06:09:40.000000Z,4.12465,4.12046
2015-07-29T06:09:50.000000Z,4.12465,4.12046
2015-07-29T06:10:00.000000Z,4.12454,4.12045
2015-07-29T06:10:10.000000Z,4.12465,4.12042
2015-07-29T06:10:20.000000Z,4.1246,4.12043
2015-07-29T06:10:30.000000Z,4.12465,4.1204
2015-07-29T06:10:40.000000Z,4.12465,4.12042
2015-07-29T06:11:00.000000Z,4.1246,4.12043
2015-07-29T06:11:30.000000Z,4.12458,4.12045
2015-07-29T06:11:40.000000Z,4.12458,4.12045
2015-07-29T06:11:50.000000Z,4.12465,4.12046
2015-07-29T06:12:00.000000Z,4.12463,4.12045
2015-07-29T06:12:10.000000Z,4.12465,4.12045
2015-07-29T06:12:20.000000Z,4.12461,4.12045
2015-07-29T06:12:40.000000Z,4.12465,4.12045
2015-07-29T06:13:00.000000Z,4.12461,4.12045
2015-07-29T06:13:10.000000Z,4.12467,4.12045
2015-07-29T06:13:30.000000Z,4.12469,4.12045
2015-07-29T06:13:40.000000Z,4.12474,4.12045
2015-07-29T06:14:00.000000Z,4.12471,4.12045
2015-07-29T06:14:10.000000Z,4.12472,4.1206
2015-07-29T06:14:20.000000Z,4.12471,4.1206
2015-07-29T06:14:30.000000Z,4.12476,4.1206
2015-07-29T06:14:40.000000Z,4.12473,4.1206
2015-07-29T06:15:00.000000Z,4.12471,4.1206
2015-07-29T06:15:20.000000Z,4.12491,4.1207
2015-07-29T06:15:30.000000Z,4.1253,4.121
2015-07-29T06:15:40.000000Z,4.1253,4.12099
2015-07-29T06:15:50.000000Z,4.1253,4.12093
2015-07-29T06:16:10.000000Z,4.12522,4.121
2015-07-29T06:16:40.000000Z,4.12522,4.121
2015-07-29T06:16:50.000000Z,4.12545,4.1211
2015-07-29T06:17:00.000000Z,4.12553,4.1211
2015-07-29T06:17:10.000000Z,4.12548,4.1212
2015-07-29T06:17:20.000000Z,4.12556,4.1211
2015-07-29T06:17:40.000000Z,4.12549,4.1212
2015-07-29T06:17:50.000000Z,4.12554,4.1211
2015-07-29T06:18:20.000000Z,4.12554,4.1211
2015-07-29T06:18:30.000000Z,4.12543,4.1212
2015-07-29T06:18:40.000000Z,4.12549,4.1211
2015-07-29T06:19:00.000000Z,4.12546,4.1212
2015-07-29T06:19:10.000000Z,4.12543,4.1213
2015-07-29T06:19:20.000000Z,4.12541,4.1213
2015-07-29T06:19:30.000000Z,4.12538,4.12129
2015-07-29T06:19:40.000000Z,4.12541,4.1213
2015-07-29T06:19:50.000000Z,4.1253,4.1214
2015-07-29T06:20:00.000000Z,4.1253,4.1214
2015-07-29T06:20:10.000000Z,4.12535,4.1214
2015-07-29T06:20:20.000000Z,4.12535,4.1214
2015-07-29T06:20:30.000000Z,4.12526,4.1214
2015-07-29T06:20:40.000000Z,4.12535,4.1214
2015-07-29T06:20:50.000000Z,4.12535,4.1214
2015-07-29T06:21:00.000000Z,4.12535,4.1214
2015-07-29T06:21:10.000000Z,4.12531,4.1214
2015-07-29T06:21:20.000000Z,4.12535,4.1214
2015-07-29T06:21:30.000000Z,4.1253,4.1214
2015-07-29T06:21:40.000000Z,4.12536,4.12129
2015-07-29T06:21:50.000000Z,4.12531,4.1213
2015-07-29T06:22:00.000000Z,4.1253,4.12125
2015-07-29T06:22:10.000000Z,4.12517,4.1212
2015-07-29T06:22:20.000000Z,4.12539,4.1212
2015-07-29T06:22:30.000000Z,4.12545,4.12105
2015-07-29T06:22:40.000000Z,4.12539,4.1212
2015-07-29T06:22:50.000000Z,4.12543,4.1211
2015-07-29T06:23:00.000000Z,4.12545,4.1211
2015-07-29T06:23:10.000000Z,4.12542,4.1212
2015-07-29T06:23:20.000000Z,4.12534,4.1211
2015-07-29T06:23:30.000000Z,4.1252,4.1212
2015-07-29T06:23:40.000000Z,4.12518,4.1212
2015-07-29T06:23:50.000000Z,4.12522,4.1211
2015-07-29T06:24:10.000000Z,4.12525,4.1212
2015-07-29T06:24:20.000000Z,4.12516,4.1211
2015-07-29T06:24:30.000000Z,4.12516,4.12097
2015-07-29T06:24:40.000000Z,4.12516,4.12088
2015-07-29T06:24:50.000000Z,4.12516,4.12085
2015-07-29T06:25:00.000000Z,4.12516,4.12088
2015-07-29T06:25:10.000000Z,4.12497,4.121
2015-07-29T06:25:20.000000Z,4.12493,4.12098
2015-07-29T06:25:30.000000Z,4.12495,4.1208
2015-07-29T06:25:40.000000Z,4.12492,4.1207
2015-07-29T06:25:50.000000Z,4.12495,4.1207
2015-07-29T06:26:00.000000Z,4.1249,4.12077
2015-07-29T06:26:10.000000Z,4.12483,4.1207
2015-07-29T06:26:20.000000Z,4.1248,4.1206
2015-07-29T06:26:30.000000Z,4.12477,4.12055
2015-07-29T06:26:40.000000Z,4.1247,4.12054
2015-07-29T06:26:50.000000Z,4.12471,4.1205
2015-07-29T06:27:00.000000Z,4.12462,4.1205
2015-07-29T06:27:10.000000Z,4.12453,4.1204
2015-07-29T06:27:20.000000Z,4.12449,4.1204
2015-07-29T06:27:30.000000Z,4.12444,4.1204
2015-07-29T06:27:40.000000Z,4.12444,4.1204
2015-07-29T06:27:50.000000Z,4.12429,4.1205
2015-07-29T06:28:00.000000Z,4.12433,4.1204
2015-07-29T06:28:10.000000Z,4.12392,4.1203
2015-07-29T06:28:30.000000Z,4.12394,4.1203
2015-07-29T06:28:40.000000Z,4.12525,4.1209
2015-07-29T06:29:00.000000Z,4.1253,4.1209
2015-07-29T06:29:20.000000Z,4.12531,4.1209
2015-07-29T06:29:30.000000Z,4.125,4.12086
2015-07-29T06:29:40.000000Z,4.12477,4.12075
2015-07-29T06:29:50.000000Z,4.12475,4.1207
2015-07-29T06:30:00.000000Z,4.12475,4.12081
2015-07-29T06:30:10.000000Z,4.12455,4.12095
2015-07-29T06:30:20.000000Z,4.1246,4.12092
2015-07-29T06:30:30.000000Z,4.1246,4.1209
2015-07-29T06:30:40.000000Z,4.1246,4.12092
2015-07-29T06:30:50.000000Z,4.12455,4.12093
2015-07-29T06:31:00.000000Z,4.12455,4.12096
2015-07-29T06:31:30.000000Z,4.12455,4.12092
2015-07-29T06:31:40.000000Z,4.12455,4.12096
2015-07-29T06:31:50.000000Z,4.1246,4.12095
2015-07-29T06:32:00.000000Z,4.1246,4.12094
2015-07-29T06:32:10.000000Z,4.1246,4.12098
2015-07-29T06:32:30.000000Z,4.12486,4.12199
2015-07-29T06:32:40.000000Z,4.12495,4.12145
2015-07-29T06:33:00.000000Z,4.12491,4.12145
2015-07-29T06:33:10.000000Z,4.12495,4.12145
2015-07-29T06:33:30.000000Z,4.12499,4.1214
2015-07-29T06:33:40.000000Z,4.12473,4.1213
2015-07-29T06:33:50.000000Z,4.12469,4.1213
2015-07-29T06:34:00.000000Z,4.12473,4.1213
2015-07-29T06:34:10.000000Z,4.12481,4.1212
2015-07-29T06:34:50.000000Z,4.1247,4.12129
2015-07-29T06:35:00.000000Z,4.12463,4.12126
2015-07-29T06:35:10.000000Z,4.12453,4.12117
2015-07-29T06:35:20.000000Z,4.12446,4.12125
2015-07-29T06:35:30.000000Z,4.12448,4.12125
2015-07-29T06:35:50.000000Z,4.12445,4.1213
2015-07-29T06:36:00.000000Z,4.12448,4.12125
2015-07-29T06:36:10.000000Z,4.12445,4.12142
2015-07-29T06:37:00.000000Z,4.12448,4.12145
2015-07-29T06:37:10.000000Z,4.12446,4.12145
2015-07-29T06:37:20.000000Z,4.12445,4.12138
2015-07-29T06:37:30.000000Z,4.12445,4.12142
2015-07-29T06:37:40.000000Z,4.12446,4.12145
2015-07-29T06:38:00.000000Z,4.12445,4.12142
2015-07-29T06:38:30.000000Z,4.12445,4.12138
2015-07-29T06:39:40.000000Z,4.12445,4.12142
2015-07-29T06:40:10.000000Z,4.12446,4.12145
2015-07-29T06:40:20.000000Z,4.12446,4.12145
2015-07-29T06:40:30.000000Z,4.12445,4.12142
2015-07-29T06:41:10.000000Z,4.1243,4.12145
2015-07-29T06:41:40.000000Z,4.12434,4.12145
2015-07-29T06:42:00.000000Z,4.12446,4.12145
2015-07-29T06:42:10.000000Z,4.12446,4.12145
2015-07-29T06:42:20.000000Z,4.12448,4.12145
2015-07-29T06:42:40.000000Z,4.12446,4.12145
2015-07-29T06:42:50.000000Z,4.12445,4.12158
2015-07-29T06:43:00.000000Z,4.12457,4.12165
2015-07-29T06:43:10.000000Z,4.12459,4.12165
2015-07-29T06:43:20.000000Z,4.12463,4.12145
2015-07-29T06:43:40.000000Z,4.12463,4.12145
2015-07-29T06:44:00.000000Z,4.12459,4.12145
2015-07-29T06:44:10.000000Z,4.12463,4.12145
2015-07-29T06:44:20.000000Z,4.12465,4.12145
2015-07-29T06:44:30.000000Z,4.12462,4.1215
2015-07-29T06:44:50.000000Z,4.12454,4.12145
2015-07-29T06:45:00.000000Z,4.12454,4.12145
2015-07-29T06:45:30.000000Z,4.12454,4.12145
2015-07-29T06:45:40.000000Z,4.12452,4.12152
2015-07-29T06:45:50.000000Z,4.12456,4.12152
2015-07-29T06:46:00.000000Z,4.1246,4.12152
2015-07-29T06:46:10.000000Z,4.12464,4.12152
2015-07-29T06:46:20.000000Z,4.12464,4.12152
2015-07-29T06:46:30.000000Z,4.12462,4.12152
2015-07-29T06:46:50.000000Z,4.12456,4.12152
2015-07-29T06:47:10.000000Z,4.12452,4.12152
2015-07-29T06:47:30.000000Z,4.12452,4.12152
2015-07-29T06:47:40.000000Z,4.12455,4.12152
2015-07-29T06:48:00.000000Z,4.12455,4.12152
2015-07-29T06:48:10.000000Z,4.1244,4.12133
2015-07-29T06:48:20.000000Z,4.1244,4.12134
2015-07-29T06:48:30.000000Z,4.1244,4.1213
2015-07-29T06:48:40.000000Z,4.1244,4.12134
2015-07-29T06:48:50.000000Z,4.1244,4.12137
2015-07-29T06:49:00.000000Z,4.1244,4.12137
2015-07-29T06:49:20.000000Z,4.1244,4.12137
2015-07-29T06:49:30.000000Z,4.1244,4.12135
2015-07-29T06:49:40.000000Z,4.1244,4.12134
2015-07-29T06:50:10.000000Z,4.1244,4.12132
2015-07-29T06:50:40.000000Z,4.1244,4.12129
2015-07-29T06:51:00.000000Z,4.12442,4.12163
2015-07-29T06:51:10.000000Z,4.1244,4.12154
2015-07-29T06:51:20.000000Z,4.1244,4.12145
2015-07-29T06:51:40.000000Z,4.1244,4.12154
2015-07-29T06:51:50.000000Z,4.12442,4.12152
2015-07-29T06:52:00.000000Z,4.1244,4.12146
2015-07-29T06:52:10.000000Z,4.1244,4.12152
2015-07-29T06:52:20.000000Z,4.12433,4.12158
2015-07-29T06:52:30.000000Z,4.12427,4.12158
2015-07-29T06:52:40.000000Z,4.12413,4.12182
2015-07-29T06:52:50.000000Z,4.12461,4.12173
2015-07-29T06:53:00.000000Z,4.12465,4.12173
2015-07-29T06:53:10.000000Z,4.12463,4.12173
2015-07-29T06:53:20.000000Z,4.12461,4.12173
2015-07-29T06:53:30.000000Z,4.1251,4.12187
2015-07-29T06:53:40.000000Z,4.1251,4.12182
2015-07-29T06:54:00.000000Z,4.1251,4.12191
2015-07-29T06:54:20.000000Z,4.1251,4.12191
2015-07-29T06:54:30.000000Z,4.1251,4.12193
2015-07-29T06:54:50.000000Z,4.1251,4.12191
2015-07-29T06:55:00.000000Z,4.1251,4.12186
2015-07-29T06:55:10.000000Z,4.1251,4.12191
2015-07-29T06:55:20.000000Z,4.1251,4.12191
2015-07-29T06:55:30.000000Z,4.1251,4.12191
2015-07-29T06:55:40.000000Z,4.1251,4.12194
2015-07-29T06:55:50.000000Z,4.12503,4.122
2015-07-29T06:56:00.000000Z,4.12494,4.12192
2015-07-29T06:56:10.000000Z,4.12492,4.12192
2015-07-29T06:56:20.000000Z,4.12484,4.12192
2015-07-29T06:56:30.000000Z,4.12476,4.12192
2015-07-29T06:56:40.000000Z,4.12466,4.12192
2015-07-29T06:56:50.000000Z,4.12456,4.12187
2015-07-29T06:57:00.000000Z,4.12458,4.1219
2015-07-29T06:57:10.000000Z,4.12453,4.1218
2015-07-29T06:57:20.000000Z,4.1244,4.12187
2015-07-29T06:57:30.000000Z,4.12423,4.12193
2015-07-29T06:57:40.000000Z,4.12385,4.12188
2015-07-29T06:57:50.000000Z,4.12381,4.12187
2015-07-29T06:58:10.000000Z,4.12489,4.1217
2015-07-29T06:58:20.000000Z,4.12479,4.1217
2015-07-29T06:58:30.000000Z,4.12481,4.1218
2015-07-29T06:58:40.000000Z,4.12486,4.1218
2015-07-29T06:58:50.000000Z,4.125,4.12178
2015-07-29T06:59:00.000000Z,4.125,4.12178
2015-07-29T06:59:10.000000Z,4.12507,4.12178
2015-07-29T06:59:30.000000Z,4.12496,4.12185
2015-07-29T06:59:40.000000Z,4.1249,4.12185
2015-07-29T06:59:50.000000Z,4.1249,4.12185
2015-07-29T07:00:00.000000Z,4.12478,4.1218
2015-07-29T07:00:10.000000Z,4.12472,4.1218
2015-07-29T07:00:20.000000Z,4.12472,4.1218
2015-07-29T07:00:30.000000Z,4.12482,4.1219
2015-07-29T07:00:40.000000Z,4.12471,4.1219
2015-07-29T07:00:50.000000Z,4.12461,4.1219
2015-07-29T07:01:00.000000Z,4.12464,4.1219
2015-07-29T07:01:10.000000Z,4.12418,4.12193
2015-07-29T07:01:20.000000Z,4.12403,4.12193
2015-07-29T07:01:30.000000Z,4.12468,4.1217
2015-07-29T07:01:40.000000Z,4.12475,4.1217
2015-07-29T07:01:50.000000Z,4.1248,4.12237
2015-07-29T07:02:00.000000Z,4.12477,4.1219
2015-07-29T07:02:10.000000Z,4.1247,4.12192
2015-07-29T07:02:20.000000Z,4.12462,4.12195
2015-07-29T07:02:30.000000Z,4.12456,4.1219
2015-07-29T07:02:40.000000Z,4.12461,4.1218
2015-07-29T07:02:50.000000Z,4.12443,4.1219
2015-07-29T07:03:00.000000Z,4.12434,4.12193
2015-07-29T07:03:10.000000Z,4.1242,4.12193
2015-07-29T07:03:20.000000Z,4.12423,4.12187
2015-07-29T07:03:30.000000Z,4.12416,4.12187
2015-07-29T07:03:40.000000Z,4.1241,4.12184
2015-07-29T07:03:50.000000Z,4.12407,4.12183
2015-07-29T07:04:00.000000Z,4.12405,4.12173
2015-07-29T07:04:10.000000Z,4.12413,4.1217
2015-07-29T07:04:20.000000Z,4.12495,4.12175
2015-07-29T07:04:30.000000Z,4.12501,4.12175
2015-07-29T07:04:40.000000Z,4.12496,4.1218
2015-07-29T07:04:50.000000Z,4.12499,4.12175
2015-07-29T07:05:00.000000Z,4.12499,4.12175
2015-07-29T07:05:10.000000Z,4.12499,4.12175
2015-07-29T07:05:20.000000Z,4.12499,4.12175
2015-07-29T07:05:30.000000Z,4.1251,4.1223
2015-07-29T07:05:40.000000Z,4.12512,4.12233
2015-07-29T07:05:50.000000Z,4.12512,4.12238
2015-07-29T07:06:00.000000Z,4.12512,4.12236
2015-07-29T07:06:10.000000Z,4.12513,4.12236
2015-07-29T07:06:20.000000Z,4.12514,4.12246
2015-07-29T07:06:30.000000Z,4.12513,4.12242
2015-07-29T07:06:40.000000Z,4.12513,4.12245
2015-07-29T07:06:50.000000Z,4.12516,4.12254
2015-07-29T07:07:00.000000Z,4.12563,4.12338
2015-07-29T07:07:10.000000Z,4.12563,4.12338
2015-07-29T07:07:20.000000Z,4.12563,4.12342
2015-07-29T07:07:40.000000Z,4.12563,4.12352
2015-07-29T07:07:50.000000Z,4.12563,4.1235
2015-07-29T07:08:00.000000Z,4.12577,4.12261
2015-07-29T07:08:10.000000Z,4.12553,4.1225
2015-07-29T07:08:20.000000Z,4.12535,4.12186
2015-07-29T07:08:30.000000Z,4.12535,4.1219
2015-07-29T07:08:40.000000Z,4.12477,4.12195
2015-07-29T07:08:50.000000Z,4.12466,4.1218
2015-07-29T07:09:00.000000Z,4.12434,4.1208
2015-07-29T07:09:10.000000Z,4.1243,4.12087
2015-07-29T07:09:20.000000Z,4.1244,4.12074
2015-07-29T07:09:30.000000Z,4.1244,4.12078
2015-07-29T07:09:40.000000Z,4.1244,4.12075
2015-07-29T07:09:50.000000Z,4.12444,4.12073
2015-07-29T07:10:00.000000Z,4.12445,4.12076
2015-07-29T07:10:10.000000Z,4.1243,4.1208
2015-07-29T07:10:20.000000Z,4.1244,4.12083
2015-07-29T07:10:30.000000Z,4.1243,4.12086
2015-07-29T07:10:40.000000Z,4.1244,4.12078
2015-07-29T07:10:50.000000Z,4.1243,4.12088
2015-07-29T07:11:00.000000Z,4.12434,4.1208
2015-07-29T07:11:10.000000Z,4.1244,4.1208
2015-07-29T07:11:20.000000Z,4.1244,4.12086
2015-07-29T07:11:30.000000Z,4.1244,4.12086
2015-07-29T07:11:40.000000Z,4.12434,4.1208
2015-07-29T07:11:50.000000Z,4.1243,4.12088
2015-07-29T07:12:00.000000Z,4.12406,4.1208
2015-07-29T07:12:10.000000Z,4.12409,4.1208
2015-07-29T07:12:20.000000Z,4.12409,4.1208
2015-07-29T07:12:30.000000Z,4.12398,4.1209
2015-07-29T07:12:40.000000Z,4.124,4.1209
2015-07-29T07:12:50.000000Z,4.12404,4.1209
2015-07-29T07:13:00.000000Z,4.12404,4.1209
2015-07-29T07:13:10.000000Z,4.12395,4.12098
2015-07-29T07:13:20.000000Z,4.12399,4.1209
2015-07-29T07:13:30.000000Z,4.12395,4.12094
2015-07-29T07:13:40.000000Z,4.12395,4.12087
2015-07-29T07:13:50.000000Z,4.12395,4.12089
2015-07-29T07:14:00.000000Z,4.12395,4.12096
2015-07-29T07:14:10.000000Z,4.1244,4.1208
2015-07-29T07:14:20.000000Z,4.1243,4.12094
2015-07-29T07:14:30.000000Z,4.12432,4.12098
2015-07-29T07:14:40.000000Z,4.12432,4.12121
2015-07-29T07:14:50.000000Z,4.12432,4.12113
2015-07-29T07:15:00.000000Z,4.12432,4.12122
2015-07-29T07:15:10.000000Z,4.12432,4.12139
2015-07-29T07:15:20.000000Z,4.1244,4.12139
2015-07-29T07:15:30.000000Z,4.1244,4.12144
2015-07-29T07:15:40.000000Z,4.12433,4.1215
2015-07-29T07:15:50.000000Z,4.12455,4.12153
2015-07-29T07:16:00.000000Z,4.1254,4.12188
2015-07-29T07:16:10.000000Z,4.1253,4.12194
2015-07-29T07:16:20.000000Z,4.1253,4.12195
2015-07-29T07:16:30.000000Z,4.12583,4.1224
2015-07-29T07:16:40.000000Z,4.1258,4.1224
2015-07-29T07:16:50.000000Z,4.12588,4.1225
2015-07-29T07:17:00.000000Z,4.12585,4.1224
2015-07-29T07:17:10.000000Z,4.12577,4.1224
2015-07-29T07:17:20.000000Z,4.1258,4.12224
2015-07-29T07:17:30.000000Z,4.1255,4.12213
2015-07-29T07:17:40.000000Z,4.1258,4.12225
2015-07-29T07:17:50.000000Z,4.12563,4.12214
2015-07-29T07:18:00.000000Z,4.1258,4.12224
2015-07-29T07:18:10.000000Z,4.12589,4.12238
2015-07-29T07:18:20.000000Z,4.12555,4.12221
2015-07-29T07:18:30.000000Z,4.1258,4.1223
2015-07-29T07:18:40.000000Z,4.1257,4.12297
2015-07-29T07:18:50.000000Z,4.12576,4.123
2015-07-29T07:19:00.000000Z,4.12576,4.123
2015-07-29T07:19:10.000000Z,4.12593,4.1232
2015-07-29T07:19:20.000000Z,4.12595,4.1232
2015-07-29T07:19:30.000000Z,4.12608,4.1234
2015-07-29T07:19:40.000000Z,4.12606,4.12343
2015-07-29T07:19:50.000000Z,4.12602,4.1232
2015-07-29T07:20:00.000000Z,4.12605,4.1232
2015-07-29T07:20:10.000000Z,4.12608,4.12323
2015-07-29T07:20:20.000000Z,4.12611,4.12323
2015-07-29T07:20:30.000000Z,4.12736,4.12385
2015-07-29T07:20:40.000000Z,4.1272,4.12378
2015-07-29T07:20:50.000000Z,4.12729,4.12375
2015-07-29T07:21:00.000000Z,4.12715,4.12389
2015-07-29T07:21:10.000000Z,4.12705,4.12397
2015-07-29T07:21:20.000000Z,4.12761,4.12392
2015-07-29T07:21:30.000000Z,4.12792,4.1245
2015-07-29T07:21:40.000000Z,4.12799,4.1246
2015-07-29T07:21:50.000000Z,4.12791,4.1247
2015-07-29T07:22:00.000000Z,4.12801,4.1248
2015-07-29T07:22:10.000000Z,4.12803,4.1247
2015-07-29T07:22:20.000000Z,4.12797,4.1248
2015-07-29T07:22:30.000000Z,4.12805,4.1247
2015-07-29T07:22:40.000000Z,4.12791,4.1248
2015-07-29T07:22:50.000000Z,4.12801,4.1247
2015-07-29T07:23:00.000000Z,4.12786,4.1247
2015-07-29T07:23:10.000000Z,4.1278,4.1247
2015-07-29T07:23:20.000000Z,4.12787,4.1246
2015-07-29T07:23:30.000000Z,4.12798,4.1247
2015-07-29T07:23:40.000000Z,4.1302,4.1251
2015-07-29T07:23:50.000000Z,4.13038,4.12533
2015-07-29T07:24:00.000000Z,4.12957,4.1257
2015-07-29T07:24:10.000000Z,4.12951,4.1258
2015-07-29T07:24:20.000000Z,4.12975,4.12572
2015-07-29T07:24:30.000000Z,4.12975,4.1257
2015-07-29T07:24:40.000000Z,4.12975,4.12568
2015-07-29T07:24:50.000000Z,4.1292,4.12578
2015-07-29T07:25:00.000000Z,4.12895,4.12562
2015-07-29T07:25:10.000000Z,4.1289,4.12538
2015-07-29T07:25:20.000000Z,4.1286,4.12543
2015-07-29T07:25:30.000000Z,4.1286,4.12531
2015-07-29T07:25:40.000000Z,4.1285,4.12538
2015-07-29T07:25:50.000000Z,4.1284,4.1252
2015-07-29T07:26:00.000000Z,4.1284,4.12518
2015-07-29T07:26:10.000000Z,4.1284,4.12518
2015-07-29T07:26:20.000000Z,4.12832,4.12527
2015-07-29T07:26:30.000000Z,4.12862,4.12538
2015-07-29T07:26:40.000000Z,4.12864,4.12547
2015-07-29T07:26:50.000000Z,4.12829,4.12645
2015-07-29T07:27:00.000000Z,4.12829,4.12649
2015-07-29T07:27:10.000000Z,4.12829,4.12651
2015-07-29T07:27:20.000000Z,4.12854,4.12548
2015-07-29T07:27:30.000000Z,4.12847,4.12547
2015-07-29T07:27:40.000000Z,4.12853,4.12576
2015-07-29T07:27:50.000000Z,4.12852,4.1257
2015-07-29T07:28:00.000000Z,4.12829,4.1264
2015-07-29T07:28:10.000000Z,4.12829,4.12642
2015-07-29T07:28:20.000000Z,4.12829,4.1264
2015-07-29T07:28:30.000000Z,4.12861,4.12578
2015-07-29T07:28:40.000000Z,4.12861,4.12578
2015-07-29T07:28:50.000000Z,4.12857,4.12578
2015-07-29T07:29:10.000000Z,4.1286,4.12577
2015-07-29T07:29:20.000000Z,4.12862,4.12577
2015-07-29T07:29:30.000000Z,4.12857,4.12578
2015-07-29T07:29:40.000000Z,4.12857,4.12578
2015-07-29T07:29:50.000000Z,4.12853,4.12577
2015-07-29T07:30:00.000000Z,4.1284,4.12577
2015-07-29T07:30:10.000000Z,4.12843,4.12577
2015-07-29T07:30:20.000000Z,4.12842,4.12584
2015-07-29T07:30:30.000000Z,4.12834,4.12577
2015-07-29T07:30:40.000000Z,4.12843,4.12573
2015-07-29T07:30:50.000000Z,4.12843,4.12575
2015-07-29T07:31:00.000000Z,4.12843,4.12575
2015-07-29T07:31:10.000000Z,4.12838,4.12577
2015-07-29T07:31:20.000000Z,4.12836,4.12577
2015-07-29T07:31:30.000000Z,4.12843,4.12575
2015-07-29T07:31:40.000000Z,4.12843,4.12575
2015-07-29T07:32:00.000000Z,4.12852,4.1257
2015-07-29T07:32:10.000000Z,4.12853,4.12572
2015-07-29T07:32:20.000000Z,4.12962,4.12671
2015-07-29T07:32:30.000000Z,4.1293,4.12596
2015-07-29T07:32:40.000000Z,4.12962,4.12714
2015-07-29T07:32:50.000000Z,4.12974,4.12689
2015-07-29T07:33:00.000000Z,4.12982,4.12698
2015-07-29T07:33:10.000000Z,4.12989,4.12692
2015-07-29T07:33:20.000000Z,4.12975,4.12707
2015-07-29T07:33:30.000000Z,4.12973,4.12717
2015-07-29T07:33:40.000000Z,4.12936,4.12721
2015-07-29T07:33:50.000000Z,4.12938,4.12697
2015-07-29T07:34:00.000000Z,4.12936,4.12688
2015-07-29T07:34:10.000000Z,4.12962,4.12696
2015-07-29T07:34:20.000000Z,4.12982,4.12706
2015-07-29T07:34:30.000000Z,4.12981,4.12707
2015-07-29T07:34:40.000000Z,4.12991,4.12727
2015-07-29T07:34:50.000000Z,4.12991,4.12727
2015-07-29T07:35:00.000000Z,4.12988,4.12738
2015-07-29T07:35:10.000000Z,4.12987,4.12728
2015-07-29T07:35:20.000000Z,4.12996,4.12728
2015-07-29T07:35:30.000000Z,4.12996,4.12727
2015-07-29T07:35:40.000000Z,4.12993,4.12728
2015-07-29T07:35:50.000000Z,4.13183,4.12766
2015-07-29T07:36:00.000000Z,4.13173,4.12779
2015-07-29T07:36:10.000000Z,4.13148,4.12798
2015-07-29T07:36:20.000000Z,4.13167,4.12781
2015-07-29T07:36:30.000000Z,4.13173,4.1286
2015-07-29T07:36:40.000000Z,4.13277,4.12948
2015-07-29T07:36:50.000000Z,4.1329,4.12967
2015-07-29T07:37:00.000000Z,4.13273,4.12998
2015-07-29T07:37:10.000000Z,4.13252,4.12974
2015-07-29T07:37:20.000000Z,4.13253,4.12967
2015-07-29T07:37:30.000000Z,4.13252,4.12931
2015-07-29T07:37:40.000000Z,4.13232,4.12925
2015-07-29T07:37:50.000000Z,4.13227,4.12937
2015-07-29T07:38:00.000000Z,4.13233,4.12934
2015-07-29T07:38:10.000000Z,4.13227,4.12937
2015-07-29T07:38:20.000000Z,4.13233,4.12932
2015-07-29T07:38:40.000000Z,4.13223,4.12915
2015-07-29T07:38:50.000000Z,4.13213,4.12914
2015-07-29T07:39:00.000000Z,4.13228,4.12927
2015-07-29T07:39:10.000000Z,4.13227,4.12932
2015-07-29T07:39:20.000000Z,4.13228,4.12927
2015-07-29T07:39:40.000000Z,4.13228,4.12927
2015-07-29T07:40:00.000000Z,4.13228,4.12925
2015-07-29T07:40:10.000000Z,4.13223,4.12927
2015-07-29T07:40:20.000000Z,4.13228,4.12929
2015-07-29T07:40:30.000000Z,4.13228,4.12923
2015-07-29T07:40:40.000000Z,4.13222,4.12957
2015-07-29T07:40:50.000000Z,4.13222,4.12959
2015-07-29T07:41:00.000000Z,4.13233,4.12963
2015-07-29T07:41:10.000000Z,4.13234,4.12961
2015-07-29T07:41:20.000000Z,4.13234,4.12963
2015-07-29T07:41:40.000000Z,4.13234,4.12969
2015-07-29T07:41:50.000000Z,4.13234,4.12973
2015-07-29T07:42:10.000000Z,4.13223,4.13024
2015-07-29T07:42:20.000000Z,4.13245,4.13024
2015-07-29T07:42:30.000000Z,4.1328,4.13011
2015-07-29T07:42:40.000000Z,4.13303,4.13029
2015-07-29T07:42:50.000000Z,4.13303,4.13029
2015-07-29T07:43:00.000000Z,4.13296,4.13067
2015-07-29T07:43:10.000000Z,4.13314,4.13027
2015-07-29T07:43:20.000000Z,4.13333,4.13071
2015-07-29T07:43:30.000000Z,4.13326,4.13097
2015-07-29T07:43:40.000000Z,4.13318,4.13097
2015-07-29T07:43:50.000000Z,4.13321,4.13111
2015-07-29T07:44:00.000000Z,4.13321,4.13111
2015-07-29T07:44:10.000000Z,4.13321,4.13111
2015-07-29T07:44:20.000000Z,4.13322,4.13101
2015-07-29T07:44:30.000000Z,4.13313,4.13111
2015-07-29T07:44:40.000000Z,4.13326,4.13101
2015-07-29T07:44:50.000000Z,4.13334,4.13071
2015-07-29T07:45:00.000000Z,4.13325,4.13071
2015-07-29T07:45:20.000000Z,4.13322,4.13072
2015-07-29T07:45:30.000000Z,4.13331,4.13067
2015-07-29T07:45:40.000000Z,4.13331,4.13072
2015-07-29T07:46:00.000000Z,4.13331,4.13074
2015-07-29T07:46:10.000000Z,4.13331,4.13077
2015-07-29T07:46:20.000000Z,4.13331,4.13077
2015-07-29T07:46:30.000000Z,4.13331,4.13081
2015-07-29T07:46:40.000000Z,4.1334,4.13071
2015-07-29T07:46:50.000000Z,4.13341,4.13068
2015-07-29T07:47:00.000000Z,4.13338,4.13068
2015-07-29T07:47:10.000000Z,4.13339,4.13067
2015-07-29T07:47:30.000000Z,4.13336,4.13067
2015-07-29T07:47:40.000000Z,4.13319,4.13094
2015-07-29T07:47:50.000000Z,4.13321,4.13094
2015-07-29T07:48:00.000000Z,4.13317,4.13094
2015-07-29T07:48:10.000000Z,4.13321,4.13094
2015-07-29T07:48:20.000000Z,4.13325,4.13094
2015-07-29T07:48:30.000000Z,4.13326,4.13097
2015-07-29T07:48:40.000000Z,4.13324,4.13107
2015-07-29T07:48:50.000000Z,4.13335,4.13097
2015-07-29T07:49:00.000000Z,4.13336,4.13108
2015-07-29T07:49:10.000000Z,4.13329,4.13107
2015-07-29T07:49:20.000000Z,4.13413,4.13127
2015-07-29T07:49:30.000000Z,4.13426,4.13118
2015-07-29T07:49:40.000000Z,4.13407,4.13119
2015-07-29T07:49:50.000000Z,4.13473,4.13182
2015-07-29T07:50:00.000000Z,4.13495,4.13217
2015-07-29T07:50:10.000000Z,4.13487,4.13257
2015-07-29T07:50:20.000000Z,4.13805,4.13248
2015-07-29T07:50:30.000000Z,4.13773,4.13366
2015-07-29T07:50:40.000000Z,4.13638,4.13343
2015-07-29T07:50:50.000000Z,4.13617,4.13337
2015-07-29T07:51:00.000000Z,4.13573,4.13278
2015-07-29T07:51:10.000000Z,4.13578,4.13276
2015-07-29T07:51:20.000000Z,4.13603,4.13253
2015-07-29T07:51:30.000000Z,4.13596,4.13258
2015-07-29T07:51:40.000000Z,4.13596,4.13262
2015-07-29T07:51:50.000000Z,4.13593,4.13297
2015-07-29T07:52:00.000000Z,4.13587,4.13307
2015-07-29T07:52:10.000000Z,4.13586,4.13305
2015-07-29T07:52:40.000000Z,4.13581,4.13262
2015-07-29T07:52:50.000000Z,4.13581,4.13262
2015-07-29T07:53:00.000000Z,4.13563,4.13271
2015-07-29T07:53:10.000000Z,4.13554,4.13278
2015-07-29T07:53:20.000000Z,4.13506,4.13289
2015-07-29T07:53:30.000000Z,4.13506,4.13292
2015-07-29T07:53:40.000000Z,4.13506,4.13289
2015-07-29T07:54:00.000000Z,4.13517,4.13188
2015-07-29T07:54:10.000000Z,4.13517,4.13192
2015-07-29T07:54:20.000000Z,4.13365,4.13108
2015-07-29T07:54:30.000000Z,4.13503,4.1318
2015-07-29T07:54:40.000000Z,4.13527,4.13238
2015-07-29T07:54:50.000000Z,4.13519,4.13247
2015-07-29T07:55:00.000000Z,4.13525,4.13247
2015-07-29T07:55:10.000000Z,4.13519,4.13248
2015-07-29T07:55:20.000000Z,4.1351,4.13233
2015-07-29T07:55:30.000000Z,4.13488,4.13248
2015-07-29T07:55:40.000000Z,4.13385,4.13187
2015-07-29T07:55:50.000000Z,4.13412,4.13107
2015-07-29T07:56:00.000000Z,4.13402,4.13107
2015-07-29T07:56:10.000000Z,4.13403,4.13113
2015-07-29T07:56:20.000000Z,4.13413,4.13105
2015-07-29T07:56:30.000000Z,4.13402,4.13111
2015-07-29T07:56:40.000000Z,4.13412,4.13102
2015-07-29T07:56:50.000000Z,4.13402,4.13107
2015-07-29T07:57:00.000000Z,4.13442,4.13135
2015-07-29T07:57:10.000000Z,4.13432,4.13133
2015-07-29T07:57:20.000000Z,4.13413,4.13118
2015-07-29T07:57:30.000000Z,4.13422,4.1312
2015-07-29T07:57:40.000000Z,4.13423,4.13123
2015-07-29T07:57:50.000000Z,4.13423,4.13122
2015-07-29T07:58:00.000000Z,4.13422,4.13121
2015-07-29T07:58:10.000000Z,4.13413,4.13123
2015-07-29T07:58:20.000000Z,4.13313,4.13036
2015-07-29T07:58:30.000000Z,4.13309,4.12997
2015-07-29T07:58:40.000000Z,4.13312,4.13013
2015-07-29T07:58:50.000000Z,4.13308,4.13047
2015-07-29T07:59:00.000000Z,4.13319,4.13061
2015-07-29T07:59:10.000000Z,4.13325,4.13057
2015-07-29T07:59:20.000000Z,4.13325,4.13037
2015-07-29T07:59:30.000000Z,4.13323,4.13047
2015-07-29T07:59:40.000000Z,4.13333,4.13071
2015-07-29T07:59:50.000000Z,4.13284,4.13061
2015-07-29T08:00:00.000000Z,4.13321,4.13061
2015-07-29T08:00:10.000000Z,4.13336,4.13097
2015-07-29T08:00:20.000000Z,4.13336,4.13097
2015-07-29T08:00:30.000000Z,4.1334,4.13097
2015-07-29T08:00:40.000000Z,4.13343,4.13098
2015-07-29T08:00:50.000000Z,4.13345,4.13106
2015-07-29T08:01:00.000000Z,4.13334,4.13121
2015-07-29T08:01:10.000000Z,4.1334,4.13094
2015-07-29T08:01:20.000000Z,4.13341,4.13111
2015-07-29T08:01:30.000000Z,4.13379,4.13105
2015-07-29T08:01:40.000000Z,4.13383,4.13117
2015-07-29T08:01:50.000000Z,4.13385,4.13117
2015-07-29T08:02:00.000000Z,4.13385,4.13118
2015-07-29T08:02:10.000000Z,4.13383,4.13117
2015-07-29T08:02:20.000000Z,4.13389,4.13118
2015-07-29T08:02:30.000000Z,4.13379,4.13125
2015-07-29T08:02:40.000000Z,4.13382,4.13127
2015-07-29T08:02:50.000000Z,4.1337,4.13144
2015-07-29T08:03:00.000000Z,4.13369,4.13171
2015-07-29T08:03:10.000000Z,4.13391,4.13174
2015-07-29T08:03:20.000000Z,4.13468,4.13147
2015-07-29T08:03:30.000000Z,4.13454,4.13125
2015-07-29T08:03:40.000000Z,4.13453,4.13123
2015-07-29T08:03:50.000000Z,4.13512,4.13178
2015-07-29T08:04:00.000000Z,4.1353,4.13187
2015-07-29T08:04:10.000000Z,4.13529,4.13189
2015-07-29T08:04:20.000000Z,4.13518,4.13188
2015-07-29T08:04:30.000000Z,4.13527,4.13187
2015-07-29T08:04:40.000000Z,4.13537,4.13142
2015-07-29T08:05:00.000000Z,4.13473,4.13156
2015-07-29T08:05:10.000000Z,4.13507,4.13177
2015-07-29T08:05:20.000000Z,4.13512,4.1318
2015-07-29T08:05:30.000000Z,4.13512,4.1318
2015-07-29T08:05:40.000000Z,4.13553,4.13237
2015-07-29T08:05:50.000000Z,4.13523,4.13196
2015-07-29T08:06:00.000000Z,4.13533,4.13193
2015-07-29T08:06:10.000000Z,4.13542,4.13189
2015-07-29T08:06:20.000000Z,4.13542,4.13192
2015-07-29T08:06:30.000000Z,4.13533,4.13201
2015-07-29T08:06:40.000000Z,4.13542,4.13187
2015-07-29T08:06:50.000000Z,4.13542,4.13195
2015-07-29T08:07:10.000000Z,4.13546,4.13196
2015-07-29T08:07:20.000000Z,4.13553,4.13203
2015-07-29T08:07:30.000000Z,4.13563,4.13198
2015-07-29T08:07:40.000000Z,4.13541,4.13192
2015-07-29T08:07:50.000000Z,4.13562,4.13192
2015-07-29T08:08:00.000000Z,4.13562,4.13194
2015-07-29T08:08:10.000000Z,4.13552,4.13214
2015-07-29T08:08:20.000000Z,4.13557,4.13207
2015-07-29T08:08:30.000000Z,4.13562,4.13203
2015-07-29T08:08:40.000000Z,4.13552,4.13222
2015-07-29T08:08:50.000000Z,4.1355,4.13217
2015-07-29T08:09:00.000000Z,4.13552,4.13202
2015-07-29T08:09:10.000000Z,4.13568,4.13216
2015-07-29T08:09:20.000000Z,4.13553,4.1322
2015-07-29T08:09:30.000000Z,4.13563,4.13214
2015-07-29T08:09:40.000000Z,4.13572,4.1321
2015-07-29T08:09:50.000000Z,4.13556,4.13227
2015-07-29T08:10:00.000000Z,4.13541,4.13213
2015-07-29T08:10:10.000000Z,4.13555,4.13211
2015-07-29T08:10:20.000000Z,4.13555,4.13232
2015-07-29T08:10:30.000000Z,4.13536,4.13227
2015-07-29T08:10:40.000000Z,4.13553,4.13229
2015-07-29T08:10:50.000000Z,4.13535,4.13244
2015-07-29T08:11:00.000000Z,4.13535,4.13233
2015-07-29T08:11:10.000000Z,4.13534,4.13227
2015-07-29T08:11:20.000000Z,4.13542,4.13245
2015-07-29T08:11:30.000000Z,4.13543,4.13248
2015-07-29T08:11:40.000000Z,4.13543,4.13227
2015-07-29T08:11:50.000000Z,4.13537,4.13247
2015-07-29T08:12:00.000000Z,4.13539,4.13248
2015-07-29T08:12:10.000000Z,4.13535,4.13237
2015-07-29T08:12:20.000000Z,4.13534,4.1324
2015-07-29T08:12:30.000000Z,4.13545,4.13248
2015-07-29T08:12:40.000000Z,4.13553,4.13237
2015-07-29T08:12:50.000000Z,4.13553,4.13249
2015-07-29T08:13:00.000000Z,4.13555,4.13247
2015-07-29T08:13:10.000000Z,4.13553,4.13243
2015-07-29T08:13:20.000000Z,4.13554,4.13243
2015-07-29T08:13:30.000000Z,4.13541,4.13258
2015-07-29T08:13:40.000000Z,4.13567,4.13245
2015-07-29T08:13:50.000000Z,4.13557,4.13225
2015-07-29T08:14:00.000000Z,4.13556,4.13235
2015-07-29T08:14:10.000000Z,4.13557,4.13235
2015-07-29T08:14:20.000000Z,4.13552,4.13222
2015-07-29T08:14:30.000000Z,4.13556,4.13227
2015-07-29T08:14:40.000000Z,4.13557,4.13235
2015-07-29T08:14:50.000000Z,4.13552,4.1322
2015-07-29T08:15:00.000000Z,4.13552,4.13217
2015-07-29T08:15:20.000000Z,4.13552,4.13213
2015-07-29T08:15:40.000000Z,4.13543,4.13211
2015-07-29T08:15:50.000000Z,4.13523,4.13212
2015-07-29T08:16:00.000000Z,4.13535,4.13208
2015-07-29T08:16:10.000000Z,4.13512,4.13217
2015-07-29T08:16:20.000000Z,4.13424,4.13127
2015-07-29T08:16:30.000000Z,4.13465,4.13165
2015-07-29T08:16:40.000000Z,4.1345,4.13148
2015-07-29T08:16:50.000000Z,4.13441,4.13157
2015-07-29T08:17:00.000000Z,4.13453,4.13148
2015-07-29T08:17:10.000000Z,4.1344,4.13157
2015-07-29T08:17:20.000000Z,4.1343,4.13144
2015-07-29T08:17:30.000000Z,4.1343,4.13147
2015-07-29T08:17:40.000000Z,4.13422,4.13148
2015-07-29T08:17:50.000000Z,4.13428,4.13147
2015-07-29T08:18:00.000000Z,4.13422,4.13148
2015-07-29T08:18:10.000000Z,4.13439,4.13157
2015-07-29T08:18:20.000000Z,4.13441,4.13158
2015-07-29T08:18:30.000000Z,4.13444,4.13157
2015-07-29T08:18:40.000000Z,4.13453,4.13176
2015-07-29T08:18:50.000000Z,4.13453,4.13175
2015-07-29T08:19:00.000000Z,4.13453,4.13175
2015-07-29T08:19:10.000000Z,4.13452,4.13174
2015-07-29T08:19:20.000000Z,4.13453,4.13153
2015-07-29T08:19:30.000000Z,4.13452,4.13173
2015-07-29T08:19:40.000000Z,4.13461,4.13171
2015-07-29T08:19:50.000000Z,4.1346,4.1317
2015-07-29T08:20:00.000000Z,4.13461,4.13157
2015-07-29T08:20:10.000000Z,4.1346,4.13158
2015-07-29T08:20:20.000000Z,4.13461,4.13157
2015-07-29T08:20:30.000000Z,4.13461,4.13159
2015-07-29T08:20:40.000000Z,4.13461,4.1316
2015-07-29T08:20:50.000000Z,4.13442,4.1315
2015-07-29T08:21:00.000000Z,4.13442,4.13153
2015-07-29T08:21:10.000000Z,4.13446,4.13147
2015-07-29T08:21:20.000000Z,4.13464,4.13146
2015-07-29T08:21:30.000000Z,4.13464,4.13142
2015-07-29T08:21:40.000000Z,4.13464,4.13142
2015-07-29T08:21:50.000000Z,4.13464,4.13142
2015-07-29T08:22:00.000000Z,4.13464,4.13142
2015-07-29T08:22:30.000000Z,4.13465,4.13138
2015-07-29T08:22:40.000000Z,4.13462,4.13137
2015-07-29T08:23:00.000000Z,4.13464,4.13145
2015-07-29T08:23:10.000000Z,4.13463,4.13149
2015-07-29T08:23:20.000000Z,4.13463,4.13149
2015-07-29T08:23:30.000000Z,4.13463,4.13147
2015-07-29T08:23:40.000000Z,4.13463,4.13149
2015-07-29T08:23:50.000000Z,4.13453,4.13158
2015-07-29T08:24:00.000000Z,4.13462,4.13152
2015-07-29T08:24:10.000000Z,4.13463,4.13146
2015-07-29T08:24:20.000000Z,4.13453,4.1314
2015-07-29T08:24:30.000000Z,4.13453,4.1314
2015-07-29T08:24:40.000000Z,4.13453,4.13138
2015-07-29T08:24:50.000000Z,4.13453,4.13134
2015-07-29T08:25:00.000000Z,4.13445,4.13135
2015-07-29T08:25:10.000000Z,4.13445,4.13135
2015-07-29T08:25:20.000000Z,4.13445,4.13137
2015-07-29T08:25:30.000000Z,4.13445,4.13139
2015-07-29T08:25:40.000000Z,4.13445,4.13141
2015-07-29T08:25:50.000000Z,4.1345,4.13158
2015-07-29T08:26:00.000000Z,4.13445,4.13169
2015-07-29T08:26:10.000000Z,4.13446,4.13175
2015-07-29T08:26:20.000000Z,4.13449,4.13167
2015-07-29T08:26:30.000000Z,4.13445,4.13183
2015-07-29T08:26:40.000000Z,4.13461,4.13188
2015-07-29T08:26:50.000000Z,4.13463,4.13198
2015-07-29T08:27:00.000000Z,4.13467,4.13217
2015-07-29T08:27:10.000000Z,4.13466,4.1325
2015-07-29T08:27:20.000000Z,4.13471,4.13264
2015-07-29T08:27:30.000000Z,4.13458,4.13272
2015-07-29T08:27:40.000000Z,4.13457,4.13268
2015-07-29T08:27:50.000000Z,4.13457,4.13272
2015-07-29T08:28:00.000000Z,4.13458,4.13276
2015-07-29T08:28:10.000000Z,4.13457,4.13274
2015-07-29T08:28:20.000000Z,4.13458,4.13272
2015-07-29T08:28:30.000000Z,4.13457,4.13266
2015-07-29T08:28:40.000000Z,4.13466,4.13266
2015-07-29T08:28:50.000000Z,4.13466,4.13272
2015-07-29T08:29:00.000000Z,4.13469,4.13289
2015-07-29T08:29:10.000000Z,4.13469,4.13288
2015-07-29T08:29:20.000000Z,4.13478,4.13289
2015-07-29T08:29:30.000000Z,4.13486,4.13283
2015-07-29T08:29:40.000000Z,4.13476,4.13254
2015-07-29T08:29:50.000000Z,4.13487,4.13264
2015-07-29T08:30:00.000000Z,4.13479,4.13271
2015-07-29T08:30:10.000000Z,4.13482,4.13281
2015-07-29T08:30:20.000000Z,4.1349,4.13291
2015-07-29T08:30:30.000000Z,4.13505,4.13294
2015-07-29T08:30:40.000000Z,4.13502,4.13301
2015-07-29T08:30:50.000000Z,4.13493,4.13311
2015-07-29T08:31:00.000000Z,4.13498,4.13311
2015-07-29T08:31:10.000000Z,4.13493,4.13321
2015-07-29T08:31:20.000000Z,4.1349,4.13281
2015-07-29T08:31:30.000000Z,4.13491,4.13271
2015-07-29T08:31:40.000000Z,4.13486,4.13275
2015-07-29T08:31:50.000000Z,4.13487,4.13271
2015-07-29T08:32:00.000000Z,4.13512,4.13258
2015-07-29T08:32:10.000000Z,4.13513,4.13263
2015-07-29T08:32:20.000000Z,4.13513,4.13263
2015-07-29T08:32:30.000000Z,4.13504,4.13311
2015-07-29T08:32:40.000000Z,4.13506,4.13311
2015-07-29T08:33:00.000000Z,4.13504,4.13311
2015-07-29T08:33:20.000000Z,4.13509,4.13311
2015-07-29T08:33:30.000000Z,4.13518,4.13321
2015-07-29T08:33:40.000000Z,4.1352,4.13281
2015-07-29T08:33:50.000000Z,4.1352,4.13281
2015-07-29T08:34:00.000000Z,4.13519,4.13281
2015-07-29T08:34:10.000000Z,4.1351,4.13291
2015-07-29T08:34:30.000000Z,4.13511,4.13291
2015-07-29T08:34:40.000000Z,4.13514,4.13291
2015-07-29T08:34:50.000000Z,4.13519,4.13291
2015-07-29T08:35:00.000000Z,4.13519,4.13291
2015-07-29T08:35:10.000000Z,4.13525,4.13291
2015-07-29T08:35:20.000000Z,4.13563,4.1332
2015-07-29T08:35:30.000000Z,4.13582,4.13361
2015-07-29T08:35:40.000000Z,4.13582,4.13361
2015-07-29T08:35:50.000000Z,4.1358,4.13361
2015-07-29T08:36:00.000000Z,4.13591,4.13351
2015-07-29T08:36:10.000000Z,4.13587,4.13351
2015-07-29T08:36:20.000000Z,4.13578,4.13351
2015-07-29T08:36:30.000000Z,4.13586,4.13344
2015-07-29T08:36:40.000000Z,4.13586,4.13344
2015-07-29T08:37:10.000000Z,4.13582,4.13344
2015-07-29T08:37:20.000000Z,4.13588,4.13344
2015-07-29T08:37:30.000000Z,4.13568,4.13308
2015-07-29T08:37:40.000000Z,4.13568,4.13308
2015-07-29T08:38:00.000000Z,4.13571,4.13307
2015-07-29T08:38:10.000000Z,4.13573,4.13308
2015-07-29T08:38:20.000000Z,4.13571,4.13307
2015-07-29T08:38:30.000000Z,4.13569,4.13308
2015-07-29T08:38:40.000000Z,4.13569,4.13308
2015-07-29T08:38:50.000000Z,4.13555,4.13307
2015-07-29T08:39:00.000000Z,4.13561,4.13298
2015-07-29T08:39:10.000000Z,4.13558,4.13307
2015-07-29T08:39:20.000000Z,4.13564,4.13307
2015-07-29T08:39:30.000000Z,4.13564,4.13307
2015-07-29T08:39:40.000000Z,4.13566,4.13307
2015-07-29T08:39:50.000000Z,4.13569,4.13308
2015-07-29T08:40:00.000000Z,4.13566,4.13307
2015-07-29T08:40:10.000000Z,4.13566,4.13308
2015-07-29T08:40:20.000000Z,4.13566,4.13298
2015-07-29T08:40:30.000000Z,4.13568,4.13297
2015-07-29T08:40:40.000000Z,4.13568,4.13297
2015-07-29T08:40:50.000000Z,4.13571,4.13292
2015-07-29T08:41:00.000000Z,4.13556,4.1334
2015-07-29T08:41:10.000000Z,4.13556,4.1334
2015-07-29T08:41:20.000000Z,4.13556,4.13338
2015-07-29T08:41:30.000000Z,4.13561,4.13344
2015-07-29T08:41:40.000000Z,4.13571,4.13344
2015-07-29T08:41:50.000000Z,4.13567,4.13344
2015-07-29T08:42:00.000000Z,4.13563,4.13344
2015-07-29T08:42:10.000000Z,4.13558,4.13344
2015-07-29T08:42:20.000000Z,4.13569,4.13344
2015-07-29T08:42:30.000000Z,4.13573,4.1335
2015-07-29T08:42:40.000000Z,4.13579,4.13344
2015-07-29T08:42:50.000000Z,4.13582,4.13344
2015-07-29T08:43:00.000000Z,4.13639,4.1343
2015-07-29T08:43:10.000000Z,4.13635,4.13454
2015-07-29T08:43:20.000000Z,4.1369,4.13444
2015-07-29T08:43:30.000000Z,4.13686,4.13451
2015-07-29T08:43:40.000000Z,4.13694,4.13451
2015-07-29T08:44:00.000000Z,4.13698,4.13451
2015-07-29T08:44:10.000000Z,4.13691,4.13461
2015-07-29T08:44:20.000000Z,4.13791,4.13557
2015-07-29T08:44:30.000000Z,4.13794,4.13551
2015-07-29T08:44:40.000000Z,4.13808,4.13561
2015-07-29T08:44:50.000000Z,4.13814,4.13561
2015-07-29T08:45:00.000000Z,4.13819,4.13561
2015-07-29T08:45:10.000000Z,4.14033,4.13596
2015-07-29T08:45:20.000000Z,4.14044,4.13637
2015-07-29T08:45:30.000000Z,4.14038,4.13707
2015-07-29T08:45:40.000000Z,4.14043,4.13708
2015-07-29T08:45:50.000000Z,4.14069,4.13717
2015-07-29T08:46:00.000000Z,4.14071,4.13786
2015-07-29T08:46:10.000000Z,4.14075,4.13818
2015-07-29T08:46:20.000000Z,4.14178,4.13893
2015-07-29T08:46:30.000000Z,4.14242,4.14032
2015-07-29T08:46:40.000000Z,4.14263,4.1398
2015-07-29T08:46:50.000000Z,4.14284,4.13957
2015-07-29T08:47:00.000000Z,4.1425,4.13962
2015-07-29T08:47:10.000000Z,4.14213,4.13927
2015-07-29T08:47:20.000000Z,4.14213,4.13927
2015-07-29T08:47:30.000000Z,4.14163,4.13944
2015-07-29T08:47:40.000000Z,4.1417,4.13951
2015-07-29T08:47:50.000000Z,4.14162,4.13941
2015-07-29T08:48:00.000000Z,4.14245,4.13957
2015-07-29T08:48:10.000000Z,4.14231,4.13948
2015-07-29T08:48:20.000000Z,4.14226,4.13948
2015-07-29T08:48:30.000000Z,4.14149,4.13932
2015-07-29T08:48:40.000000Z,4.14135,4.13934
2015-07-29T08:48:50.000000Z,4.1412,4.13934
2015-07-29T08:49:00.000000Z,4.14125,4.13934
2015-07-29T08:49:10.000000Z,4.14125,4.13934
2015-07-29T08:49:20.000000Z,4.14125,4.13934
2015-07-29T08:49:30.000000Z,4.14122,4.13847
2015-07-29T08:49:40.000000Z,4.14106,4.13889
2015-07-29T08:49:50.000000Z,4.14106,4.13889
2015-07-29T08:50:00.000000Z,4.14206,4.13981
2015-07-29T08:50:10.000000Z,4.14206,4.13986
2015-07-29T08:50:20.000000Z,4.14223,4.13937
2015-07-29T08:50:40.000000Z,4.14223,4.13935
2015-07-29T08:50:50.000000Z,4.14223,4.13947
2015-07-29T08:51:00.000000Z,4.14223,4.13947
2015-07-29T08:51:20.000000Z,4.14223,4.13947
2015-07-29T08:51:30.000000Z,4.14239,4.13994
2015-07-29T08:51:40.000000Z,4.14231,4.13994
2015-07-29T08:51:50.000000Z,4.14218,4.13994
2015-07-29T08:52:00.000000Z,4.14215,4.13994
2015-07-29T08:52:10.000000Z,4.14215,4.13994
2015-07-29T08:52:20.000000Z,4.14207,4.13994
2015-07-29T08:52:30.000000Z,4.14222,4.13998
2015-07-29T08:52:40.000000Z,4.14343,4.14067
2015-07-29T08:52:50.000000Z,4.14346,4.14108
2015-07-29T08:53:00.000000Z,4.14459,4.14178
2015-07-29T08:53:10.000000Z,4.14499,4.14193
2015-07-29T08:53:20.000000Z,4.14498,4.14193
2015-07-29T08:53:30.000000Z,4.14502,4.14211
2015-07-29T08:53:40.000000Z,4.14479,4.14226
2015-07-29T08:53:50.000000Z,4.14485,4.14198
2015-07-29T08:54:00.000000Z,4.14494,4.14205
2015-07-29T08:54:10.000000Z,4.14513,4.14224
2015-07-29T08:54:20.000000Z,4.14502,4.14291
2015-07-29T08:54:30.000000Z,4.14502,4.14291
2015-07-29T08:54:40.000000Z,4.14502,4.14288
2015-07-29T08:54:50.000000Z,4.14499,4.14289
2015-07-29T08:55:00.000000Z,4.14582,4.14348
2015-07-29T08:55:10.000000Z,4.14642,4.14454
2015-07-29T08:55:20.000000Z,4.1465,4.14454
2015-07-29T08:55:30.000000Z,4.14643,4.14454
2015-07-29T08:55:40.000000Z,4.14616,4.14358
2015-07-29T08:55:50.000000Z,4.14541,4.14217
2015-07-29T08:56:00.000000Z,4.14558,4.14257
2015-07-29T08:56:10.000000Z,4.14555,4.14253
2015-07-29T08:56:20.000000Z,4.14482,4.14228
2015-07-29T08:56:30.000000Z,4.14474,4.14228
2015-07-29T08:56:40.000000Z,4.14623,4.14336
2015-07-29T08:56:50.000000Z,4.14527,4.14301
2015-07-29T08:57:00.000000Z,4.14581,4.14344
2015-07-29T08:57:10.000000Z,4.14509,4.14295
2015-07-29T08:57:20.000000Z,4.14462,4.14284
2015-07-29T08:57:30.000000Z,4.14449,4.14247
2015-07-29T08:57:40.000000Z,4.14482,4.14243
2015-07-29T08:57:50.000000Z,4.14462,4.14241
2015-07-29T08:58:00.000000Z,4.14457,4.14247
2015-07-29T08:58:10.000000Z,4.14419,4.14194
2015-07-29T08:58:20.000000Z,4.14496,4.14257
2015-07-29T08:58:30.000000Z,4.14642,4.14358
2015-07-29T08:58:40.000000Z,4.14624,4.14377
2015-07-29T08:58:50.000000Z,4.14639,4.14397
2015-07-29T08:59:00.000000Z,4.14676,4.14447
2015-07-29T08:59:10.000000Z,4.14525,4.14336
2015-07-29T08:59:20.000000Z,4.14495,4.14291
2015-07-29T08:59:30.000000Z,4.14502,4.14289
2015-07-29T08:59:40.000000Z,4.14317,4.14042
2015-07-29T08:59:50.000000Z,4.14356,4.14111
2015-07-29T09:00:00.000000Z,4.14277,4.13959
2015-07-29T09:00:10.000000Z,4.14368,4.14067
2015-07-29T09:00:20.000000Z,4.14352,4.14077
2015-07-29T09:00:30.000000Z,4.14339,4.14101
2015-07-29T09:00:40.000000Z,4.14381,4.14166
2015-07-29T09:00:50.000000Z,4.14373,4.1411
2015-07-29T09:01:00.000000Z,4.14343,4.1407
2015-07-29T09:01:10.000000Z,4.14338,4.14134
2015-07-29T09:01:20.000000Z,4.14306,4.14075
2015-07-29T09:01:30.000000Z,4.14306,4.1407
2015-07-29T09:01:50.000000Z,4.14306,4.14073
2015-07-29T09:02:00.000000Z,4.14307,4.14094
2015-07-29T09:02:10.000000Z,4.14306,4.14094
2015-07-29T09:02:20.000000Z,4.14334,4.14007
2015-07-29T09:02:30.000000Z,4.14317,4.14025
2015-07-29T09:02:40.000000Z,4.14303,4.13987
2015-07-29T09:02:50.000000Z,4.14305,4.13981
2015-07-29T09:03:00.000000Z,4.14307,4.13992
2015-07-29T09:03:10.000000Z,4.14292,4.14001
2015-07-29T09:03:20.000000Z,4.14294,4.13987
2015-07-29T09:03:30.000000Z,4.1421,4.13718
2015-07-29T09:03:40.000000Z,4.14266,4.13744
2015-07-29T09:03:50.000000Z,4.14072,4.13666
2015-07-29T09:04:00.000000Z,4.14247,4.13668
2015-07-29T09:04:10.000000Z,4.14352,4.13798
2015-07-29T09:04:20.000000Z,4.14463,4.13801
2015-07-29T09:04:30.000000Z,4.14462,4.13838
2015-07-29T09:04:40.000000Z,4.14312,4.13863
2015-07-29T09:04:50.000000Z,4.14242,4.13845
2015-07-29T09:05:00.000000Z,4.14253,4.13848
2015-07-29T09:05:10.000000Z,4.14253,4.13842
2015-07-29T09:05:20.000000Z,4.14252,4.13835
2015-07-29T09:05:30.000000Z,4.14232,4.13922
2015-07-29T09:05:40.000000Z,4.14223,4.13922
2015-07-29T09:05:50.000000Z,4.14269,4.13943
2015-07-29T09:06:00.000000Z,4.14275,4.13968
2015-07-29T09:06:10.000000Z,4.14257,4.13937
2015-07-29T09:06:20.000000Z,4.1425,4.13948
2015-07-29T09:06:30.000000Z,4.14203,4.13877
2015-07-29T09:06:40.000000Z,4.14208,4.13886
2015-07-29T09:06:50.000000Z,4.14216,4.13847
2015-07-29T09:07:00.000000Z,4.14223,4.13854
2015-07-29T09:07:10.000000Z,4.14166,4.13848
2015-07-29T09:07:20.000000Z,4.14097,4.13827
2015-07-29T09:07:30.000000Z,4.14119,4.13817
2015-07-29T09:07:40.000000Z,4.14161,4.13818
2015-07-29T09:07:50.000000Z,4.14169,4.13828
2015-07-29T09:08:00.000000Z,4.14163,4.13834
2015-07-29T09:08:10.000000Z,4.14163,4.13834
2015-07-29T09:08:20.000000Z,4.14158,4.13827
2015-07-29T09:08:30.000000Z,4.14167,4.13828
2015-07-29T09:08:40.000000Z,4.14165,4.13828
2015-07-29T09:08:50.000000Z,4.14152,4.13812
2015-07-29T09:09:00.000000Z,4.14128,4.13802
2015-07-29T09:09:10.000000Z,4.1412,4.13794
2015-07-29T09:09:20.000000Z,4.14121,4.13791
2015-07-29T09:09:30.000000Z,4.14099,4.13787
2015-07-29T09:09:40.000000Z,4.14052,4.13775
2015-07-29T09:09:50.000000Z,4.14053,4.13773
2015-07-29T09:10:00.000000Z,4.14146,4.13817
2015-07-29T09:10:10.000000Z,4.14123,4.13817
2015-07-29T09:10:20.000000Z,4.14123,4.13817
2015-07-29T09:10:30.000000Z,4.14123,4.13814
2015-07-29T09:10:40.000000Z,4.14133,4.13808
2015-07-29T09:10:50.000000Z,4.14122,4.13818
2015-07-29T09:11:00.000000Z,4.14122,4.13815
2015-07-29T09:11:10.000000Z,4.14123,4.13809
2015-07-29T09:11:20.000000Z,4.14122,4.13808
2015-07-29T09:11:30.000000Z,4.14123,4.13807
2015-07-29T09:11:40.000000Z,4.14123,4.13804
2015-07-29T09:11:50.000000Z,4.14047,4.13798
2015-07-29T09:12:00.000000Z,4.14119,4.13787
2015-07-29T09:12:10.000000Z,4.14123,4.1379
2015-07-29T09:12:20.000000Z,4.14117,4.13786
2015-07-29T09:12:30.000000Z,4.14043,4.13777
2015-07-29T09:12:40.000000Z,4.14006,4.13776
2015-07-29T09:12:50.000000Z,4.14006,4.13774
2015-07-29T09:13:00.000000Z,4.14006,4.13776
2015-07-29T09:13:10.000000Z,4.14006,4.1378
2015-07-29T09:13:20.000000Z,4.14006,4.13778
2015-07-29T09:13:30.000000Z,4.14006,4.13782
2015-07-29T09:13:40.000000Z,4.14006,4.13776
2015-07-29T09:13:50.000000Z,4.14117,4.13777
2015-07-29T09:14:00.000000Z,4.14113,4.13777
2015-07-29T09:14:10.000000Z,4.14001,4.13665
2015-07-29T09:14:20.000000Z,4.14038,4.13697
2015-07-29T09:14:30.000000Z,4.14052,4.13766
2015-07-29T09:14:40.000000Z,4.14042,4.13704
2015-07-29T09:14:50.000000Z,4.14035,4.13707
2015-07-29T09:15:00.000000Z,4.14043,4.13698
2015-07-29T09:15:10.000000Z,4.14044,4.13688
2015-07-29T09:15:20.000000Z,4.14018,4.13678
2015-07-29T09:15:30.000000Z,4.14026,4.13667
2015-07-29T09:15:40.000000Z,4.14019,4.13688
2015-07-29T09:15:50.000000Z,4.14002,4.13665
2015-07-29T09:16:00.000000Z,4.14003,4.13669
2015-07-29T09:16:20.000000Z,4.13936,4.13667
2015-07-29T09:16:30.000000Z,4.13938,4.13668
2015-07-29T09:16:40.000000Z,4.13959,4.13683
2015-07-29T09:16:50.000000Z,4.14038,4.13708
2015-07-29T09:17:00.000000Z,4.14012,4.13729
2015-07-29T09:17:10.000000Z,4.14057,4.13714
2015-07-29T09:17:20.000000Z,4.14047,4.13733
2015-07-29T09:17:30.000000Z,4.14042,4.13731
2015-07-29T09:17:40.000000Z,4.14052,4.13727
2015-07-29T09:17:50.000000Z,4.14063,4.13724
2015-07-29T09:18:00.000000Z,4.14063,4.13722
2015-07-29T09:18:10.000000Z,4.14063,4.13726
2015-07-29T09:18:20.000000Z,4.14052,4.13726
2015-07-29T09:18:30.000000Z,4.14053,4.13727
2015-07-29T09:18:40.000000Z,4.14042,4.13698
2015-07-29T09:18:50.000000Z,4.14027,4.13702
2015-07-29T09:19:00.000000Z,4.14027,4.13696
2015-07-29T09:19:10.000000Z,4.14057,4.13702
2015-07-29T09:19:20.000000Z,4.14041,4.13699
2015-07-29T09:19:30.000000Z,4.14041,4.13697
2015-07-29T09:19:40.000000Z,4.14033,4.13703
2015-07-29T09:19:50.000000Z,4.14007,4.13703
2015-07-29T09:20:00.000000Z,4.14008,4.13708
2015-07-29T09:20:10.000000Z,4.14007,4.13703
2015-07-29T09:20:20.000000Z,4.14018,4.13692
2015-07-29T09:20:30.000000Z,4.14008,4.13692
2015-07-29T09:20:40.000000Z,4.14007,4.1368
2015-07-29T09:20:50.000000Z,4.13993,4.1368
2015-07-29T09:21:00.000000Z,4.13991,4.13671
2015-07-29T09:21:10.000000Z,4.13984,4.13658
2015-07-29T09:21:20.000000Z,4.1399,4.13659
2015-07-29T09:21:30.000000Z,4.1399,4.13667
2015-07-29T09:21:40.000000Z,4.1399,4.13663
2015-07-29T09:21:50.000000Z,4.1399,4.13667
2015-07-29T09:22:00.000000Z,4.14008,4.13675
2015-07-29T09:22:30.000000Z,4.14042,4.13697
2015-07-29T09:22:40.000000Z,4.14042,4.13692
2015-07-29T09:22:50.000000Z,4.14043,4.13696
2015-07-29T09:23:00.000000Z,4.14042,4.13695
2015-07-29T09:23:10.000000Z,4.14034,4.13705
2015-07-29T09:23:20.000000Z,4.14033,4.13706
2015-07-29T09:23:30.000000Z,4.14042,4.13692
2015-07-29T09:23:40.000000Z,4.14043,4.13696
2015-07-29T09:23:50.000000Z,4.14043,4.13696
2015-07-29T09:24:00.000000Z,4.14043,4.13692
2015-07-29T09:24:10.000000Z,4.14043,4.13693
2015-07-29T09:24:20.000000Z,4.14032,4.13707
2015-07-29T09:24:30.000000Z,4.14032,4.13703
2015-07-29T09:24:40.000000Z,4.14042,4.13707
2015-07-29T09:24:50.000000Z,4.14025,4.13687
2015-07-29T09:25:00.000000Z,4.14005,4.13707
2015-07-29T09:25:10.000000Z,4.13959,4.13678
2015-07-29T09:25:20.000000Z,4.13934,4.13678
2015-07-29T09:25:30.000000Z,4.13891,4.13688
2015-07-29T09:25:50.000000Z,4.13888,4.13687
2015-07-29T09:26:00.000000Z,4.13862,4.1367
2015-07-29T09:26:10.000000Z,4.13859,4.13674
2015-07-29T09:26:20.000000Z,4.13994,4.13668
2015-07-29T09:26:30.000000Z,4.13958,4.13647
2015-07-29T09:26:40.000000Z,4.13977,4.13663
2015-07-29T09:26:50.000000Z,4.13977,4.13667
2015-07-29T09:27:00.000000Z,4.13998,4.13681
2015-07-29T09:27:10.000000Z,4.13982,4.1368
2015-07-29T09:27:30.000000Z,4.13993,4.13667
2015-07-29T09:27:40.000000Z,4.13982,4.13678
2015-07-29T09:27:50.000000Z,4.13993,4.13671
2015-07-29T09:28:00.000000Z,4.13983,4.13675
2015-07-29T09:28:10.000000Z,4.13973,4.13678
2015-07-29T09:28:20.000000Z,4.13976,4.1367
2015-07-29T09:28:30.000000Z,4.13972,4.13677
2015-07-29T09:28:50.000000Z,4.13974,4.1368
2015-07-29T09:29:00.000000Z,4.13973,4.13676
2015-07-29T09:29:10.000000Z,4.13992,4.13669
2015-07-29T09:29:20.000000Z,4.13993,4.13663
2015-07-29T09:29:30.000000Z,4.13983,4.13675
2015-07-29T09:29:40.000000Z,4.13983,4.13675
2015-07-29T09:29:50.000000Z,4.13993,4.13665
2015-07-29T09:30:00.000000Z,4.13992,4.13671
2015-07-29T09:30:10.000000Z,4.13993,4.13671
2015-07-29T09:30:20.000000Z,4.13993,4.13671
2015-07-29T09:30:30.000000Z,4.13983,4.1367
2015-07-29T09:30:40.000000Z,4.13982,4.13669
2015-07-29T09:30:50.000000Z,4.13982,4.13672
2015-07-29T09:31:00.000000Z,4.13973,4.13681
2015-07-29T09:31:10.000000Z,4.13973,4.13681
2015-07-29T09:31:30.000000Z,4.13982,4.13672
2015-07-29T09:31:40.000000Z,4.13983,4.13677
2015-07-29T09:32:00.000000Z,4.13992,4.13676
2015-07-29T09:32:10.000000Z,4.13983,4.13681
2015-07-29T09:32:20.000000Z,4.13983,4.13679
2015-07-29T09:32:30.000000Z,4.13982,4.13692
2015-07-29T09:32:40.000000Z,4.13982,4.1369
2015-07-29T09:32:50.000000Z,4.13987,4.13688
2015-07-29T09:33:00.000000Z,4.13992,4.13674
2015-07-29T09:33:10.000000Z,4.13992,4.13671
2015-07-29T09:33:20.000000Z,4.13992,4.13674
2015-07-29T09:33:30.000000Z,4.13952,4.13637
2015-07-29T09:33:40.000000Z,4.13952,4.13635
2015-07-29T09:33:50.000000Z,4.13952,4.13633
2015-07-29T09:34:00.000000Z,4.13952,4.13635
2015-07-29T09:34:10.000000Z,4.13963,4.13646
2015-07-29T09:34:20.000000Z,4.13962,4.13643
2015-07-29T09:34:30.000000Z,4.13972,4.13635
2015-07-29T09:34:40.000000Z,4.13876,4.13607
2015-07-29T09:34:50.000000Z,4.13883,4.13621
2015-07-29T09:35:00.000000Z,4.13864,4.13608
2015-07-29T09:35:10.000000Z,4.13842,4.13605
2015-07-29T09:35:20.000000Z,4.13831,4.13611
2015-07-29T09:35:30.000000Z,4.13898,4.13623
2015-07-29T09:35:40.000000Z,4.13882,4.13638
2015-07-29T09:35:50.000000Z,4.13885,4.13643
2015-07-29T09:36:00.000000Z,4.13938,4.13647
2015-07-29T09:36:10.000000Z,4.13943,4.13635
2015-07-29T09:36:20.000000Z,4.13942,4.13643
2015-07-29T09:36:30.000000Z,4.13958,4.13655
2015-07-29T09:36:40.000000Z,4.13952,4.13624
2015-07-29T09:36:50.000000Z,4.13941,4.1364
2015-07-29T09:37:00.000000Z,4.13942,4.13646
2015-07-29T09:37:10.000000Z,4.13941,4.13646
2015-07-29T09:37:20.000000Z,4.13926,4.13628
2015-07-29T09:37:30.000000Z,4.13914,4.13638
2015-07-29T09:37:40.000000Z,4.13908,4.13631
2015-07-29T09:37:50.000000Z,4.13908,4.13637
2015-07-29T09:38:00.000000Z,4.13915,4.13638
2015-07-29T09:38:10.000000Z,4.13912,4.13637
2015-07-29T09:38:20.000000Z,4.13912,4.13637
2015-07-29T09:38:30.000000Z,4.13907,4.13641
2015-07-29T09:38:40.000000Z,4.13908,4.13637
2015-07-29T09:38:50.000000Z,4.13909,4.13632
2015-07-29T09:39:00.000000Z,4.13908,4.13645
2015-07-29T09:39:10.000000Z,4.13913,4.13633
2015-07-29T09:39:20.000000Z,4.13904,4.13633
2015-07-29T09:39:30.000000Z,4.1391,4.13648
2015-07-29T09:39:40.000000Z,4.13913,4.13647
2015-07-29T09:39:50.000000Z,4.13925,4.13638
2015-07-29T09:40:00.000000Z,4.13924,4.13635
2015-07-29T09:40:10.000000Z,4.13924,4.13638
2015-07-29T09:40:20.000000Z,4.13924,4.13638
2015-07-29T09:40:30.000000Z,4.13906,4.13647
2015-07-29T09:40:40.000000Z,4.13913,4.13648
2015-07-29T09:40:50.000000Z,4.13924,4.13658
2015-07-29T09:41:00.000000Z,4.13927,4.13657
2015-07-29T09:41:10.000000Z,4.13926,4.13664
2015-07-29T09:41:20.000000Z,4.13926,4.13667
2015-07-29T09:41:30.000000Z,4.13923,4.13675
2015-07-29T09:41:40.000000Z,4.13929,4.13662
2015-07-29T09:41:50.000000Z,4.13929,4.13662
2015-07-29T09:42:00.000000Z,4.13926,4.13663
2015-07-29T09:42:10.000000Z,4.13926,4.13663
2015-07-29T09:42:20.000000Z,4.13927,4.13662
2015-07-29T09:42:30.000000Z,4.13919,4.13662
2015-07-29T09:42:40.000000Z,4.13922,4.13658
2015-07-29T09:43:10.000000Z,4.13922,4.13663
2015-07-29T09:43:20.000000Z,4.13922,4.13663
2015-07-29T09:43:30.000000Z,4.1392,4.13701
2015-07-29T09:43:40.000000Z,4.13959,4.13712
2015-07-29T09:43:50.000000Z,4.13957,4.13697
2015-07-29T09:44:00.000000Z,4.13961,4.13697
2015-07-29T09:44:10.000000Z,4.1396,4.13685
2015-07-29T09:44:20.000000Z,4.13982,4.13697
2015-07-29T09:44:30.000000Z,4.13991,4.13707
2015-07-29T09:44:40.000000Z,4.13991,4.13708
2015-07-29T09:44:50.000000Z,4.13997,4.13707
2015-07-29T09:45:00.000000Z,4.14005,4.13717
2015-07-29T09:45:20.000000Z,4.14006,4.13712
2015-07-29T09:45:30.000000Z,4.14005,4.13717
2015-07-29T09:45:40.000000Z,4.14002,4.13718
2015-07-29T09:46:10.000000Z,4.13982,4.13718
2015-07-29T09:46:20.000000Z,4.13982,4.13713
2015-07-29T09:46:30.000000Z,4.13988,4.13717
2015-07-29T09:46:40.000000Z,4.13976,4.13717
2015-07-29T09:46:50.000000Z,4.13983,4.13741
2015-07-29T09:47:00.000000Z,4.13972,4.13748
2015-07-29T09:47:20.000000Z,4.13973,4.13751
2015-07-29T09:47:30.000000Z,4.13983,4.13746
2015-07-29T09:47:40.000000Z,4.13972,4.13745
2015-07-29T09:47:50.000000Z,4.13973,4.13741
2015-07-29T09:48:10.000000Z,4.13982,4.13733
2015-07-29T09:48:20.000000Z,4.13983,4.13732
