time,BNP.ZARJPY - ZAR/JPY_x,closeAsk,closeBid
2015-07-16T09:11:00.000000Z,9.993,9.997,9.989
2015-07-16T09:11:10.000000Z,9.993,9.997,9.989
2015-07-16T09:12:00.000000Z,9.994499999999999,9.998,9.991
2015-07-16T09:12:20.000000Z,9.995000000000001,9.999,9.991
2015-07-16T09:12:25.000000Z,9.995000000000001,9.999,9.991
2015-07-16T09:12:35.000000Z,9.996500000000001,10.0,9.993
2015-07-16T09:12:40.000000Z,9.998000000000001,10.002,9.994
2015-07-16T09:12:45.000000Z,9.997499999999999,10.001,9.994
2015-07-16T09:12:55.000000Z,9.998000000000001,10.002,9.994
2015-07-16T09:13:00.000000Z,9.998000000000001,10.002,9.994
2015-07-16T09:13:05.000000Z,9.997499999999999,10.001,9.994
2015-07-16T09:13:10.000000Z,9.998000000000001,10.002,9.994
2015-07-16T09:13:25.000000Z,9.998000000000001,10.002,9.994
2015-07-16T09:13:35.000000Z,9.997499999999999,10.001,9.994
2015-07-16T09:13:40.000000Z,9.996500000000001,10.001,9.992
2015-07-16T09:13:50.000000Z,9.995000000000001,9.999,9.991
2015-07-16T09:14:10.000000Z,9.9975,10.002,9.993
2015-07-16T09:14:45.000000Z,9.997,10.001,9.993
2015-07-16T09:15:50.000000Z,9.9975,10.002,9.993
2015-07-16T09:15:55.000000Z,9.9985,10.002,9.995
2015-07-16T09:16:05.000000Z,9.999,10.002,9.996
2015-07-16T09:16:15.000000Z,9.9985,10.002,9.995
2015-07-16T09:17:40.000000Z,9.9955,9.999,9.992
2015-07-16T09:18:10.000000Z,9.9955,9.999,9.992
2015-07-16T09:18:20.000000Z,9.9985,10.002,9.995
2015-07-16T09:19:45.000000Z,9.999,10.002,9.996
2015-07-16T09:19:55.000000Z,9.9985,10.002,9.995
2015-07-16T09:20:50.000000Z,9.9985,10.002,9.995
2015-07-16T09:21:05.000000Z,9.996,10.0,9.992
2015-07-16T09:21:55.000000Z,9.994,9.998,9.99
2015-07-16T09:22:15.000000Z,9.9955,10.0,9.991
2015-07-16T09:22:20.000000Z,9.996,10.0,9.992
2015-07-16T09:22:25.000000Z,9.997,10.001,9.993
2015-07-16T09:22:30.000000Z,9.996,10.0,9.992
2015-07-16T09:22:35.000000Z,9.9975,10.002,9.993
2015-07-16T09:22:40.000000Z,9.997499999999999,10.001,9.994
2015-07-16T09:22:55.000000Z,9.9975,10.002,9.993
2015-07-16T09:23:00.000000Z,9.9985,10.003,9.994
2015-07-16T09:23:05.000000Z,9.9985,10.002,9.995
2015-07-16T09:23:25.000000Z,10.0,10.004,9.996
2015-07-16T09:23:50.000000Z,9.9985,10.003,9.994
2015-07-16T09:23:55.000000Z,9.9995,10.004,9.995
2015-07-16T09:24:00.000000Z,10.0,10.004,9.996
2015-07-16T09:24:05.000000Z,9.9995,10.004,9.995
2015-07-16T09:24:10.000000Z,10.0,10.004,9.996
2015-07-16T09:25:00.000000Z,9.9985,10.003,9.994
2015-07-16T09:25:05.000000Z,9.997,10.001,9.993
2015-07-16T09:25:10.000000Z,9.997,10.001,9.993
2015-07-16T09:25:15.000000Z,9.997,10.001,9.993
2015-07-16T09:25:25.000000Z,9.997,10.001,9.993
2015-07-16T09:25:35.000000Z,9.9975,10.002,9.993
2015-07-16T09:25:45.000000Z,9.9975,10.002,9.993
2015-07-16T09:25:50.000000Z,9.9975,10.002,9.993
2015-07-16T09:25:55.000000Z,9.997,10.001,9.993
2015-07-16T09:26:00.000000Z,9.9975,10.002,9.993
2015-07-16T09:26:45.000000Z,10.0,10.004,9.996
2015-07-16T09:27:20.000000Z,9.9995,10.004,9.995
2015-07-16T09:27:25.000000Z,10.0,10.004,9.996
2015-07-16T09:27:30.000000Z,9.9995,10.004,9.995
2015-07-16T09:27:45.000000Z,9.9995,10.004,9.995
2015-07-16T09:27:50.000000Z,10.0,10.004,9.996
2015-07-16T09:27:55.000000Z,9.9985,10.002,9.995
2015-07-16T09:28:05.000000Z,9.9985,10.003,9.994
2015-07-16T09:28:30.000000Z,10.0005,10.005,9.996
2015-07-16T09:28:40.000000Z,10.0,10.004,9.996
2015-07-16T09:28:45.000000Z,9.9995,10.004,9.995
2015-07-16T09:28:55.000000Z,9.997,10.001,9.993
2015-07-16T09:29:00.000000Z,9.997,10.001,9.993
2015-07-16T09:29:05.000000Z,9.9975,10.002,9.993
2015-07-16T09:29:35.000000Z,9.996,10.0,9.992
2015-07-16T09:30:15.000000Z,9.996500000000001,10.001,9.992
2015-07-16T09:30:20.000000Z,9.996500000000001,10.001,9.992
2015-07-16T09:30:25.000000Z,9.996500000000001,10.001,9.992
2015-07-16T09:30:30.000000Z,9.996500000000001,10.0,9.993
2015-07-16T09:30:55.000000Z,9.995000000000001,9.999,9.991
2015-07-16T09:31:05.000000Z,9.995000000000001,10.0,9.99
2015-07-16T09:31:20.000000Z,9.996500000000001,10.001,9.992
2015-07-16T09:31:30.000000Z,9.996500000000001,10.0,9.993
2015-07-16T09:31:35.000000Z,9.995000000000001,9.999,9.991
2015-07-16T09:31:40.000000Z,9.995000000000001,9.999,9.991
2015-07-16T09:35:00.000000Z,9.996500000000001,10.0,9.993
2015-07-16T09:35:05.000000Z,9.996,10.0,9.992
2015-07-16T09:35:40.000000Z,9.996,10.0,9.992
2015-07-16T09:36:15.000000Z,9.994,9.998,9.99
2015-07-16T09:36:55.000000Z,9.9955,10.0,9.991
2015-07-16T09:37:00.000000Z,9.996,10.0,9.992
2015-07-16T09:37:15.000000Z,9.994,9.998,9.99
2015-07-16T09:37:35.000000Z,9.996,10.0,9.992
2015-07-16T09:37:55.000000Z,9.994,9.998,9.99
2015-07-16T09:38:15.000000Z,9.993,9.997,9.989
2015-07-16T09:38:25.000000Z,9.991,9.995,9.987
2015-07-16T09:38:30.000000Z,9.9915,9.996,9.987
2015-07-16T09:38:35.000000Z,9.9915,9.996,9.987
2015-07-16T09:39:00.000000Z,9.991,9.995,9.987
2015-07-16T09:39:10.000000Z,9.993,9.997,9.989
2015-07-16T09:39:20.000000Z,9.99,9.994,9.986
2015-07-16T09:39:40.000000Z,9.988,9.992,9.984
2015-07-16T09:40:15.000000Z,9.988,9.992,9.984
2015-07-16T09:40:35.000000Z,9.989,9.993,9.985
2015-07-16T09:41:10.000000Z,9.989,9.993,9.985
2015-07-16T09:41:20.000000Z,9.9895,9.993,9.986
2015-07-16T09:41:25.000000Z,9.989,9.993,9.985
2015-07-16T09:41:30.000000Z,9.9895,9.993,9.986
2015-07-16T09:41:35.000000Z,9.9905,9.995,9.986
2015-07-16T09:41:40.000000Z,9.9895,9.993,9.986
2015-07-16T09:41:45.000000Z,9.9895,9.993,9.986
2015-07-16T09:41:55.000000Z,9.989,9.993,9.985
2015-07-16T09:42:00.000000Z,9.9895,9.993,9.986
2015-07-16T09:42:10.000000Z,9.9905,9.994,9.987
2015-07-16T09:42:30.000000Z,9.989,9.993,9.985
2015-07-16T09:42:45.000000Z,9.9895,9.993,9.986
2015-07-16T09:42:55.000000Z,9.9895,9.993,9.986
2015-07-16T09:43:05.000000Z,9.9895,9.993,9.986
2015-07-16T09:43:10.000000Z,9.988,9.992,9.984
2015-07-16T09:43:40.000000Z,9.99,9.994,9.986
2015-07-16T09:43:45.000000Z,9.988,9.994,9.982
2015-07-16T09:43:50.000000Z,9.988,9.993,9.983
2015-07-16T09:43:55.000000Z,9.987,9.991,9.983
2015-07-16T09:44:30.000000Z,9.987,9.991,9.983
2015-07-16T09:44:35.000000Z,9.9865,9.991,9.982
2015-07-16T09:45:30.000000Z,9.987,9.991,9.983
2015-07-16T09:45:55.000000Z,9.988,9.991,9.985
2015-07-16T09:46:20.000000Z,9.986,9.99,9.982
2015-07-16T09:46:35.000000Z,9.9875,9.991,9.984
2015-07-16T09:46:45.000000Z,9.988,9.992,9.984
2015-07-16T09:46:50.000000Z,9.9865,9.99,9.983
2015-07-16T09:46:55.000000Z,9.9865,9.99,9.983
2015-07-16T09:47:20.000000Z,9.988,9.992,9.984
2015-07-16T09:47:35.000000Z,9.9875,9.991,9.984
2015-07-16T09:48:20.000000Z,9.984,9.988,9.98
2015-07-16T09:48:25.000000Z,9.983,9.987,9.979
2015-07-16T09:48:55.000000Z,9.977,9.982,9.972
2015-07-16T09:49:00.000000Z,9.9775,9.982,9.973
2015-07-16T09:49:05.000000Z,9.9775,9.982,9.973
2015-07-16T09:49:10.000000Z,9.9785,9.982,9.975
2015-07-16T09:49:20.000000Z,9.979,9.983,9.975
2015-07-16T09:49:25.000000Z,9.979,9.983,9.975
2015-07-16T09:49:30.000000Z,9.9775,9.982,9.973
2015-07-16T09:50:05.000000Z,9.976500000000001,9.98,9.973
2015-07-16T09:50:10.000000Z,9.975999999999999,9.98,9.972
2015-07-16T09:50:20.000000Z,9.975999999999999,9.98,9.972
2015-07-16T09:50:25.000000Z,9.975999999999999,9.98,9.972
2015-07-16T09:50:30.000000Z,9.9755,9.979,9.972
2015-07-16T09:50:35.000000Z,9.974499999999999,9.979,9.97
2015-07-16T09:50:40.000000Z,9.973500000000001,9.977,9.97
2015-07-16T09:50:45.000000Z,9.972999999999999,9.977,9.969
2015-07-16T09:50:55.000000Z,9.969999999999999,9.974,9.966
2015-07-16T09:51:00.000000Z,9.968,9.973,9.963
2015-07-16T09:51:05.000000Z,9.9695,9.974,9.965
2015-07-16T09:51:15.000000Z,9.971,9.975,9.967
2015-07-16T09:52:40.000000Z,9.973500000000001,9.977,9.97
2015-07-16T09:52:45.000000Z,9.972999999999999,9.977,9.969
2015-07-16T09:52:55.000000Z,9.973500000000001,9.977,9.97
2015-07-16T09:53:00.000000Z,9.973500000000001,9.977,9.97
2015-07-16T09:53:45.000000Z,9.9755,9.979,9.972
2015-07-16T09:53:50.000000Z,9.9755,9.979,9.972
2015-07-16T09:53:55.000000Z,9.974499999999999,9.979,9.97
2015-07-16T09:54:05.000000Z,9.977,9.981,9.973
2015-07-16T09:54:10.000000Z,9.9765,9.981,9.972
2015-07-16T09:54:15.000000Z,9.977,9.981,9.973
2015-07-16T09:54:30.000000Z,9.977,9.981,9.973
2015-07-16T09:56:40.000000Z,9.974499999999999,9.979,9.97
2015-07-16T09:56:55.000000Z,9.973500000000001,9.977,9.97
2015-07-16T09:57:20.000000Z,9.972999999999999,9.977,9.969
2015-07-16T09:57:45.000000Z,9.972999999999999,9.977,9.969
2015-07-16T09:57:50.000000Z,9.972999999999999,9.977,9.969
2015-07-16T09:58:05.000000Z,9.969999999999999,9.974,9.966
2015-07-16T09:58:35.000000Z,9.970500000000001,9.974,9.967
2015-07-16T09:58:50.000000Z,9.970500000000001,9.974,9.967
2015-07-16T10:00:20.000000Z,9.9725,9.976,9.969
2015-07-16T10:00:25.000000Z,9.974,9.977,9.971
2015-07-16T10:00:50.000000Z,9.9725,9.976,9.969
2015-07-16T10:01:10.000000Z,9.972,9.975,9.969
2015-07-16T10:01:45.000000Z,9.9725,9.976,9.969
2015-07-16T10:01:50.000000Z,9.972,9.975,9.969
2015-07-16T10:01:55.000000Z,9.972,9.975,9.969
2015-07-16T10:02:00.000000Z,9.9725,9.976,9.969
2015-07-16T10:02:20.000000Z,9.972,9.975,9.969
2015-07-16T10:02:30.000000Z,9.9725,9.976,9.969
2015-07-16T10:03:30.000000Z,9.972,9.975,9.969
2015-07-16T10:05:00.000000Z,9.9695,9.973,9.966
2015-07-16T10:05:05.000000Z,9.9695,9.973,9.966
2015-07-16T10:06:00.000000Z,9.967,9.97,9.964
2015-07-16T10:06:05.000000Z,9.967,9.97,9.964
2015-07-16T10:06:15.000000Z,9.967500000000001,9.971,9.964
2015-07-16T10:07:00.000000Z,9.967500000000001,9.971,9.964
2015-07-16T10:07:15.000000Z,9.967500000000001,9.971,9.964
2015-07-16T10:07:25.000000Z,9.967500000000001,9.971,9.964
2015-07-16T10:07:35.000000Z,9.967500000000001,9.971,9.964
2015-07-16T10:07:45.000000Z,9.967500000000001,9.971,9.964
2015-07-16T10:07:50.000000Z,9.966999999999999,9.971,9.963
2015-07-16T10:07:55.000000Z,9.967500000000001,9.971,9.964
2015-07-16T10:08:00.000000Z,9.967500000000001,9.971,9.964
2015-07-16T10:08:55.000000Z,9.969999999999999,9.974,9.966
2015-07-16T10:09:00.000000Z,9.969999999999999,9.974,9.966
2015-07-16T10:09:05.000000Z,9.970500000000001,9.974,9.967
2015-07-16T10:09:10.000000Z,9.969000000000001,9.973,9.965
2015-07-16T10:09:40.000000Z,9.970500000000001,9.974,9.967
2015-07-16T10:09:55.000000Z,9.969999999999999,9.974,9.966
2015-07-16T10:10:10.000000Z,9.970500000000001,9.974,9.967
2015-07-16T10:11:30.000000Z,9.973,9.976,9.97
2015-07-16T10:11:50.000000Z,9.973,9.976,9.97
2015-07-16T10:11:55.000000Z,9.9725,9.976,9.969
2015-07-16T10:12:00.000000Z,9.975,9.979,9.971
2015-07-16T10:13:40.000000Z,9.972999999999999,9.977,9.969
2015-07-16T10:13:50.000000Z,9.973500000000001,9.977,9.97
2015-07-16T10:14:05.000000Z,9.972999999999999,9.977,9.969
2015-07-16T10:14:35.000000Z,9.973500000000001,9.977,9.97
2015-07-16T10:15:00.000000Z,9.973500000000001,9.977,9.97
2015-07-16T10:15:15.000000Z,9.973500000000001,9.977,9.97
2015-07-16T10:15:20.000000Z,9.973500000000001,9.977,9.97
2015-07-16T10:15:25.000000Z,9.972999999999999,9.977,9.969
2015-07-16T10:15:30.000000Z,9.972999999999999,9.977,9.969
2015-07-16T10:15:35.000000Z,9.974499999999999,9.978,9.971
2015-07-16T10:16:10.000000Z,9.972999999999999,9.977,9.969
2015-07-16T10:16:15.000000Z,9.973500000000001,9.977,9.97
2015-07-16T10:17:00.000000Z,9.975999999999999,9.98,9.972
2015-07-16T10:17:10.000000Z,9.978,9.982,9.974
2015-07-16T10:17:30.000000Z,9.975999999999999,9.98,9.972
2015-07-16T10:18:10.000000Z,9.9785,9.983,9.974
2015-07-16T10:18:15.000000Z,9.977,9.981,9.973
2015-07-16T10:19:05.000000Z,9.975,9.979,9.971
2015-07-16T10:19:10.000000Z,9.974,9.977,9.971
2015-07-16T10:19:15.000000Z,9.9725,9.976,9.969
2015-07-16T10:20:00.000000Z,9.971,9.974,9.968
2015-07-16T10:20:55.000000Z,9.972,9.975,9.969
2015-07-16T10:21:30.000000Z,9.9725,9.976,9.969
2015-07-16T10:22:30.000000Z,9.972,9.975,9.969
2015-07-16T10:22:35.000000Z,9.972,9.975,9.969
2015-07-16T10:22:50.000000Z,9.9725,9.976,9.969
2015-07-16T10:23:20.000000Z,9.9715,9.976,9.967
2015-07-16T10:23:25.000000Z,9.971499999999999,9.975,9.968
2015-07-16T10:23:45.000000Z,9.972000000000001,9.976,9.968
2015-07-16T10:24:10.000000Z,9.973500000000001,9.977,9.97
2015-07-16T10:24:15.000000Z,9.972999999999999,9.977,9.969
2015-07-16T10:24:20.000000Z,9.973500000000001,9.977,9.97
2015-07-16T10:25:05.000000Z,9.972000000000001,9.976,9.968
2015-07-16T10:25:10.000000Z,9.969999999999999,9.974,9.966
2015-07-16T10:25:45.000000Z,9.9705,9.975,9.966
2015-07-16T10:25:50.000000Z,9.971,9.975,9.967
2015-07-16T10:25:55.000000Z,9.971,9.975,9.967
2015-07-16T10:26:10.000000Z,9.971,9.975,9.967
2015-07-16T10:26:15.000000Z,9.971,9.975,9.967
2015-07-16T10:26:20.000000Z,9.971,9.975,9.967
2015-07-16T10:26:25.000000Z,9.9715,9.976,9.967
2015-07-16T10:26:40.000000Z,9.974,9.978,9.97
2015-07-16T10:27:20.000000Z,9.9725,9.977,9.968
2015-07-16T10:27:25.000000Z,9.9725,9.976,9.969
2015-07-16T10:29:10.000000Z,9.978,9.982,9.974
2015-07-16T10:29:50.000000Z,9.974499999999999,9.979,9.97
2015-07-16T10:29:55.000000Z,9.972000000000001,9.976,9.968
2015-07-16T10:30:00.000000Z,9.974499999999999,9.979,9.97
2015-07-16T10:31:00.000000Z,9.9755,9.979,9.972
2015-07-16T10:32:05.000000Z,9.98,9.984,9.976
2015-07-16T10:34:30.000000Z,9.9765,9.981,9.972
2015-07-16T10:34:35.000000Z,9.977,9.981,9.973
2015-07-16T10:34:50.000000Z,9.9785,9.983,9.974
2015-07-16T10:34:55.000000Z,9.9795,9.984,9.975
2015-07-16T10:35:00.000000Z,9.9815,9.986,9.977
2015-07-16T10:35:10.000000Z,9.981,9.985,9.977
2015-07-16T10:35:15.000000Z,9.9815,9.986,9.977
2015-07-16T10:36:15.000000Z,9.981,9.985,9.977
2015-07-16T10:36:25.000000Z,9.9825,9.987,9.978
2015-07-16T10:36:30.000000Z,9.9825,9.986,9.979
2015-07-16T10:38:45.000000Z,9.981,9.985,9.977
2015-07-16T10:39:20.000000Z,9.9815,9.986,9.977
2015-07-16T10:40:10.000000Z,9.9795,9.984,9.975
2015-07-16T10:40:15.000000Z,9.978,9.982,9.974
2015-07-16T10:43:15.000000Z,9.9785,9.982,9.975
2015-07-16T10:44:00.000000Z,9.975999999999999,9.979,9.973
2015-07-16T10:44:05.000000Z,9.976500000000001,9.98,9.973
2015-07-16T10:44:20.000000Z,9.975999999999999,9.979,9.973
2015-07-16T10:44:30.000000Z,9.976500000000001,9.98,9.973
2015-07-16T10:44:35.000000Z,9.976500000000001,9.98,9.973
2015-07-16T10:45:10.000000Z,9.975999999999999,9.979,9.973
2015-07-16T10:45:15.000000Z,9.975999999999999,9.979,9.973
2015-07-16T10:45:20.000000Z,9.976500000000001,9.98,9.973
2015-07-16T10:45:40.000000Z,9.976500000000001,9.98,9.973
2015-07-16T10:47:40.000000Z,9.976500000000001,9.98,9.973
2015-07-16T10:49:45.000000Z,9.974499999999999,9.978,9.971
2015-07-16T10:51:20.000000Z,9.9755,9.979,9.972
2015-07-16T10:54:00.000000Z,9.9735,9.978,9.969
2015-07-16T10:54:10.000000Z,9.9725,9.976,9.969
2015-07-16T10:55:30.000000Z,9.974,9.978,9.97
2015-07-16T10:55:55.000000Z,9.973,9.976,9.97
2015-07-16T10:56:00.000000Z,9.975,9.979,9.971
2015-07-16T10:56:40.000000Z,9.9735,9.978,9.969
2015-07-16T10:56:45.000000Z,9.974,9.978,9.97
2015-07-16T10:56:50.000000Z,9.974,9.978,9.97
2015-07-16T10:56:55.000000Z,9.9735,9.978,9.969
2015-07-16T10:57:00.000000Z,9.974,9.978,9.97
2015-07-16T10:58:05.000000Z,9.976500000000001,9.98,9.973
2015-07-16T10:58:25.000000Z,9.9785,9.982,9.975
2015-07-16T10:58:30.000000Z,9.9785,9.982,9.975
2015-07-16T10:58:40.000000Z,9.979,9.983,9.975
2015-07-16T10:58:50.000000Z,9.9775,9.981,9.974
2015-07-16T11:00:45.000000Z,9.976500000000001,9.98,9.973
2015-07-16T11:01:30.000000Z,9.979,9.983,9.975
2015-07-16T11:02:00.000000Z,9.9785,9.982,9.975
2015-07-16T11:02:05.000000Z,9.9775,9.982,9.973
2015-07-16T11:02:25.000000Z,9.979,9.983,9.975
2015-07-16T11:02:50.000000Z,9.9785,9.982,9.975
2015-07-16T11:03:35.000000Z,9.979500000000002,9.983,9.976
2015-07-16T11:04:00.000000Z,9.979500000000002,9.983,9.976
2015-07-16T11:04:40.000000Z,9.9775,9.981,9.974
2015-07-16T11:04:45.000000Z,9.979500000000002,9.983,9.976
2015-07-16T11:04:55.000000Z,9.979500000000002,9.983,9.976
2015-07-16T11:05:00.000000Z,9.982,9.986,9.978
2015-07-16T11:05:15.000000Z,9.9805,9.984,9.977
2015-07-16T11:05:20.000000Z,9.98,9.984,9.976
2015-07-16T11:05:50.000000Z,9.981,9.985,9.977
2015-07-16T11:06:45.000000Z,9.98,9.984,9.976
2015-07-16T11:08:05.000000Z,9.9815,9.986,9.977
2015-07-16T11:08:10.000000Z,9.9825,9.986,9.979
2015-07-16T11:08:45.000000Z,9.98,9.984,9.976
2015-07-16T11:08:55.000000Z,9.98,9.984,9.976
2015-07-16T11:09:00.000000Z,9.9815,9.986,9.977
2015-07-16T11:09:05.000000Z,9.981,9.985,9.977
2015-07-16T11:09:30.000000Z,9.9815,9.986,9.977
2015-07-16T11:09:40.000000Z,9.981,9.985,9.977
2015-07-16T11:09:45.000000Z,9.98,9.985,9.975
2015-07-16T11:09:55.000000Z,9.979,9.983,9.975
2015-07-16T11:10:05.000000Z,9.9785,9.982,9.975
2015-07-16T11:10:25.000000Z,9.979,9.983,9.975
2015-07-16T11:10:40.000000Z,9.9785,9.982,9.975
2015-07-16T11:11:15.000000Z,9.978,9.982,9.974
2015-07-16T11:11:20.000000Z,9.978,9.982,9.974
2015-07-16T11:11:50.000000Z,9.9805,9.984,9.977
2015-07-16T11:12:30.000000Z,9.979,9.983,9.975
2015-07-16T11:12:45.000000Z,9.979500000000002,9.983,9.976
2015-07-16T11:12:50.000000Z,9.983,9.987,9.979
2015-07-16T11:13:50.000000Z,9.9855,9.989,9.982
2015-07-16T11:15:05.000000Z,9.9865,9.99,9.983
2015-07-16T11:15:10.000000Z,9.988,9.992,9.984
2015-07-16T11:15:15.000000Z,9.99,9.994,9.986
2015-07-16T11:15:30.000000Z,9.99,9.993,9.987
2015-07-16T11:15:45.000000Z,9.991,9.995,9.987
2015-07-16T11:17:15.000000Z,9.993500000000001,9.997,9.99
2015-07-16T11:17:45.000000Z,9.9925,9.996,9.989
2015-07-16T11:17:50.000000Z,9.9925,9.996,9.989
2015-07-16T11:18:05.000000Z,9.99,9.994,9.986
2015-07-16T11:18:45.000000Z,9.988,9.992,9.984
2015-07-16T11:19:00.000000Z,9.9875,9.991,9.984
2015-07-16T11:20:10.000000Z,9.986,9.99,9.982
2015-07-16T11:20:30.000000Z,9.9865,9.99,9.983
2015-07-16T11:20:40.000000Z,9.986,9.99,9.982
2015-07-16T11:20:55.000000Z,9.9865,9.99,9.983
2015-07-16T11:21:30.000000Z,9.988,9.992,9.984
2015-07-16T11:21:50.000000Z,9.9875,9.991,9.984
2015-07-16T11:23:10.000000Z,9.986,9.99,9.982
2015-07-16T11:23:40.000000Z,9.984,9.988,9.98
2015-07-16T11:26:00.000000Z,9.9865,9.99,9.983
2015-07-16T11:26:20.000000Z,9.988,9.992,9.984
2015-07-16T11:26:25.000000Z,9.99,9.994,9.986
2015-07-16T11:26:50.000000Z,9.991,9.994,9.988
2015-07-16T11:28:05.000000Z,9.991,9.995,9.987
2015-07-16T11:28:20.000000Z,9.99,9.994,9.986
2015-07-16T11:29:40.000000Z,9.9895,9.994,9.985
2015-07-16T11:29:50.000000Z,9.9885,9.992,9.985
2015-07-16T11:31:35.000000Z,9.9905,9.994,9.987
2015-07-16T11:31:50.000000Z,9.987,9.991,9.983
2015-07-16T11:32:00.000000Z,9.9875,9.992,9.983
2015-07-16T11:32:05.000000Z,9.987,9.991,9.983
2015-07-16T11:32:15.000000Z,9.987,9.991,9.983
2015-07-16T11:32:20.000000Z,9.9875,9.992,9.983
2015-07-16T11:32:25.000000Z,9.9875,9.992,9.983
2015-07-16T11:32:30.000000Z,9.9875,9.992,9.983
2015-07-16T11:33:10.000000Z,9.987,9.991,9.983
2015-07-16T11:33:20.000000Z,9.987,9.991,9.983
2015-07-16T11:33:35.000000Z,9.9865,9.991,9.982
2015-07-16T11:34:15.000000Z,9.9875,9.992,9.983
2015-07-16T11:34:20.000000Z,9.9885,9.992,9.985
2015-07-16T11:37:30.000000Z,9.9885,9.992,9.985
2015-07-16T11:37:35.000000Z,9.9885,9.992,9.985
2015-07-16T11:38:40.000000Z,9.9885,9.992,9.985
2015-07-16T11:38:45.000000Z,9.988,9.991,9.985
2015-07-16T11:39:05.000000Z,9.989,9.992,9.986
2015-07-16T11:39:15.000000Z,9.988,9.991,9.985
2015-07-16T11:39:20.000000Z,9.9885,9.992,9.985
2015-07-16T11:39:25.000000Z,9.9885,9.992,9.985
2015-07-16T11:39:30.000000Z,9.99,9.994,9.986
2015-07-16T11:39:35.000000Z,9.9895,9.993,9.986
2015-07-16T11:40:10.000000Z,9.9895,9.993,9.986
2015-07-16T11:41:20.000000Z,9.9895,9.993,9.986
2015-07-16T11:41:25.000000Z,9.9895,9.993,9.986
2015-07-16T11:44:10.000000Z,9.989,9.993,9.985
2015-07-16T11:44:15.000000Z,9.989,9.993,9.985
2015-07-16T11:44:50.000000Z,9.989,9.993,9.985
2015-07-16T11:45:45.000000Z,9.9895,9.993,9.986
2015-07-16T11:46:00.000000Z,9.989,9.993,9.985
2015-07-16T11:46:05.000000Z,9.989,9.993,9.985
2015-07-16T11:46:15.000000Z,9.989,9.993,9.985
2015-07-16T11:46:20.000000Z,9.9895,9.993,9.986
2015-07-16T11:46:40.000000Z,9.9895,9.993,9.986
2015-07-16T11:49:40.000000Z,9.987,9.991,9.983
2015-07-16T11:49:55.000000Z,9.9855,9.99,9.981
2015-07-16T11:50:10.000000Z,9.987,9.991,9.983
2015-07-16T11:50:20.000000Z,9.9865,9.991,9.982
2015-07-16T11:51:00.000000Z,9.9845,9.989,9.98
2015-07-16T11:51:10.000000Z,9.984,9.988,9.98
2015-07-16T11:51:15.000000Z,9.9835,9.988,9.979
2015-07-16T11:51:20.000000Z,9.9845,9.989,9.98
2015-07-16T11:51:45.000000Z,9.9835,9.988,9.979
2015-07-16T11:51:50.000000Z,9.984,9.988,9.98
2015-07-16T11:52:05.000000Z,9.9835,9.988,9.979
2015-07-16T11:52:20.000000Z,9.984,9.988,9.98
2015-07-16T11:53:35.000000Z,9.9835,9.988,9.979
2015-07-16T11:54:10.000000Z,9.984,9.988,9.98
2015-07-16T11:54:20.000000Z,9.982,9.986,9.978
2015-07-16T11:55:35.000000Z,9.982,9.986,9.978
2015-07-16T11:55:50.000000Z,9.9815,9.985,9.978
2015-07-16T11:56:05.000000Z,9.982,9.986,9.978
2015-07-16T11:56:15.000000Z,9.9815,9.985,9.978
2015-07-16T11:56:20.000000Z,9.98,9.984,9.976
2015-07-16T11:56:25.000000Z,9.9795,9.984,9.975
2015-07-16T11:56:30.000000Z,9.9785,9.982,9.975
2015-07-16T11:56:50.000000Z,9.979500000000002,9.983,9.976
2015-07-16T11:58:55.000000Z,9.984,9.988,9.98
2015-07-16T11:59:15.000000Z,9.9845,9.989,9.98
2015-07-16T12:00:05.000000Z,9.984,9.988,9.98
2015-07-16T12:00:10.000000Z,9.9835,9.988,9.979
2015-07-16T12:00:15.000000Z,9.984,9.988,9.98
2015-07-16T12:00:30.000000Z,9.9835,9.988,9.979
2015-07-16T12:00:35.000000Z,9.9845,9.989,9.98
2015-07-16T12:00:40.000000Z,9.984,9.988,9.98
2015-07-16T12:00:45.000000Z,9.9845,9.989,9.98
2015-07-16T12:01:20.000000Z,9.9845,9.989,9.98
2015-07-16T12:01:25.000000Z,9.987,9.991,9.983
2015-07-16T12:02:15.000000Z,9.9885,9.992,9.985
2015-07-16T12:02:25.000000Z,9.989,9.993,9.985
2015-07-16T12:02:40.000000Z,9.9875,9.992,9.983
2015-07-16T12:02:50.000000Z,9.9905,9.995,9.986
2015-07-16T12:03:10.000000Z,9.9905,9.995,9.986
2015-07-16T12:03:15.000000Z,9.989999999999998,9.995,9.985
2015-07-16T12:03:25.000000Z,9.9905,9.995,9.986
2015-07-16T12:03:30.000000Z,9.9925,9.997,9.988
2015-07-16T12:03:35.000000Z,9.9925,9.997,9.988
2015-07-16T12:03:40.000000Z,9.994,9.998,9.99
2015-07-16T12:03:45.000000Z,9.9925,9.997,9.988
2015-07-16T12:03:55.000000Z,9.9895,9.994,9.985
2015-07-16T12:04:00.000000Z,9.9895,9.994,9.985
2015-07-16T12:04:05.000000Z,9.9915,9.996,9.987
2015-07-16T12:04:25.000000Z,9.994,9.999,9.989
2015-07-16T12:04:30.000000Z,9.995000000000001,10.0,9.99
2015-07-16T12:04:45.000000Z,9.996500000000001,10.001,9.992
2015-07-16T12:04:55.000000Z,9.9945,9.999,9.99
2015-07-16T12:05:20.000000Z,9.996,10.0,9.992
2015-07-16T12:05:30.000000Z,9.9955,10.0,9.991
2015-07-16T12:05:35.000000Z,9.9925,9.997,9.988
2015-07-16T12:05:45.000000Z,9.997,10.001,9.993
2015-07-16T12:05:50.000000Z,9.9955,10.001,9.99
2015-07-16T12:05:55.000000Z,9.9985,10.003,9.994
2015-07-16T12:06:05.000000Z,9.9985,10.002,9.995
2015-07-16T12:06:10.000000Z,10.001000000000001,10.006,9.996
2015-07-16T12:06:15.000000Z,10.003499999999999,10.008,9.999
2015-07-16T12:06:20.000000Z,10.0015,10.005,9.998
2015-07-16T12:06:30.000000Z,9.9995,10.004,9.995
2015-07-16T12:06:35.000000Z,10.0015,10.006,9.997
2015-07-16T12:06:55.000000Z,10.000499999999999,10.004,9.997
2015-07-16T12:07:00.000000Z,10.0005,10.005,9.996
2015-07-16T12:07:05.000000Z,10.0,10.005,9.995
2015-07-16T12:07:10.000000Z,10.0,10.004,9.996
2015-07-16T12:07:15.000000Z,10.0,10.004,9.996
2015-07-16T12:07:20.000000Z,10.0,10.004,9.996
2015-07-16T12:08:50.000000Z,10.0,10.003,9.997
2015-07-16T12:10:05.000000Z,9.999,10.002,9.996
2015-07-16T12:10:10.000000Z,9.9985,10.002,9.995
2015-07-16T12:10:25.000000Z,9.998,10.001,9.995
2015-07-16T12:12:00.000000Z,10.0,10.003,9.997
2015-07-16T12:12:20.000000Z,10.0015,10.005,9.998
2015-07-16T12:12:25.000000Z,10.0015,10.005,9.998
2015-07-16T12:12:30.000000Z,10.000499999999999,10.004,9.997
2015-07-16T12:12:40.000000Z,10.000499999999999,10.004,9.997
2015-07-16T12:13:10.000000Z,9.998000000000001,10.003,9.993
2015-07-16T12:14:00.000000Z,9.998999999999999,10.003,9.995
2015-07-16T12:14:20.000000Z,9.997,10.002,9.992
2015-07-16T12:14:30.000000Z,9.997,10.002,9.992
2015-07-16T12:15:00.000000Z,9.996500000000001,10.001,9.992
2015-07-16T12:15:05.000000Z,9.996500000000001,10.001,9.992
2015-07-16T12:15:30.000000Z,9.9925,9.997,9.988
2015-07-16T12:15:40.000000Z,9.993,9.997,9.989
2015-07-16T12:16:05.000000Z,9.9945,9.999,9.99
2015-07-16T12:17:00.000000Z,9.9945,9.999,9.99
2015-07-16T12:17:25.000000Z,9.994,9.998,9.99
2015-07-16T12:17:30.000000Z,9.9945,9.999,9.99
2015-07-16T12:17:40.000000Z,9.994,9.998,9.99
2015-07-16T12:17:45.000000Z,9.9945,9.999,9.99
2015-07-16T12:17:55.000000Z,9.993,9.997,9.989
2015-07-16T12:18:00.000000Z,9.9925,9.997,9.988
2015-07-16T12:18:25.000000Z,9.991,9.995,9.987
2015-07-16T12:18:30.000000Z,9.99,9.994,9.986
2015-07-16T12:18:35.000000Z,9.9885,9.993,9.984
2015-07-16T12:19:05.000000Z,9.987,9.991,9.983
2015-07-16T12:19:15.000000Z,9.9895,9.993,9.986
2015-07-16T12:20:15.000000Z,9.992,9.996,9.988
2015-07-16T12:20:20.000000Z,9.993500000000001,9.998,9.989
2015-07-16T12:20:25.000000Z,9.993500000000001,9.997,9.99
2015-07-16T12:20:35.000000Z,9.993500000000001,9.998,9.989
2015-07-16T12:20:45.000000Z,9.9915,9.996,9.987
2015-07-16T12:21:05.000000Z,9.991,9.995,9.987
2015-07-16T12:21:15.000000Z,9.9905,9.995,9.986
2015-07-16T12:22:35.000000Z,9.9895,9.993,9.986
2015-07-16T12:23:10.000000Z,9.992,9.996,9.988
2015-07-16T12:23:15.000000Z,9.9925,9.996,9.989
2015-07-16T12:23:25.000000Z,9.992,9.996,9.988
2015-07-16T12:23:45.000000Z,9.99,9.994,9.986
2015-07-16T12:24:00.000000Z,9.9885,9.993,9.984
2015-07-16T12:24:15.000000Z,9.9885,9.992,9.985
2015-07-16T12:24:55.000000Z,9.9895,9.994,9.985
2015-07-16T12:25:00.000000Z,9.9885,9.992,9.985
2015-07-16T12:25:05.000000Z,9.9885,9.992,9.985
2015-07-16T12:27:05.000000Z,9.9895,9.994,9.985
2015-07-16T12:27:55.000000Z,9.9895,9.994,9.985
2015-07-16T12:29:15.000000Z,9.9885,9.994,9.983
2015-07-16T12:29:20.000000Z,9.9895,9.995,9.984
2015-07-16T12:29:45.000000Z,9.99,9.996,9.984
2015-07-16T12:29:50.000000Z,9.9905,9.997,9.984
2015-07-16T12:29:55.000000Z,9.991,9.999,9.983
2015-07-16T12:30:00.000000Z,9.9905,9.998,9.983
2015-07-16T12:30:05.000000Z,9.989,9.995,9.983
2015-07-16T12:30:10.000000Z,9.989,9.994,9.984
2015-07-16T12:30:15.000000Z,9.99,9.996,9.984
2015-07-16T12:30:25.000000Z,9.9895,9.995,9.984
2015-07-16T12:30:45.000000Z,9.99,9.994,9.986
2015-07-16T12:30:55.000000Z,9.9895,9.994,9.985
2015-07-16T12:31:15.000000Z,9.987,9.991,9.983
2015-07-16T12:31:20.000000Z,9.9875,9.992,9.983
2015-07-16T12:31:25.000000Z,9.987,9.991,9.983
2015-07-16T12:31:35.000000Z,9.9875,9.992,9.983
2015-07-16T12:32:05.000000Z,9.987,9.991,9.983
2015-07-16T12:33:05.000000Z,9.9875,9.992,9.983
2015-07-16T12:33:15.000000Z,9.989,9.993,9.985
2015-07-16T12:33:20.000000Z,9.9895,9.993,9.986
2015-07-16T12:35:05.000000Z,9.992,9.997,9.987
2015-07-16T12:35:15.000000Z,9.993500000000001,9.998,9.989
2015-07-16T12:35:35.000000Z,9.996,10.0,9.992
2015-07-16T12:35:40.000000Z,9.9945,10.0,9.989
2015-07-16T12:35:45.000000Z,9.993500000000001,9.997,9.99
2015-07-16T12:35:50.000000Z,9.993500000000001,9.998,9.989
2015-07-16T12:35:55.000000Z,9.9975,10.002,9.993
2015-07-16T12:36:00.000000Z,9.9945,9.999,9.99
2015-07-16T12:36:05.000000Z,9.997,10.002,9.992
2015-07-16T12:36:10.000000Z,9.995999999999999,10.001,9.991
2015-07-16T12:36:15.000000Z,9.996500000000001,10.001,9.992
2015-07-16T12:36:20.000000Z,9.997,10.002,9.992
2015-07-16T12:36:30.000000Z,9.998999999999999,10.003,9.995
2015-07-16T12:36:40.000000Z,9.993500000000001,10.0,9.987
2015-07-16T12:36:45.000000Z,9.995000000000001,10.001,9.989
2015-07-16T12:36:50.000000Z,9.996500000000001,10.002,9.991
2015-07-16T12:36:55.000000Z,9.995999999999999,10.001,9.991
2015-07-16T12:37:00.000000Z,9.997,10.002,9.992
2015-07-16T12:37:05.000000Z,9.995999999999999,10.001,9.991
2015-07-16T12:37:10.000000Z,9.997,10.002,9.992
2015-07-16T12:37:15.000000Z,9.996500000000001,10.004,9.989
2015-07-16T12:37:20.000000Z,9.996500000000001,10.003,9.99
2015-07-16T12:37:25.000000Z,9.9975,10.003,9.992
2015-07-16T12:37:30.000000Z,9.9975,10.002,9.993
2015-07-16T12:37:35.000000Z,10.0005,10.005,9.996
2015-07-16T12:37:40.000000Z,10.0,10.004,9.996
2015-07-16T12:37:45.000000Z,9.9995,10.004,9.995
2015-07-16T12:37:50.000000Z,10.0,10.004,9.996
2015-07-16T12:38:00.000000Z,10.002500000000001,10.006,9.999
2015-07-16T12:38:05.000000Z,10.002500000000001,10.006,9.999
2015-07-16T12:38:10.000000Z,10.003,10.008,9.998
2015-07-16T12:38:15.000000Z,10.003499999999999,10.007,10.0
2015-07-16T12:38:20.000000Z,10.003,10.007,9.999
2015-07-16T12:38:45.000000Z,9.9995,10.004,9.995
2015-07-16T12:38:50.000000Z,9.9995,10.004,9.995
2015-07-16T12:38:55.000000Z,9.9985,10.002,9.995
2015-07-16T12:39:40.000000Z,9.9985,10.003,9.994
2015-07-16T12:40:00.000000Z,10.0,10.005,9.995
2015-07-16T12:42:30.000000Z,9.9995,10.004,9.995
2015-07-16T12:42:35.000000Z,10.0,10.005,9.995
2015-07-16T12:42:40.000000Z,9.9995,10.004,9.995
2015-07-16T12:42:45.000000Z,9.9995,10.004,9.995
2015-07-16T12:42:50.000000Z,10.0,10.005,9.995
2015-07-16T12:42:55.000000Z,10.0005,10.005,9.996
2015-07-16T12:43:00.000000Z,10.0,10.005,9.995
2015-07-16T12:43:05.000000Z,10.0,10.005,9.995
2015-07-16T12:43:10.000000Z,10.0005,10.005,9.996
2015-07-16T12:43:45.000000Z,9.9995,10.004,9.995
2015-07-16T12:44:55.000000Z,9.997,10.002,9.992
2015-07-16T12:45:35.000000Z,9.9995,10.004,9.995
2015-07-16T12:46:00.000000Z,9.9995,10.004,9.995
2015-07-16T12:46:10.000000Z,10.0,10.004,9.996
2015-07-16T12:46:15.000000Z,10.0,10.004,9.996
2015-07-16T12:46:25.000000Z,9.9995,10.004,9.995
2015-07-16T12:47:00.000000Z,9.997,10.002,9.992
2015-07-16T12:47:20.000000Z,9.996500000000001,10.001,9.992
2015-07-16T12:47:25.000000Z,9.996500000000001,10.001,9.992
2015-07-16T12:47:30.000000Z,9.996500000000001,10.0,9.993
2015-07-16T12:47:35.000000Z,9.995000000000001,10.001,9.989
2015-07-16T12:47:40.000000Z,9.997,10.002,9.992
2015-07-16T12:47:45.000000Z,9.996500000000001,10.002,9.991
2015-07-16T12:47:50.000000Z,9.997,10.002,9.992
2015-07-16T12:47:55.000000Z,9.997,10.002,9.992
2015-07-16T12:48:00.000000Z,9.995999999999999,10.001,9.991
2015-07-16T12:48:05.000000Z,9.998000000000001,10.003,9.993
2015-07-16T12:48:10.000000Z,9.996500000000001,10.002,9.991
2015-07-16T12:48:15.000000Z,9.997,10.002,9.992
2015-07-16T12:48:20.000000Z,9.996500000000001,10.002,9.991
2015-07-16T12:48:25.000000Z,9.998000000000001,10.003,9.993
2015-07-16T12:48:30.000000Z,9.996500000000001,10.002,9.991
2015-07-16T12:48:35.000000Z,9.997,10.002,9.992
2015-07-16T12:48:40.000000Z,9.997,10.002,9.992
2015-07-16T12:48:55.000000Z,10.0025,10.008,9.997
2015-07-16T12:49:00.000000Z,10.0025,10.007,9.998
2015-07-16T12:49:35.000000Z,10.003,10.007,9.999
2015-07-16T12:49:45.000000Z,10.0015,10.006,9.997
2015-07-16T12:49:55.000000Z,10.000499999999999,10.004,9.997
2015-07-16T12:50:00.000000Z,10.001000000000001,10.005,9.997
2015-07-16T12:50:10.000000Z,10.003499999999999,10.008,9.999
2015-07-16T12:50:40.000000Z,10.007000000000001,10.012,10.002
2015-07-16T12:50:45.000000Z,10.007,10.011,10.003
2015-07-16T12:50:50.000000Z,10.007,10.011,10.003
2015-07-16T12:50:55.000000Z,10.0075,10.012,10.003
2015-07-16T12:51:00.000000Z,10.01,10.014,10.006
2015-07-16T12:51:05.000000Z,10.009,10.014,10.004
2015-07-16T12:51:10.000000Z,10.0095,10.014,10.005
2015-07-16T12:51:15.000000Z,10.0095,10.013,10.006
2015-07-16T12:51:20.000000Z,10.0095,10.013,10.006
2015-07-16T12:51:30.000000Z,10.0125,10.017,10.008
2015-07-16T12:51:35.000000Z,10.0125,10.016,10.009
2015-07-16T12:51:45.000000Z,10.0105,10.015,10.006
2015-07-16T12:51:50.000000Z,10.01,10.014,10.006
2015-07-16T12:51:55.000000Z,10.012,10.017,10.007
2015-07-16T12:52:00.000000Z,10.012,10.016,10.008
2015-07-16T12:52:50.000000Z,10.01,10.016,10.004
2015-07-16T12:52:55.000000Z,10.0105,10.015,10.006
2015-07-16T12:53:05.000000Z,10.0085,10.013,10.004
2015-07-16T12:53:15.000000Z,10.0085,10.014,10.003
2015-07-16T12:53:20.000000Z,10.0075,10.012,10.003
2015-07-16T12:54:25.000000Z,10.004999999999999,10.011,9.999
2015-07-16T12:54:30.000000Z,10.0045,10.01,9.999
2015-07-16T12:54:40.000000Z,10.0055,10.01,10.001
2015-07-16T12:55:55.000000Z,10.006,10.01,10.002
2015-07-16T12:56:30.000000Z,10.007,10.01,10.004
2015-07-16T12:56:35.000000Z,10.0055,10.01,10.001
2015-07-16T12:56:50.000000Z,10.006,10.01,10.002
2015-07-16T12:57:00.000000Z,10.007000000000001,10.012,10.002
2015-07-16T12:57:15.000000Z,10.009,10.014,10.004
2015-07-16T12:57:25.000000Z,10.006499999999999,10.011,10.002
2015-07-16T12:57:45.000000Z,10.0085,10.013,10.004
2015-07-16T12:57:50.000000Z,10.0085,10.013,10.004
2015-07-16T12:57:55.000000Z,10.01,10.014,10.006
2015-07-16T12:58:00.000000Z,10.0105,10.015,10.006
2015-07-16T12:58:05.000000Z,10.01,10.014,10.006
2015-07-16T12:58:25.000000Z,10.0105,10.015,10.006
2015-07-16T12:58:55.000000Z,10.01,10.014,10.006
2015-07-16T12:59:05.000000Z,10.006499999999999,10.012,10.001
2015-07-16T12:59:10.000000Z,10.007000000000001,10.012,10.002
2015-07-16T12:59:15.000000Z,10.007000000000001,10.012,10.002
2015-07-16T12:59:20.000000Z,10.006,10.011,10.001
2015-07-16T12:59:25.000000Z,10.006499999999999,10.011,10.002
2015-07-16T12:59:30.000000Z,10.006499999999999,10.011,10.002
2015-07-16T12:59:50.000000Z,10.006499999999999,10.011,10.002
2015-07-16T12:59:55.000000Z,10.008500000000002,10.012,10.005
2015-07-16T13:00:00.000000Z,10.0075,10.011,10.004
2015-07-16T13:00:05.000000Z,10.004999999999999,10.009,10.001
2015-07-16T13:00:20.000000Z,10.003499999999999,10.007,10.0
2015-07-16T13:00:30.000000Z,10.003499999999999,10.008,9.999
2015-07-16T13:00:45.000000Z,10.0055,10.01,10.001
2015-07-16T13:00:50.000000Z,10.006,10.01,10.002
2015-07-16T13:00:55.000000Z,10.0055,10.01,10.001
2015-07-16T13:01:00.000000Z,10.006,10.01,10.002
2015-07-16T13:01:05.000000Z,10.007,10.011,10.003
2015-07-16T13:01:20.000000Z,10.0075,10.012,10.003
2015-07-16T13:01:25.000000Z,10.0045,10.008,10.001
2015-07-16T13:01:35.000000Z,10.006,10.01,10.002
2015-07-16T13:02:10.000000Z,10.004999999999999,10.009,10.001
2015-07-16T13:02:20.000000Z,10.003,10.008,9.998
2015-07-16T13:02:25.000000Z,10.003499999999999,10.008,9.999
2015-07-16T13:02:30.000000Z,10.003499999999999,10.008,9.999
2015-07-16T13:02:35.000000Z,10.003499999999999,10.008,9.999
2015-07-16T13:02:40.000000Z,10.003,10.008,9.998
2015-07-16T13:02:45.000000Z,10.003499999999999,10.008,9.999
2015-07-16T13:02:55.000000Z,10.003499999999999,10.008,9.999
2015-07-16T13:03:00.000000Z,10.0015,10.005,9.998
2015-07-16T13:04:00.000000Z,10.003,10.007,9.999
2015-07-16T13:05:00.000000Z,10.003,10.007,9.999
2015-07-16T13:05:15.000000Z,10.0025,10.007,9.998
2015-07-16T13:05:30.000000Z,10.003,10.007,9.999
2015-07-16T13:05:40.000000Z,10.0025,10.007,9.998
2015-07-16T13:05:50.000000Z,10.0015,10.005,9.998
2015-07-16T13:06:45.000000Z,10.0025,10.008,9.997
2015-07-16T13:06:50.000000Z,10.003499999999999,10.008,9.999
2015-07-16T13:06:55.000000Z,10.004999999999999,10.009,10.001
2015-07-16T13:07:45.000000Z,10.0045,10.008,10.001
2015-07-16T13:07:50.000000Z,10.004,10.008,10.0
2015-07-16T13:08:25.000000Z,10.0045,10.009,10.0
2015-07-16T13:08:35.000000Z,10.006,10.01,10.002
2015-07-16T13:08:40.000000Z,10.0075,10.012,10.003
2015-07-16T13:08:45.000000Z,10.007,10.011,10.003
2015-07-16T13:08:50.000000Z,10.007,10.011,10.003
2015-07-16T13:08:55.000000Z,10.007,10.011,10.003
2015-07-16T13:09:00.000000Z,10.0075,10.012,10.003
2015-07-16T13:09:10.000000Z,10.009,10.013,10.005
2015-07-16T13:09:15.000000Z,10.0085,10.013,10.004
2015-07-16T13:09:20.000000Z,10.0085,10.013,10.004
2015-07-16T13:09:25.000000Z,10.009,10.013,10.005
2015-07-16T13:09:45.000000Z,10.009,10.013,10.005
2015-07-16T13:10:00.000000Z,10.0075,10.012,10.003
2015-07-16T13:10:05.000000Z,10.007,10.011,10.003
2015-07-16T13:10:45.000000Z,10.0085,10.013,10.004
2015-07-16T13:10:50.000000Z,10.01,10.014,10.006
2015-07-16T13:10:55.000000Z,10.0105,10.015,10.006
2015-07-16T13:11:15.000000Z,10.0135,10.018,10.009
2015-07-16T13:11:20.000000Z,10.0125,10.017,10.008
2015-07-16T13:11:25.000000Z,10.013,10.017,10.009
2015-07-16T13:11:50.000000Z,10.012,10.02,10.004
2015-07-16T13:11:55.000000Z,10.011500000000002,10.018,10.005
2015-07-16T13:12:00.000000Z,10.012,10.017,10.007
2015-07-16T13:12:05.000000Z,10.0095,10.014,10.005
2015-07-16T13:12:10.000000Z,10.0115,10.016,10.007
2015-07-16T13:12:15.000000Z,10.0095,10.015,10.004
2015-07-16T13:12:20.000000Z,10.009,10.014,10.004
2015-07-16T13:12:25.000000Z,10.0095,10.014,10.005
2015-07-16T13:12:30.000000Z,10.0095,10.014,10.005
2015-07-16T13:13:00.000000Z,10.011,10.016,10.006
2015-07-16T13:13:20.000000Z,10.0125,10.018,10.007
2015-07-16T13:13:25.000000Z,10.011,10.016,10.006
2015-07-16T13:13:45.000000Z,10.012,10.017,10.007
2015-07-16T13:13:50.000000Z,10.012,10.017,10.007
2015-07-16T13:14:15.000000Z,10.012,10.016,10.008
2015-07-16T13:14:20.000000Z,10.012,10.017,10.007
2015-07-16T13:14:25.000000Z,10.012,10.016,10.008
2015-07-16T13:14:30.000000Z,10.012,10.017,10.007
2015-07-16T13:14:50.000000Z,10.0095,10.014,10.005
2015-07-16T13:15:25.000000Z,10.009,10.014,10.004
2015-07-16T13:15:30.000000Z,10.008,10.012,10.004
2015-07-16T13:15:35.000000Z,10.0075,10.011,10.004
2015-07-16T13:16:00.000000Z,10.0075,10.011,10.004
2015-07-16T13:16:45.000000Z,10.0055,10.01,10.001
2015-07-16T13:16:55.000000Z,10.003,10.008,9.998
2015-07-16T13:17:00.000000Z,10.001999999999999,10.006,9.998
2015-07-16T13:17:25.000000Z,10.001,10.007,9.995
2015-07-16T13:17:35.000000Z,10.0015,10.007,9.996
2015-07-16T13:17:50.000000Z,10.0015,10.006,9.997
2015-07-16T13:18:15.000000Z,10.0015,10.007,9.996
2015-07-16T13:19:10.000000Z,10.0005,10.005,9.996
2015-07-16T13:19:15.000000Z,9.9995,10.004,9.995
2015-07-16T13:19:25.000000Z,9.997,10.002,9.992
2015-07-16T13:19:35.000000Z,9.999,10.005,9.993
2015-07-16T13:19:45.000000Z,9.999500000000001,10.005,9.994
2015-07-16T13:19:55.000000Z,10.001000000000001,10.006,9.996
2015-07-16T13:20:45.000000Z,10.003,10.008,9.998
2015-07-16T13:21:35.000000Z,10.003,10.008,9.998
2015-07-16T13:21:45.000000Z,10.004000000000001,10.009,9.999
2015-07-16T13:22:00.000000Z,10.004000000000001,10.009,9.999
2015-07-16T13:22:10.000000Z,10.003499999999999,10.008,9.999
2015-07-16T13:22:15.000000Z,10.004000000000001,10.009,9.999
2015-07-16T13:22:30.000000Z,10.006499999999999,10.011,10.002
2015-07-16T13:22:40.000000Z,10.007,10.011,10.003
2015-07-16T13:23:00.000000Z,10.007,10.011,10.003
2015-07-16T13:23:05.000000Z,10.006499999999999,10.012,10.001
2015-07-16T13:23:10.000000Z,10.006,10.011,10.001
2015-07-16T13:23:20.000000Z,10.008,10.012,10.004
2015-07-16T13:23:25.000000Z,10.008,10.011,10.005
2015-07-16T13:23:30.000000Z,10.007,10.011,10.003
2015-07-16T13:23:40.000000Z,10.0085,10.013,10.004
2015-07-16T13:23:45.000000Z,10.0105,10.016,10.005
2015-07-16T13:25:45.000000Z,10.010000000000002,10.015,10.005
2015-07-16T13:26:05.000000Z,10.0095,10.015,10.004
2015-07-16T13:26:30.000000Z,10.009,10.014,10.004
2015-07-16T13:26:50.000000Z,10.010000000000002,10.015,10.005
2015-07-16T13:27:25.000000Z,10.010000000000002,10.015,10.005
2015-07-16T13:27:30.000000Z,10.0135,10.018,10.009
2015-07-16T13:27:35.000000Z,10.015,10.021,10.009
2015-07-16T13:27:40.000000Z,10.017,10.021,10.013
2015-07-16T13:27:45.000000Z,10.0205,10.025,10.016
2015-07-16T13:28:00.000000Z,10.02,10.024,10.016
2015-07-16T13:28:05.000000Z,10.0205,10.025,10.016
2015-07-16T13:28:10.000000Z,10.0205,10.025,10.016
2015-07-16T13:28:15.000000Z,10.020499999999998,10.024,10.017
2015-07-16T13:28:20.000000Z,10.0235,10.028,10.019
2015-07-16T13:28:30.000000Z,10.023,10.027,10.019
2015-07-16T13:28:35.000000Z,10.023,10.027,10.019
2015-07-16T13:28:40.000000Z,10.0225,10.027,10.018
2015-07-16T13:28:50.000000Z,10.021999999999998,10.027,10.017
2015-07-16T13:28:55.000000Z,10.0225,10.027,10.018
2015-07-16T13:29:00.000000Z,10.0205,10.025,10.016
2015-07-16T13:29:05.000000Z,10.0205,10.025,10.016
2015-07-16T13:29:10.000000Z,10.02,10.024,10.016
2015-07-16T13:29:15.000000Z,10.0205,10.025,10.016
2015-07-16T13:29:25.000000Z,10.0195,10.024,10.015
2015-07-16T13:29:30.000000Z,10.018999999999998,10.024,10.014
2015-07-16T13:29:35.000000Z,10.018999999999998,10.024,10.014
2015-07-16T13:30:00.000000Z,10.0195,10.024,10.015
2015-07-16T13:30:10.000000Z,10.0185,10.022,10.015
2015-07-16T13:30:35.000000Z,10.0195,10.024,10.015
2015-07-16T13:30:40.000000Z,10.0195,10.023,10.016
2015-07-16T13:31:00.000000Z,10.0195,10.024,10.015
2015-07-16T13:31:05.000000Z,10.0225,10.027,10.018
2015-07-16T13:31:25.000000Z,10.020499999999998,10.024,10.017
2015-07-16T13:31:35.000000Z,10.0225,10.027,10.018
2015-07-16T13:31:50.000000Z,10.0225,10.027,10.018
2015-07-16T13:31:55.000000Z,10.025,10.029,10.021
2015-07-16T13:32:15.000000Z,10.026,10.031,10.021
2015-07-16T13:32:20.000000Z,10.025500000000001,10.03,10.021
2015-07-16T13:32:40.000000Z,10.024000000000001,10.029,10.019
2015-07-16T13:32:50.000000Z,10.0225,10.027,10.018
2015-07-16T13:32:55.000000Z,10.0225,10.026,10.019
2015-07-16T13:33:00.000000Z,10.021,10.025,10.017
2015-07-16T13:33:15.000000Z,10.021,10.025,10.017
2015-07-16T13:34:15.000000Z,10.020499999999998,10.024,10.017
2015-07-16T13:35:20.000000Z,10.018,10.021,10.015
2015-07-16T13:35:25.000000Z,10.0165,10.021,10.012
2015-07-16T13:35:30.000000Z,10.0165,10.021,10.012
2015-07-16T13:35:45.000000Z,10.0165,10.021,10.012
2015-07-16T13:36:20.000000Z,10.0165,10.021,10.012
2015-07-16T13:36:40.000000Z,10.0165,10.021,10.012
2015-07-16T13:37:10.000000Z,10.0165,10.021,10.012
2015-07-16T13:37:30.000000Z,10.0175,10.022,10.013
2015-07-16T13:37:45.000000Z,10.0155,10.02,10.011
2015-07-16T13:38:00.000000Z,10.0165,10.021,10.012
2015-07-16T13:38:20.000000Z,10.0155,10.02,10.011
2015-07-16T13:38:40.000000Z,10.0185,10.024,10.013
2015-07-16T13:38:45.000000Z,10.0185,10.023,10.014
2015-07-16T13:38:55.000000Z,10.019,10.023,10.015
2015-07-16T13:39:05.000000Z,10.0185,10.023,10.014
2015-07-16T13:39:15.000000Z,10.019,10.023,10.015
2015-07-16T13:39:20.000000Z,10.0185,10.023,10.014
2015-07-16T13:39:25.000000Z,10.0165,10.021,10.012
2015-07-16T13:39:35.000000Z,10.0155,10.02,10.011
2015-07-16T13:39:40.000000Z,10.0165,10.021,10.012
2015-07-16T13:39:45.000000Z,10.0165,10.021,10.012
2015-07-16T13:39:50.000000Z,10.016,10.021,10.011
2015-07-16T13:39:55.000000Z,10.0155,10.02,10.011
2015-07-16T13:40:00.000000Z,10.016,10.021,10.011
2015-07-16T13:40:05.000000Z,10.0165,10.021,10.012
2015-07-16T13:40:25.000000Z,10.0175,10.021,10.014
2015-07-16T13:40:55.000000Z,10.016,10.02,10.012
2015-07-16T13:41:00.000000Z,10.0165,10.021,10.012
2015-07-16T13:41:20.000000Z,10.0175,10.021,10.014
2015-07-16T13:41:30.000000Z,10.0165,10.021,10.012
2015-07-16T13:41:40.000000Z,10.0115,10.016,10.007
2015-07-16T13:41:50.000000Z,10.0125,10.017,10.008
2015-07-16T13:42:00.000000Z,10.013,10.017,10.009
2015-07-16T13:42:05.000000Z,10.0125,10.017,10.008
2015-07-16T13:42:20.000000Z,10.0125,10.017,10.008
2015-07-16T13:42:25.000000Z,10.0165,10.021,10.012
2015-07-16T13:42:30.000000Z,10.0165,10.021,10.012
2015-07-16T13:42:45.000000Z,10.0175,10.021,10.014
2015-07-16T13:43:15.000000Z,10.0195,10.023,10.016
2015-07-16T13:43:20.000000Z,10.021,10.025,10.017
2015-07-16T13:43:25.000000Z,10.020499999999998,10.024,10.017
2015-07-16T13:43:30.000000Z,10.0215,10.025,10.018
2015-07-16T13:43:35.000000Z,10.0215,10.025,10.018
2015-07-16T13:43:40.000000Z,10.0225,10.027,10.018
2015-07-16T13:44:20.000000Z,10.0205,10.025,10.016
2015-07-16T13:44:35.000000Z,10.0215,10.026,10.017
2015-07-16T13:44:40.000000Z,10.0215,10.026,10.017
2015-07-16T13:44:45.000000Z,10.022,10.026,10.018
2015-07-16T13:44:55.000000Z,10.0225,10.027,10.018
2015-07-16T13:45:00.000000Z,10.0225,10.027,10.018
2015-07-16T13:45:15.000000Z,10.021999999999998,10.027,10.017
2015-07-16T13:45:50.000000Z,10.0195,10.024,10.015
2015-07-16T13:46:00.000000Z,10.018999999999998,10.024,10.014
2015-07-16T13:46:10.000000Z,10.0195,10.024,10.015
2015-07-16T13:46:15.000000Z,10.018999999999998,10.024,10.014
2015-07-16T13:46:20.000000Z,10.0195,10.024,10.015
2015-07-16T13:47:15.000000Z,10.018999999999998,10.024,10.014
2015-07-16T13:47:25.000000Z,10.018,10.023,10.013
2015-07-16T13:47:40.000000Z,10.021999999999998,10.027,10.017
2015-07-16T13:47:55.000000Z,10.021,10.025,10.017
2015-07-16T13:48:05.000000Z,10.023,10.028,10.018
2015-07-16T13:48:10.000000Z,10.0225,10.027,10.018
2015-07-16T13:48:25.000000Z,10.027000000000001,10.032,10.022
2015-07-16T13:48:30.000000Z,10.027000000000001,10.031,10.023
2015-07-16T13:48:40.000000Z,10.028500000000001,10.034,10.023
2015-07-16T13:48:45.000000Z,10.030999999999999,10.036,10.026
2015-07-16T13:48:55.000000Z,10.031500000000001,10.037,10.026
2015-07-16T13:49:00.000000Z,10.0325,10.037,10.028
2015-07-16T13:49:05.000000Z,10.0315,10.036,10.027
2015-07-16T13:49:10.000000Z,10.0315,10.036,10.027
2015-07-16T13:49:20.000000Z,10.0315,10.036,10.027
2015-07-16T13:49:25.000000Z,10.0305,10.036,10.025
2015-07-16T13:49:30.000000Z,10.032,10.036,10.028
2015-07-16T13:49:35.000000Z,10.0315,10.036,10.027
2015-07-16T13:49:45.000000Z,10.029,10.034,10.024
2015-07-16T13:49:50.000000Z,10.0285,10.033,10.024
2015-07-16T13:50:00.000000Z,10.0285,10.033,10.024
2015-07-16T13:50:05.000000Z,10.029,10.033,10.025
2015-07-16T13:50:10.000000Z,10.0285,10.033,10.024
2015-07-16T13:50:15.000000Z,10.0285,10.033,10.024
2015-07-16T13:50:25.000000Z,10.029,10.033,10.025
2015-07-16T13:50:40.000000Z,10.026,10.031,10.021
2015-07-16T13:50:45.000000Z,10.024999999999999,10.03,10.02
2015-07-16T13:50:50.000000Z,10.024000000000001,10.028,10.02
2015-07-16T13:51:05.000000Z,10.0245,10.028,10.021
2015-07-16T13:51:15.000000Z,10.025500000000001,10.03,10.021
2015-07-16T13:51:20.000000Z,10.025500000000001,10.029,10.022
2015-07-16T13:51:40.000000Z,10.0265,10.031,10.022
2015-07-16T13:51:50.000000Z,10.026,10.03,10.022
2015-07-16T13:52:45.000000Z,10.0265,10.031,10.022
2015-07-16T13:53:10.000000Z,10.0265,10.031,10.022
2015-07-16T13:53:15.000000Z,10.026,10.03,10.022
2015-07-16T13:54:35.000000Z,10.0265,10.031,10.022
2015-07-16T13:54:40.000000Z,10.029,10.033,10.025
2015-07-16T13:55:10.000000Z,10.0275,10.032,10.023
2015-07-16T13:55:15.000000Z,10.025,10.029,10.021
2015-07-16T13:56:15.000000Z,10.024000000000001,10.028,10.02
2015-07-16T13:56:20.000000Z,10.0245,10.028,10.021
2015-07-16T13:56:35.000000Z,10.0245,10.028,10.021
2015-07-16T13:56:45.000000Z,10.024000000000001,10.027,10.021
2015-07-16T13:56:50.000000Z,10.0245,10.028,10.021
2015-07-16T13:56:55.000000Z,10.0245,10.028,10.021
2015-07-16T13:57:00.000000Z,10.0245,10.028,10.021
2015-07-16T13:57:35.000000Z,10.024000000000001,10.028,10.02
2015-07-16T13:57:40.000000Z,10.0225,10.028,10.017
2015-07-16T13:57:45.000000Z,10.0225,10.028,10.017
2015-07-16T13:57:50.000000Z,10.0225,10.028,10.017
2015-07-16T13:57:55.000000Z,10.0225,10.028,10.017
2015-07-16T13:58:00.000000Z,10.021999999999998,10.027,10.017
2015-07-16T13:58:20.000000Z,10.02,10.025,10.015
2015-07-16T13:58:30.000000Z,10.0195,10.024,10.015
2015-07-16T13:58:40.000000Z,10.021,10.026,10.016
2015-07-16T13:58:50.000000Z,10.0195,10.024,10.015
2015-07-16T13:58:55.000000Z,10.02,10.025,10.015
2015-07-16T13:59:00.000000Z,10.018999999999998,10.024,10.014
2015-07-16T13:59:05.000000Z,10.018999999999998,10.024,10.014
2015-07-16T13:59:10.000000Z,10.018999999999998,10.024,10.014
2015-07-16T13:59:20.000000Z,10.019,10.025,10.013
2015-07-16T13:59:25.000000Z,10.0185,10.024,10.013
2015-07-16T13:59:30.000000Z,10.0205,10.026,10.015
2015-07-16T13:59:35.000000Z,10.0185,10.024,10.013
2015-07-16T13:59:45.000000Z,10.0205,10.026,10.015
2015-07-16T13:59:50.000000Z,10.020499999999998,10.027,10.014
2015-07-16T13:59:55.000000Z,10.0195,10.029,10.01
2015-07-16T14:00:00.000000Z,10.016,10.027,10.005
2015-07-16T14:00:05.000000Z,10.0175,10.026,10.009
2015-07-16T14:00:10.000000Z,10.017,10.023,10.011
2015-07-16T14:00:15.000000Z,10.0165,10.024,10.009
2015-07-16T14:00:20.000000Z,10.0165,10.022,10.011
2015-07-16T14:00:25.000000Z,10.018,10.024,10.012
2015-07-16T14:00:35.000000Z,10.019,10.025,10.013
2015-07-16T14:00:40.000000Z,10.021,10.026,10.016
2015-07-16T14:00:45.000000Z,10.021,10.026,10.016
2015-07-16T14:00:50.000000Z,10.024000000000001,10.029,10.019
2015-07-16T14:00:55.000000Z,10.0225,10.027,10.018
2015-07-16T14:01:10.000000Z,10.0205,10.025,10.016
2015-07-16T14:01:15.000000Z,10.0195,10.025,10.014
2015-07-16T14:01:20.000000Z,10.0165,10.021,10.012
2015-07-16T14:01:25.000000Z,10.018999999999998,10.024,10.014
2015-07-16T14:01:30.000000Z,10.018999999999998,10.024,10.014
2015-07-16T14:01:35.000000Z,10.0195,10.024,10.015
2015-07-16T14:01:40.000000Z,10.0195,10.024,10.015
2015-07-16T14:02:15.000000Z,10.022,10.026,10.018
2015-07-16T14:02:20.000000Z,10.022,10.026,10.018
2015-07-16T14:02:45.000000Z,10.023,10.027,10.019
2015-07-16T14:02:50.000000Z,10.024000000000001,10.029,10.019
2015-07-16T14:02:55.000000Z,10.024999999999999,10.03,10.02
2015-07-16T14:03:00.000000Z,10.025500000000001,10.03,10.021
2015-07-16T14:03:05.000000Z,10.026,10.031,10.021
2015-07-16T14:03:10.000000Z,10.025500000000001,10.03,10.021
2015-07-16T14:03:15.000000Z,10.026,10.031,10.021
2015-07-16T14:03:20.000000Z,10.0275,10.031,10.024
2015-07-16T14:03:45.000000Z,10.025,10.029,10.021
2015-07-16T14:04:05.000000Z,10.025,10.028,10.022
2015-07-16T14:04:20.000000Z,10.025,10.029,10.021
2015-07-16T14:04:25.000000Z,10.027999999999999,10.033,10.023
2015-07-16T14:04:35.000000Z,10.032,10.038,10.026
2015-07-16T14:04:40.000000Z,10.032499999999999,10.038,10.027
2015-07-16T14:04:45.000000Z,10.033999999999999,10.039,10.029
2015-07-16T14:04:50.000000Z,10.032,10.036,10.028
2015-07-16T14:04:55.000000Z,10.0325,10.037,10.028
2015-07-16T14:05:00.000000Z,10.032499999999999,10.038,10.027
2015-07-16T14:05:05.000000Z,10.033999999999999,10.04,10.028
2015-07-16T14:05:10.000000Z,10.032,10.037,10.027
2015-07-16T14:05:15.000000Z,10.0305,10.035,10.026
2015-07-16T14:05:30.000000Z,10.029499999999999,10.033,10.026
2015-07-16T14:05:50.000000Z,10.030000000000001,10.034,10.026
2015-07-16T14:05:55.000000Z,10.029499999999999,10.033,10.026
2015-07-16T14:06:10.000000Z,10.031500000000001,10.035,10.028
2015-07-16T14:06:20.000000Z,10.030000000000001,10.034,10.026
2015-07-16T14:06:40.000000Z,10.0285,10.033,10.024
2015-07-16T14:06:55.000000Z,10.026,10.031,10.021
2015-07-16T14:07:00.000000Z,10.025500000000001,10.03,10.021
2015-07-16T14:07:05.000000Z,10.025500000000001,10.03,10.021
2015-07-16T14:07:40.000000Z,10.0245,10.028,10.021
2015-07-16T14:07:50.000000Z,10.024000000000001,10.029,10.019
2015-07-16T14:07:55.000000Z,10.0225,10.027,10.018
2015-07-16T14:08:10.000000Z,10.023,10.028,10.018
2015-07-16T14:08:20.000000Z,10.0225,10.027,10.018
2015-07-16T14:08:35.000000Z,10.0225,10.027,10.018
2015-07-16T14:09:10.000000Z,10.024000000000001,10.029,10.019
2015-07-16T14:09:15.000000Z,10.0235,10.028,10.019
2015-07-16T14:09:40.000000Z,10.023,10.027,10.019
2015-07-16T14:09:45.000000Z,10.0235,10.028,10.019
2015-07-16T14:09:50.000000Z,10.0235,10.028,10.019
2015-07-16T14:09:55.000000Z,10.0235,10.028,10.019
2015-07-16T14:10:05.000000Z,10.023499999999999,10.027,10.02
2015-07-16T14:10:10.000000Z,10.023499999999999,10.027,10.02
2015-07-16T14:10:25.000000Z,10.021,10.026,10.016
2015-07-16T14:10:30.000000Z,10.021,10.025,10.017
2015-07-16T14:11:10.000000Z,10.020499999999998,10.024,10.017
2015-07-16T14:11:15.000000Z,10.021,10.024,10.018
2015-07-16T14:11:20.000000Z,10.021,10.025,10.017
2015-07-16T14:11:40.000000Z,10.021,10.025,10.017
2015-07-16T14:11:45.000000Z,10.016,10.02,10.012
2015-07-16T14:11:55.000000Z,10.0155,10.02,10.011
2015-07-16T14:12:05.000000Z,10.0165,10.021,10.012
2015-07-16T14:12:10.000000Z,10.0165,10.021,10.012
2015-07-16T14:12:15.000000Z,10.0165,10.021,10.012
2015-07-16T14:12:35.000000Z,10.0175,10.021,10.014
2015-07-16T14:12:50.000000Z,10.0195,10.023,10.016
2015-07-16T14:12:55.000000Z,10.018,10.022,10.014
2015-07-16T14:13:55.000000Z,10.0195,10.023,10.016
2015-07-16T14:14:05.000000Z,10.018,10.023,10.013
2015-07-16T14:14:10.000000Z,10.017,10.021,10.013
2015-07-16T14:14:15.000000Z,10.0155,10.019,10.012
2015-07-16T14:14:20.000000Z,10.016,10.02,10.012
2015-07-16T14:14:25.000000Z,10.016,10.02,10.012
2015-07-16T14:14:30.000000Z,10.0155,10.02,10.011
2015-07-16T14:14:35.000000Z,10.0155,10.02,10.011
2015-07-16T14:14:40.000000Z,10.016,10.02,10.012
2015-07-16T14:15:05.000000Z,10.0145,10.019,10.01
2015-07-16T14:15:40.000000Z,10.0125,10.017,10.008
2015-07-16T14:15:45.000000Z,10.013,10.017,10.009
2015-07-16T14:15:50.000000Z,10.0105,10.016,10.005
2015-07-16T14:15:55.000000Z,10.010000000000002,10.015,10.005
2015-07-16T14:16:00.000000Z,10.0095,10.013,10.006
2015-07-16T14:16:10.000000Z,10.008500000000002,10.012,10.005
2015-07-16T14:16:15.000000Z,10.0075,10.012,10.003
2015-07-16T14:16:25.000000Z,10.009,10.013,10.005
2015-07-16T14:17:05.000000Z,10.009,10.012,10.006
2015-07-16T14:17:10.000000Z,10.009,10.013,10.005
2015-07-16T14:17:15.000000Z,10.01,10.013,10.007
2015-07-16T14:17:25.000000Z,10.01,10.014,10.006
2015-07-16T14:17:35.000000Z,10.0115,10.015,10.008
2015-07-16T14:17:40.000000Z,10.011,10.014,10.008
2015-07-16T14:17:50.000000Z,10.0115,10.015,10.008
2015-07-16T14:18:00.000000Z,10.0135,10.017,10.01
2015-07-16T14:19:15.000000Z,10.0165,10.021,10.012
2015-07-16T14:19:20.000000Z,10.02,10.024,10.016
2015-07-16T14:19:25.000000Z,10.019,10.022,10.016
2015-07-16T14:19:35.000000Z,10.018,10.022,10.014
2015-07-16T14:19:45.000000Z,10.0185,10.022,10.015
2015-07-16T14:19:50.000000Z,10.018,10.022,10.014
2015-07-16T14:19:55.000000Z,10.0185,10.022,10.015
2015-07-16T14:20:30.000000Z,10.0155,10.02,10.011
2015-07-16T14:20:35.000000Z,10.016,10.02,10.012
2015-07-16T14:20:40.000000Z,10.0175,10.022,10.013
2015-07-16T14:20:45.000000Z,10.020499999999998,10.024,10.017
2015-07-16T14:21:05.000000Z,10.020499999999998,10.024,10.017
2015-07-16T14:21:25.000000Z,10.0195,10.024,10.015
2015-07-16T14:21:35.000000Z,10.0185,10.022,10.015
2015-07-16T14:21:50.000000Z,10.0195,10.024,10.015
2015-07-16T14:21:55.000000Z,10.0195,10.023,10.016
2015-07-16T14:22:10.000000Z,10.0185,10.023,10.014
2015-07-16T14:22:25.000000Z,10.019,10.023,10.015
2015-07-16T14:22:35.000000Z,10.0205,10.025,10.016
2015-07-16T14:23:10.000000Z,10.0215,10.025,10.018
2015-07-16T14:23:15.000000Z,10.020499999999998,10.024,10.017
2015-07-16T14:23:25.000000Z,10.020499999999998,10.024,10.017
2015-07-16T14:23:30.000000Z,10.021,10.025,10.017
2015-07-16T14:23:35.000000Z,10.020499999999998,10.024,10.017
2015-07-16T14:23:40.000000Z,10.023,10.027,10.019
2015-07-16T14:24:05.000000Z,10.023499999999999,10.027,10.02
2015-07-16T14:24:10.000000Z,10.024000000000001,10.027,10.021
2015-07-16T14:24:15.000000Z,10.023499999999999,10.027,10.02
2015-07-16T14:24:20.000000Z,10.023499999999999,10.027,10.02
2015-07-16T14:24:25.000000Z,10.023499999999999,10.027,10.02
2015-07-16T14:24:30.000000Z,10.023,10.027,10.019
2015-07-16T14:24:40.000000Z,10.022,10.026,10.018
2015-07-16T14:24:50.000000Z,10.02,10.024,10.016
2015-07-16T14:24:55.000000Z,10.019,10.023,10.015
2015-07-16T14:25:00.000000Z,10.0205,10.025,10.016
2015-07-16T14:25:05.000000Z,10.020499999999998,10.024,10.017
2015-07-16T14:25:10.000000Z,10.020499999999998,10.024,10.017
2015-07-16T14:25:20.000000Z,10.0225,10.026,10.019
2015-07-16T14:25:35.000000Z,10.0225,10.027,10.018
2015-07-16T14:25:40.000000Z,10.023499999999999,10.027,10.02
2015-07-16T14:26:00.000000Z,10.020499999999998,10.024,10.017
2015-07-16T14:26:05.000000Z,10.021,10.025,10.017
2015-07-16T14:26:10.000000Z,10.0215,10.025,10.018
2015-07-16T14:26:15.000000Z,10.020499999999998,10.024,10.017
2015-07-16T14:29:10.000000Z,10.020499999999998,10.024,10.017
2015-07-16T14:29:40.000000Z,10.0185,10.023,10.014
2015-07-16T14:29:55.000000Z,10.019,10.023,10.015
2015-07-16T14:30:15.000000Z,10.0175,10.022,10.013
2015-07-16T14:30:20.000000Z,10.018,10.022,10.014
2015-07-16T14:30:25.000000Z,10.0195,10.023,10.016
2015-07-16T14:30:30.000000Z,10.018,10.022,10.014
2015-07-16T14:30:40.000000Z,10.018,10.022,10.014
2015-07-16T14:30:45.000000Z,10.0155,10.02,10.011
2015-07-16T14:30:55.000000Z,10.0145,10.018,10.011
2015-07-16T14:31:45.000000Z,10.013,10.017,10.009
2015-07-16T14:31:50.000000Z,10.013,10.017,10.009
2015-07-16T14:32:00.000000Z,10.013,10.017,10.009
2015-07-16T14:33:00.000000Z,10.0105,10.014,10.007
2015-07-16T14:33:05.000000Z,10.0135,10.018,10.009
2015-07-16T14:33:20.000000Z,10.0155,10.02,10.011
2015-07-16T14:33:25.000000Z,10.0155,10.02,10.011
2015-07-16T14:33:30.000000Z,10.016,10.02,10.012
2015-07-16T14:33:45.000000Z,10.0155,10.02,10.011
2015-07-16T14:34:00.000000Z,10.016,10.02,10.012
2015-07-16T14:34:05.000000Z,10.018,10.022,10.014
2015-07-16T14:34:15.000000Z,10.016,10.02,10.012
2015-07-16T14:34:55.000000Z,10.0155,10.02,10.011
2015-07-16T14:35:35.000000Z,10.013,10.017,10.009
2015-07-16T14:36:20.000000Z,10.008500000000002,10.012,10.005
2015-07-16T14:37:00.000000Z,10.0105,10.015,10.006
2015-07-16T14:37:15.000000Z,10.0135,10.018,10.009
2015-07-16T14:37:20.000000Z,10.015,10.018,10.012
2015-07-16T14:37:25.000000Z,10.0145,10.018,10.011
2015-07-16T14:37:45.000000Z,10.0125,10.017,10.008
2015-07-16T14:37:50.000000Z,10.015,10.019,10.011
2015-07-16T14:37:55.000000Z,10.0155,10.019,10.012
2015-07-16T14:38:40.000000Z,10.013,10.017,10.009
2015-07-16T14:38:50.000000Z,10.0155,10.019,10.012
2015-07-16T14:39:30.000000Z,10.014,10.018,10.01
2015-07-16T14:39:40.000000Z,10.0155,10.019,10.012
2015-07-16T14:39:55.000000Z,10.0165,10.02,10.013
2015-07-16T14:41:15.000000Z,10.019,10.023,10.015
2015-07-16T14:41:25.000000Z,10.018,10.021,10.015
2015-07-16T14:41:30.000000Z,10.0185,10.022,10.015
2015-07-16T14:41:40.000000Z,10.018,10.022,10.014
2015-07-16T14:42:30.000000Z,10.016,10.02,10.012
2015-07-16T14:42:35.000000Z,10.016,10.02,10.012
2015-07-16T14:42:40.000000Z,10.016,10.02,10.012
2015-07-16T14:43:15.000000Z,10.016,10.02,10.012
2015-07-16T14:43:20.000000Z,10.016,10.02,10.012
2015-07-16T14:43:35.000000Z,10.016,10.02,10.012
2015-07-16T14:45:00.000000Z,10.0155,10.02,10.011
2015-07-16T14:45:05.000000Z,10.016,10.02,10.012
2015-07-16T14:45:10.000000Z,10.018,10.022,10.014
2015-07-16T14:45:15.000000Z,10.0165,10.02,10.013
2015-07-16T14:45:20.000000Z,10.017,10.021,10.013
2015-07-16T14:45:30.000000Z,10.0165,10.02,10.013
2015-07-16T14:46:00.000000Z,10.016,10.02,10.012
2015-07-16T14:46:40.000000Z,10.0155,10.02,10.011
2015-07-16T14:46:45.000000Z,10.0135,10.017,10.01
2015-07-16T14:46:55.000000Z,10.015,10.019,10.011
2015-07-16T14:47:05.000000Z,10.015,10.019,10.011
2015-07-16T14:47:10.000000Z,10.0135,10.017,10.01
2015-07-16T14:47:45.000000Z,10.0155,10.019,10.012
2015-07-16T14:48:00.000000Z,10.0135,10.017,10.01
2015-07-16T14:48:05.000000Z,10.0135,10.017,10.01
2015-07-16T14:48:15.000000Z,10.014,10.018,10.01
2015-07-16T14:48:20.000000Z,10.0155,10.019,10.012
2015-07-16T14:48:25.000000Z,10.014,10.018,10.01
2015-07-16T14:48:30.000000Z,10.0135,10.017,10.01
2015-07-16T14:48:35.000000Z,10.014,10.018,10.01
2015-07-16T14:48:40.000000Z,10.0135,10.017,10.01
2015-07-16T14:48:50.000000Z,10.0135,10.017,10.01
2015-07-16T14:48:55.000000Z,10.012,10.016,10.008
2015-07-16T14:49:00.000000Z,10.011,10.015,10.007
2015-07-16T14:49:05.000000Z,10.0105,10.014,10.007
2015-07-16T14:49:10.000000Z,10.011,10.015,10.007
2015-07-16T14:49:30.000000Z,10.0105,10.014,10.007
2015-07-16T14:50:00.000000Z,10.008500000000002,10.012,10.005
2015-07-16T14:50:05.000000Z,10.008,10.011,10.005
2015-07-16T14:50:10.000000Z,10.008500000000002,10.012,10.005
2015-07-16T14:50:35.000000Z,10.0075,10.011,10.004
2015-07-16T14:50:40.000000Z,10.008,10.011,10.005
2015-07-16T14:50:45.000000Z,10.008500000000002,10.012,10.005
2015-07-16T14:52:40.000000Z,10.008500000000002,10.012,10.005
2015-07-16T14:53:35.000000Z,10.0115,10.015,10.008
2015-07-16T14:53:40.000000Z,10.0115,10.015,10.008
2015-07-16T14:53:45.000000Z,10.0135,10.017,10.01
2015-07-16T14:53:50.000000Z,10.0135,10.017,10.01
2015-07-16T14:53:55.000000Z,10.0135,10.017,10.01
2015-07-16T14:54:00.000000Z,10.0135,10.017,10.01
2015-07-16T14:54:05.000000Z,10.014,10.018,10.01
2015-07-16T14:54:15.000000Z,10.0135,10.017,10.01
2015-07-16T14:54:25.000000Z,10.014,10.018,10.01
2015-07-16T14:54:30.000000Z,10.015,10.019,10.011
2015-07-16T14:54:40.000000Z,10.015,10.019,10.011
2015-07-16T14:54:45.000000Z,10.0155,10.019,10.012
2015-07-16T14:54:50.000000Z,10.0155,10.019,10.012
2015-07-16T14:54:55.000000Z,10.0155,10.019,10.012
2015-07-16T14:55:40.000000Z,10.0155,10.019,10.012
2015-07-16T14:55:45.000000Z,10.017,10.021,10.013
2015-07-16T14:55:55.000000Z,10.0165,10.02,10.013
2015-07-16T14:56:00.000000Z,10.016,10.02,10.012
2015-07-16T14:56:25.000000Z,10.018,10.022,10.014
2015-07-16T14:56:30.000000Z,10.0165,10.02,10.013
2015-07-16T14:57:30.000000Z,10.014,10.018,10.01
2015-07-16T14:57:40.000000Z,10.0155,10.019,10.012
2015-07-16T14:58:00.000000Z,10.015,10.019,10.011
2015-07-16T14:58:15.000000Z,10.013,10.017,10.009
2015-07-16T14:58:30.000000Z,10.0125,10.017,10.008
2015-07-16T14:58:35.000000Z,10.013,10.017,10.009
2015-07-16T14:58:45.000000Z,10.013,10.017,10.009
2015-07-16T14:58:55.000000Z,10.013,10.017,10.009
2015-07-16T14:59:25.000000Z,10.013,10.016,10.01
2015-07-16T14:59:40.000000Z,10.0145,10.018,10.011
2015-07-16T14:59:55.000000Z,10.0125,10.016,10.009
2015-07-16T15:00:00.000000Z,10.012,10.016,10.008
2015-07-16T15:00:05.000000Z,10.0125,10.016,10.009
2015-07-16T15:00:35.000000Z,10.014,10.018,10.01
2015-07-16T15:00:40.000000Z,10.014,10.018,10.01
2015-07-16T15:00:45.000000Z,10.015,10.018,10.012
2015-07-16T15:00:50.000000Z,10.0145,10.018,10.011
2015-07-16T15:01:00.000000Z,10.0165,10.02,10.013
2015-07-16T15:01:20.000000Z,10.0135,10.018,10.009
2015-07-16T15:01:25.000000Z,10.0155,10.019,10.012
2015-07-16T15:01:30.000000Z,10.0155,10.019,10.012
2015-07-16T15:01:35.000000Z,10.015,10.019,10.011
2015-07-16T15:01:40.000000Z,10.0155,10.019,10.012
2015-07-16T15:01:50.000000Z,10.015,10.019,10.011
2015-07-16T15:01:55.000000Z,10.014,10.018,10.01
2015-07-16T15:02:00.000000Z,10.0135,10.017,10.01
2015-07-16T15:02:05.000000Z,10.012,10.016,10.008
2015-07-16T15:02:20.000000Z,10.012,10.016,10.008
2015-07-16T15:02:25.000000Z,10.0135,10.017,10.01
2015-07-16T15:02:40.000000Z,10.014,10.018,10.01
2015-07-16T15:02:50.000000Z,10.0155,10.019,10.012
2015-07-16T15:03:10.000000Z,10.0175,10.021,10.014
2015-07-16T15:03:15.000000Z,10.0155,10.019,10.012
2015-07-16T15:03:55.000000Z,10.0155,10.02,10.011
2015-07-16T15:04:00.000000Z,10.016,10.02,10.012
2015-07-16T15:04:40.000000Z,10.014,10.018,10.01
2015-07-16T15:04:55.000000Z,10.015,10.019,10.011
2015-07-16T15:05:00.000000Z,10.0135,10.018,10.009
2015-07-16T15:05:10.000000Z,10.013,10.017,10.009
2015-07-16T15:05:15.000000Z,10.0115,10.016,10.007
2015-07-16T15:05:35.000000Z,10.013,10.017,10.009
2015-07-16T15:05:40.000000Z,10.013,10.017,10.009
2015-07-16T15:05:55.000000Z,10.0125,10.017,10.008
2015-07-16T15:06:00.000000Z,10.0125,10.017,10.008
2015-07-16T15:06:05.000000Z,10.013,10.017,10.009
2015-07-16T15:06:25.000000Z,10.013,10.017,10.009
2015-07-16T15:07:50.000000Z,10.0145,10.019,10.01
2015-07-16T15:08:05.000000Z,10.013,10.017,10.009
2015-07-16T15:08:10.000000Z,10.016,10.02,10.012
2015-07-16T15:08:15.000000Z,10.0165,10.021,10.012
2015-07-16T15:08:20.000000Z,10.016,10.02,10.012
2015-07-16T15:09:00.000000Z,10.0155,10.02,10.011
2015-07-16T15:09:05.000000Z,10.0175,10.022,10.013
2015-07-16T15:09:25.000000Z,10.0175,10.021,10.014
2015-07-16T15:09:55.000000Z,10.019,10.023,10.015
2015-07-16T15:10:00.000000Z,10.02,10.024,10.016
2015-07-16T15:10:20.000000Z,10.022,10.026,10.018
2015-07-16T15:11:40.000000Z,10.022,10.026,10.018
2015-07-16T15:13:25.000000Z,10.022,10.025,10.019
2015-07-16T15:14:25.000000Z,10.022,10.026,10.018
2015-07-16T15:14:30.000000Z,10.02,10.024,10.016
2015-07-16T15:14:40.000000Z,10.0175,10.021,10.014
2015-07-16T15:15:20.000000Z,10.02,10.024,10.016
2015-07-16T15:15:40.000000Z,10.019,10.023,10.015
2015-07-16T15:16:25.000000Z,10.0165,10.02,10.013
2015-07-16T15:16:30.000000Z,10.018,10.022,10.014
2015-07-16T15:16:50.000000Z,10.018,10.022,10.014
2015-07-16T15:16:55.000000Z,10.0195,10.023,10.016
2015-07-16T15:17:15.000000Z,10.021,10.025,10.017
2015-07-16T15:19:20.000000Z,10.020499999999998,10.024,10.017
2015-07-16T15:20:10.000000Z,10.021,10.025,10.017
2015-07-16T15:21:45.000000Z,10.019,10.023,10.015
2015-07-16T15:21:55.000000Z,10.0195,10.024,10.015
2015-07-16T15:22:00.000000Z,10.0195,10.024,10.015
2015-07-16T15:22:05.000000Z,10.0195,10.024,10.015
2015-07-16T15:22:55.000000Z,10.022,10.026,10.018
2015-07-16T15:25:10.000000Z,10.0195,10.024,10.015
2015-07-16T15:25:20.000000Z,10.020499999999998,10.024,10.017
2015-07-16T15:25:25.000000Z,10.021,10.025,10.017
2015-07-16T15:25:45.000000Z,10.020499999999998,10.024,10.017
2015-07-16T15:26:00.000000Z,10.020499999999998,10.024,10.017
2015-07-16T15:26:15.000000Z,10.0195,10.024,10.015
2015-07-16T15:26:20.000000Z,10.0195,10.023,10.016
2015-07-16T15:26:35.000000Z,10.021,10.025,10.017
2015-07-16T15:26:40.000000Z,10.0195,10.023,10.016
2015-07-16T15:26:45.000000Z,10.021,10.025,10.017
2015-07-16T15:26:50.000000Z,10.021,10.025,10.017
2015-07-16T15:27:05.000000Z,10.021,10.025,10.017
2015-07-16T15:27:10.000000Z,10.021,10.025,10.017
2015-07-16T15:27:35.000000Z,10.0215,10.025,10.018
2015-07-16T15:27:40.000000Z,10.0215,10.025,10.018
2015-07-16T15:27:45.000000Z,10.021,10.025,10.017
2015-07-16T15:27:50.000000Z,10.0215,10.025,10.018
2015-07-16T15:27:55.000000Z,10.021,10.025,10.017
2015-07-16T15:28:00.000000Z,10.0215,10.025,10.018
2015-07-16T15:28:20.000000Z,10.020499999999998,10.024,10.017
2015-07-16T15:28:25.000000Z,10.021,10.025,10.017
2015-07-16T15:28:30.000000Z,10.021,10.025,10.017
2015-07-16T15:28:55.000000Z,10.021,10.025,10.017
2015-07-16T15:29:00.000000Z,10.021,10.025,10.017
2015-07-16T15:29:15.000000Z,10.021,10.025,10.017
2015-07-16T15:29:20.000000Z,10.021,10.025,10.017
2015-07-16T15:30:10.000000Z,10.0215,10.025,10.018
2015-07-16T15:30:15.000000Z,10.0215,10.025,10.018
2015-07-16T15:30:20.000000Z,10.021,10.025,10.017
2015-07-16T15:30:40.000000Z,10.0215,10.025,10.018
2015-07-16T15:31:05.000000Z,10.0215,10.025,10.018
2015-07-16T15:31:50.000000Z,10.021,10.025,10.017
2015-07-16T15:31:55.000000Z,10.0215,10.025,10.018
2015-07-16T15:32:05.000000Z,10.0215,10.025,10.018
2015-07-16T15:32:15.000000Z,10.0215,10.025,10.018
2015-07-16T15:33:30.000000Z,10.023499999999999,10.027,10.02
2015-07-16T15:33:35.000000Z,10.0245,10.028,10.021
2015-07-16T15:33:40.000000Z,10.0245,10.028,10.021
2015-07-16T15:34:15.000000Z,10.027000000000001,10.031,10.023
2015-07-16T15:34:25.000000Z,10.028500000000001,10.032,10.025
2015-07-16T15:34:30.000000Z,10.027999999999999,10.032,10.024
2015-07-16T15:35:05.000000Z,10.028500000000001,10.032,10.025
2015-07-16T15:35:10.000000Z,10.027999999999999,10.032,10.024
2015-07-16T15:35:15.000000Z,10.029499999999999,10.033,10.026
2015-07-16T15:35:20.000000Z,10.030000000000001,10.034,10.026
2015-07-16T15:36:25.000000Z,10.031500000000001,10.035,10.028
2015-07-16T15:36:40.000000Z,10.030000000000001,10.034,10.026
2015-07-16T15:36:45.000000Z,10.029,10.033,10.025
2015-07-16T15:37:25.000000Z,10.0275,10.033,10.022
2015-07-16T15:37:30.000000Z,10.029,10.033,10.025
2015-07-16T15:37:35.000000Z,10.0285,10.033,10.024
2015-07-16T15:38:20.000000Z,10.026,10.03,10.022
2015-07-16T15:38:35.000000Z,10.026,10.03,10.022
2015-07-16T15:38:55.000000Z,10.0265,10.031,10.022
2015-07-16T15:39:00.000000Z,10.0265,10.031,10.022
2015-07-16T15:40:15.000000Z,10.029,10.033,10.025
2015-07-16T15:41:50.000000Z,10.032,10.036,10.028
2015-07-16T15:41:55.000000Z,10.0285,10.033,10.024
2015-07-16T15:42:00.000000Z,10.0305,10.036,10.025
2015-07-16T15:42:05.000000Z,10.0285,10.033,10.024
2015-07-16T15:42:10.000000Z,10.028500000000001,10.035,10.022
2015-07-16T15:42:15.000000Z,10.028500000000001,10.034,10.023
2015-07-16T15:42:20.000000Z,10.027999999999999,10.033,10.023
2015-07-16T15:42:25.000000Z,10.027000000000001,10.032,10.022
2015-07-16T15:42:35.000000Z,10.0325,10.037,10.028
2015-07-16T15:42:40.000000Z,10.0305,10.036,10.025
2015-07-16T15:42:45.000000Z,10.0295,10.034,10.025
2015-07-16T15:42:55.000000Z,10.0305,10.037,10.024
2015-07-16T15:43:00.000000Z,10.033000000000001,10.038,10.028
2015-07-16T15:43:05.000000Z,10.033999999999999,10.038,10.03
2015-07-16T15:43:10.000000Z,10.0335,10.037,10.03
2015-07-16T15:43:25.000000Z,10.0335,10.038,10.029
2015-07-16T15:44:10.000000Z,10.033999999999999,10.038,10.03
2015-07-16T15:44:20.000000Z,10.033999999999999,10.038,10.03
2015-07-16T15:44:40.000000Z,10.033999999999999,10.038,10.03
2015-07-16T15:46:15.000000Z,10.030000000000001,10.034,10.026
2015-07-16T15:46:25.000000Z,10.029499999999999,10.033,10.026
2015-07-16T15:46:35.000000Z,10.030999999999999,10.035,10.027
2015-07-16T15:46:40.000000Z,10.033000000000001,10.037,10.029
2015-07-16T15:46:50.000000Z,10.030999999999999,10.035,10.027
2015-07-16T15:46:55.000000Z,10.030999999999999,10.035,10.027
2015-07-16T15:47:00.000000Z,10.031500000000001,10.035,10.028
2015-07-16T15:47:05.000000Z,10.030999999999999,10.035,10.027
2015-07-16T15:47:15.000000Z,10.031500000000001,10.035,10.028
2015-07-16T15:47:25.000000Z,10.030999999999999,10.035,10.027
2015-07-16T15:47:35.000000Z,10.030999999999999,10.035,10.027
2015-07-16T15:48:25.000000Z,10.031500000000001,10.035,10.028
2015-07-16T15:48:30.000000Z,10.030999999999999,10.035,10.027
2015-07-16T15:48:50.000000Z,10.033000000000001,10.037,10.029
2015-07-16T15:48:55.000000Z,10.032499999999999,10.036,10.029
2015-07-16T15:49:00.000000Z,10.030999999999999,10.035,10.027
2015-07-16T15:49:05.000000Z,10.031500000000001,10.035,10.028
2015-07-16T15:50:00.000000Z,10.031500000000001,10.035,10.028
2015-07-16T15:50:05.000000Z,10.030999999999999,10.035,10.027
2015-07-16T15:50:10.000000Z,10.031500000000001,10.035,10.028
2015-07-16T15:50:15.000000Z,10.030999999999999,10.035,10.027
2015-07-16T15:50:20.000000Z,10.033000000000001,10.037,10.029
2015-07-16T15:50:30.000000Z,10.031500000000001,10.035,10.028
2015-07-16T15:50:40.000000Z,10.033000000000001,10.037,10.029
2015-07-16T15:50:50.000000Z,10.030999999999999,10.035,10.027
2015-07-16T15:50:55.000000Z,10.031500000000001,10.035,10.028
2015-07-16T15:51:05.000000Z,10.032,10.036,10.028
2015-07-16T15:52:25.000000Z,10.029499999999999,10.033,10.026
2015-07-16T15:52:55.000000Z,10.030000000000001,10.034,10.026
2015-07-16T15:53:00.000000Z,10.030000000000001,10.034,10.026
2015-07-16T15:53:30.000000Z,10.029499999999999,10.033,10.026
2015-07-16T15:53:45.000000Z,10.030000000000001,10.034,10.026
2015-07-16T15:53:50.000000Z,10.027999999999999,10.032,10.024
2015-07-16T15:54:00.000000Z,10.027999999999999,10.032,10.024
2015-07-16T15:54:30.000000Z,10.026499999999999,10.03,10.023
2015-07-16T15:54:35.000000Z,10.027000000000001,10.032,10.022
2015-07-16T15:54:40.000000Z,10.026499999999999,10.03,10.023
2015-07-16T15:54:45.000000Z,10.026499999999999,10.03,10.023
2015-07-16T15:54:55.000000Z,10.026499999999999,10.03,10.023
2015-07-16T15:56:15.000000Z,10.027000000000001,10.031,10.023
2015-07-16T15:56:20.000000Z,10.026499999999999,10.03,10.023
2015-07-16T15:56:30.000000Z,10.0245,10.029,10.02
2015-07-16T15:56:55.000000Z,10.021999999999998,10.027,10.017
2015-07-16T15:57:00.000000Z,10.0205,10.025,10.016
2015-07-16T15:57:05.000000Z,10.0215,10.026,10.017
2015-07-16T15:57:10.000000Z,10.022,10.026,10.018
2015-07-16T15:57:15.000000Z,10.0205,10.025,10.016
2015-07-16T15:58:05.000000Z,10.0205,10.026,10.015
2015-07-16T15:58:20.000000Z,10.0195,10.024,10.015
2015-07-16T15:58:35.000000Z,10.0195,10.024,10.015
2015-07-16T15:58:45.000000Z,10.02,10.025,10.015
2015-07-16T15:58:50.000000Z,10.0195,10.024,10.015
2015-07-16T15:59:20.000000Z,10.02,10.025,10.015
2015-07-16T15:59:35.000000Z,10.02,10.025,10.015
2015-07-16T15:59:40.000000Z,10.0195,10.024,10.015
2015-07-16T16:00:00.000000Z,10.02,10.025,10.015
2015-07-16T16:00:05.000000Z,10.018999999999998,10.024,10.014
2015-07-16T16:00:20.000000Z,10.02,10.025,10.015
2015-07-16T16:00:25.000000Z,10.02,10.025,10.015
2015-07-16T16:00:30.000000Z,10.0195,10.025,10.014
2015-07-16T16:00:35.000000Z,10.018999999999998,10.024,10.014
2015-07-16T16:00:40.000000Z,10.0195,10.025,10.014
2015-07-16T16:00:45.000000Z,10.0195,10.025,10.014
2015-07-16T16:00:50.000000Z,10.02,10.025,10.015
2015-07-16T16:01:00.000000Z,10.0205,10.026,10.015
2015-07-16T16:02:20.000000Z,10.0215,10.026,10.017
2015-07-16T16:04:45.000000Z,10.018999999999998,10.024,10.014
2015-07-16T16:04:50.000000Z,10.02,10.025,10.015
2015-07-16T16:04:55.000000Z,10.0195,10.024,10.015
2015-07-16T16:06:30.000000Z,10.0185,10.022,10.015
2015-07-16T16:06:55.000000Z,10.0195,10.024,10.015
2015-07-16T16:09:00.000000Z,10.0215,10.026,10.017
2015-07-16T16:09:30.000000Z,10.022,10.026,10.018
2015-07-16T16:09:35.000000Z,10.0215,10.026,10.017
2015-07-16T16:09:40.000000Z,10.022,10.026,10.018
2015-07-16T16:09:50.000000Z,10.0215,10.026,10.017
2015-07-16T16:09:55.000000Z,10.0215,10.026,10.017
2015-07-16T16:10:00.000000Z,10.022,10.026,10.018
2015-07-16T16:10:05.000000Z,10.0215,10.026,10.017
2015-07-16T16:10:10.000000Z,10.0215,10.026,10.017
2015-07-16T16:10:15.000000Z,10.0215,10.026,10.017
2015-07-16T16:10:20.000000Z,10.022,10.026,10.018
2015-07-16T16:11:00.000000Z,10.02,10.024,10.016
2015-07-16T16:11:30.000000Z,10.0205,10.025,10.016
2015-07-16T16:12:35.000000Z,10.02,10.024,10.016
2015-07-16T16:13:10.000000Z,10.0205,10.025,10.016
2015-07-16T16:13:25.000000Z,10.022,10.026,10.018
2015-07-16T16:13:35.000000Z,10.018,10.022,10.014
2015-07-16T16:14:35.000000Z,10.02,10.024,10.016
2015-07-16T16:14:40.000000Z,10.0205,10.025,10.016
2015-07-16T16:14:55.000000Z,10.022,10.026,10.018
2015-07-16T16:15:10.000000Z,10.022,10.026,10.018
2015-07-16T16:15:20.000000Z,10.0215,10.026,10.017
2015-07-16T16:15:25.000000Z,10.0235,10.028,10.019
2015-07-16T16:15:30.000000Z,10.022,10.026,10.018
2015-07-16T16:15:40.000000Z,10.0235,10.028,10.019
2015-07-16T16:15:45.000000Z,10.0235,10.028,10.019
2015-07-16T16:16:05.000000Z,10.022,10.026,10.018
2015-07-16T16:16:10.000000Z,10.0235,10.028,10.019
2015-07-16T16:16:20.000000Z,10.023,10.027,10.019
2015-07-16T16:16:30.000000Z,10.022,10.026,10.018
2015-07-16T16:16:35.000000Z,10.022,10.026,10.018
2015-07-16T16:16:40.000000Z,10.0215,10.026,10.017
2015-07-16T16:17:05.000000Z,10.022,10.026,10.018
2015-07-16T16:17:10.000000Z,10.0215,10.026,10.017
2015-07-16T16:17:20.000000Z,10.022,10.026,10.018
2015-07-16T16:17:25.000000Z,10.022,10.026,10.018
2015-07-16T16:18:00.000000Z,10.022,10.026,10.018
2015-07-16T16:18:10.000000Z,10.021999999999998,10.027,10.017
2015-07-16T16:18:15.000000Z,10.021999999999998,10.027,10.017
2015-07-16T16:18:25.000000Z,10.0225,10.027,10.018
2015-07-16T16:19:15.000000Z,10.021,10.026,10.016
2015-07-16T16:19:30.000000Z,10.021,10.025,10.017
2015-07-16T16:23:05.000000Z,10.021,10.026,10.016
2015-07-16T16:23:50.000000Z,10.018999999999998,10.024,10.014
2015-07-16T16:23:55.000000Z,10.0195,10.024,10.015
2015-07-16T16:24:20.000000Z,10.018999999999998,10.024,10.014
2015-07-16T16:24:30.000000Z,10.0165,10.021,10.012
2015-07-16T16:27:05.000000Z,10.018,10.022,10.014
2015-07-16T16:27:15.000000Z,10.018,10.022,10.014
2015-07-16T16:30:15.000000Z,10.013,10.018,10.008
2015-07-16T16:30:25.000000Z,10.0135,10.018,10.009
2015-07-16T16:30:50.000000Z,10.0155,10.02,10.011
2015-07-16T16:30:55.000000Z,10.0155,10.02,10.011
2015-07-16T16:31:00.000000Z,10.016,10.02,10.012
2015-07-16T16:31:05.000000Z,10.0165,10.021,10.012
2015-07-16T16:31:15.000000Z,10.016,10.02,10.012
2015-07-16T16:34:45.000000Z,10.014,10.018,10.01
2015-07-16T16:35:35.000000Z,10.015,10.019,10.011
2015-07-16T16:35:40.000000Z,10.015,10.02,10.01
2015-07-16T16:35:45.000000Z,10.014,10.019,10.009
2015-07-16T16:36:05.000000Z,10.013,10.017,10.009
2015-07-16T16:36:25.000000Z,10.0125,10.017,10.008
2015-07-16T16:36:40.000000Z,10.013,10.017,10.009
2015-07-16T16:36:55.000000Z,10.013,10.017,10.009
2015-07-16T16:37:45.000000Z,10.0125,10.017,10.008
2015-07-16T16:40:10.000000Z,10.013,10.017,10.009
2015-07-16T16:40:25.000000Z,10.013,10.017,10.009
2015-07-16T16:40:30.000000Z,10.013,10.017,10.009
2015-07-16T16:40:35.000000Z,10.0135,10.018,10.009
2015-07-16T16:40:40.000000Z,10.013,10.017,10.009
2015-07-16T16:40:50.000000Z,10.013,10.017,10.009
2015-07-16T16:40:55.000000Z,10.013,10.017,10.009
2015-07-16T16:41:00.000000Z,10.013,10.017,10.009
2015-07-16T16:41:05.000000Z,10.0125,10.017,10.008
2015-07-16T16:41:15.000000Z,10.0135,10.018,10.009
2015-07-16T16:41:20.000000Z,10.013,10.017,10.009
2015-07-16T16:41:30.000000Z,10.0135,10.018,10.009
2015-07-16T16:41:40.000000Z,10.013,10.018,10.008
2015-07-16T16:41:45.000000Z,10.013,10.018,10.008
2015-07-16T16:41:50.000000Z,10.013,10.018,10.008
2015-07-16T16:41:55.000000Z,10.013,10.018,10.008
2015-07-16T16:42:05.000000Z,10.0135,10.018,10.009
2015-07-16T16:42:10.000000Z,10.0135,10.018,10.009
2015-07-16T16:42:15.000000Z,10.0135,10.018,10.009
2015-07-16T16:42:20.000000Z,10.0125,10.017,10.008
2015-07-16T16:42:25.000000Z,10.013,10.018,10.008
2015-07-16T16:42:30.000000Z,10.013,10.018,10.008
2015-07-16T16:42:40.000000Z,10.013,10.018,10.008
2015-07-16T16:42:50.000000Z,10.013,10.018,10.008
2015-07-16T16:42:55.000000Z,10.013,10.018,10.008
2015-07-16T16:43:10.000000Z,10.013,10.018,10.008
2015-07-16T16:43:20.000000Z,10.013,10.018,10.008
2015-07-16T16:43:25.000000Z,10.013,10.018,10.008
2015-07-16T16:43:30.000000Z,10.013,10.018,10.008
2015-07-16T16:43:40.000000Z,10.013,10.018,10.008
2015-07-16T16:44:00.000000Z,10.013,10.018,10.008
2015-07-16T16:44:05.000000Z,10.013,10.018,10.008
2015-07-16T16:44:10.000000Z,10.0125,10.017,10.008
2015-07-16T16:44:25.000000Z,10.0135,10.018,10.009
2015-07-16T16:44:55.000000Z,10.0135,10.018,10.009
2015-07-16T16:45:10.000000Z,10.0125,10.017,10.008
2015-07-16T16:45:35.000000Z,10.013,10.018,10.008
2015-07-16T16:45:40.000000Z,10.0125,10.017,10.008
2015-07-16T16:45:45.000000Z,10.012,10.016,10.008
2015-07-16T16:45:50.000000Z,10.012,10.016,10.008
2015-07-16T16:45:55.000000Z,10.012,10.016,10.008
2015-07-16T16:46:05.000000Z,10.012,10.016,10.008
2015-07-16T16:46:10.000000Z,10.012,10.016,10.008
2015-07-16T16:53:40.000000Z,10.013,10.017,10.009
2015-07-16T16:53:50.000000Z,10.0125,10.017,10.008
2015-07-16T16:53:55.000000Z,10.015,10.02,10.01
2015-07-16T16:54:10.000000Z,10.016,10.02,10.012
2015-07-16T16:54:15.000000Z,10.0155,10.02,10.011
2015-07-16T16:54:25.000000Z,10.0165,10.021,10.012
2015-07-16T16:54:30.000000Z,10.016,10.02,10.012
2015-07-16T16:54:35.000000Z,10.016,10.02,10.012
2015-07-16T16:54:40.000000Z,10.016,10.02,10.012
2015-07-16T16:54:45.000000Z,10.0165,10.021,10.012
2015-07-16T16:54:55.000000Z,10.0155,10.02,10.011
2015-07-16T16:55:35.000000Z,10.016,10.02,10.012
2015-07-16T16:56:15.000000Z,10.0155,10.02,10.011
2015-07-16T16:56:20.000000Z,10.0155,10.02,10.011
2015-07-16T16:56:25.000000Z,10.016,10.02,10.012
2015-07-16T16:56:30.000000Z,10.016,10.02,10.012
2015-07-16T16:57:00.000000Z,10.0195,10.024,10.015
2015-07-16T16:57:15.000000Z,10.0195,10.023,10.016
2015-07-16T16:58:50.000000Z,10.0185,10.023,10.014
2015-07-16T16:59:05.000000Z,10.0155,10.02,10.011
2015-07-16T16:59:20.000000Z,10.016,10.02,10.012
2015-07-16T17:00:10.000000Z,10.0155,10.02,10.011
2015-07-16T17:00:15.000000Z,10.016,10.02,10.012
2015-07-16T17:00:20.000000Z,10.016,10.02,10.012
2015-07-16T17:00:35.000000Z,10.016,10.02,10.012
2015-07-16T17:00:40.000000Z,10.016,10.02,10.012
2015-07-16T17:01:00.000000Z,10.0165,10.021,10.012
2015-07-16T17:02:20.000000Z,10.018999999999998,10.024,10.014
2015-07-16T17:02:25.000000Z,10.0195,10.024,10.015
2015-07-16T17:03:20.000000Z,10.0175,10.022,10.013
2015-07-16T17:04:50.000000Z,10.019,10.023,10.015
2015-07-16T17:05:00.000000Z,10.02,10.024,10.016
2015-07-16T17:05:20.000000Z,10.0205,10.025,10.016
2015-07-16T17:06:00.000000Z,10.02,10.024,10.016
2015-07-16T17:06:05.000000Z,10.0205,10.025,10.016
2015-07-16T17:08:15.000000Z,10.022,10.026,10.018
2015-07-16T17:09:40.000000Z,10.02,10.024,10.016
2015-07-16T17:11:15.000000Z,10.0205,10.025,10.016
2015-07-16T17:12:05.000000Z,10.02,10.024,10.016
2015-07-16T17:12:50.000000Z,10.0185,10.023,10.014
2015-07-16T17:13:05.000000Z,10.016,10.02,10.012
2015-07-16T17:13:30.000000Z,10.0165,10.021,10.012
2015-07-16T17:13:35.000000Z,10.016,10.02,10.012
2015-07-16T17:14:00.000000Z,10.0165,10.021,10.012
2015-07-16T17:14:05.000000Z,10.0165,10.021,10.012
2015-07-16T17:14:10.000000Z,10.016,10.02,10.012
2015-07-16T17:14:15.000000Z,10.0165,10.021,10.012
2015-07-16T17:15:25.000000Z,10.016,10.02,10.012
2015-07-16T17:15:45.000000Z,10.0165,10.021,10.012
2015-07-16T17:15:50.000000Z,10.016,10.02,10.012
2015-07-16T17:16:00.000000Z,10.016,10.02,10.012
2015-07-16T17:16:20.000000Z,10.0165,10.021,10.012
2015-07-16T17:16:25.000000Z,10.016,10.02,10.012
2015-07-16T17:16:50.000000Z,10.0155,10.02,10.011
2015-07-16T17:17:30.000000Z,10.016,10.02,10.012
2015-07-16T17:17:35.000000Z,10.0145,10.019,10.01
2015-07-16T17:20:05.000000Z,10.0155,10.02,10.011
2015-07-16T17:20:10.000000Z,10.0155,10.02,10.011
2015-07-16T17:20:15.000000Z,10.016,10.02,10.012
2015-07-16T17:20:25.000000Z,10.0155,10.02,10.011
2015-07-16T17:20:30.000000Z,10.016,10.02,10.012
2015-07-16T17:20:40.000000Z,10.0165,10.021,10.012
2015-07-16T17:20:45.000000Z,10.0155,10.02,10.011
2015-07-16T17:20:50.000000Z,10.016,10.02,10.012
2015-07-16T17:20:55.000000Z,10.016,10.02,10.012
2015-07-16T17:21:00.000000Z,10.016,10.02,10.012
2015-07-16T17:22:00.000000Z,10.0165,10.021,10.012
2015-07-16T17:22:45.000000Z,10.016,10.02,10.012
2015-07-16T17:23:10.000000Z,10.0165,10.021,10.012
2015-07-16T17:23:25.000000Z,10.016,10.02,10.012
2015-07-16T17:31:30.000000Z,10.0155,10.02,10.011
2015-07-16T17:34:50.000000Z,10.0145,10.018,10.011
2015-07-16T17:37:15.000000Z,10.013,10.017,10.009
2015-07-16T17:39:05.000000Z,10.0135,10.018,10.009
2015-07-16T17:39:15.000000Z,10.016,10.02,10.012
2015-07-16T17:39:20.000000Z,10.016,10.02,10.012
2015-07-16T17:40:00.000000Z,10.0165,10.021,10.012
2015-07-16T17:40:05.000000Z,10.016,10.02,10.012
2015-07-16T17:40:25.000000Z,10.016,10.02,10.012
2015-07-16T17:40:30.000000Z,10.016,10.02,10.012
2015-07-16T17:43:15.000000Z,10.0155,10.02,10.011
2015-07-16T17:43:20.000000Z,10.0155,10.02,10.011
2015-07-16T17:43:35.000000Z,10.016,10.02,10.012
2015-07-16T17:43:55.000000Z,10.016,10.02,10.012
2015-07-16T17:44:05.000000Z,10.0155,10.02,10.011
2015-07-16T17:44:20.000000Z,10.016,10.02,10.012
2015-07-16T17:44:25.000000Z,10.0155,10.02,10.011
2015-07-16T17:44:30.000000Z,10.013,10.018,10.008
2015-07-16T17:44:35.000000Z,10.0125,10.017,10.008
2015-07-16T17:44:40.000000Z,10.0125,10.017,10.008
2015-07-16T17:44:45.000000Z,10.013,10.017,10.009
2015-07-16T17:44:50.000000Z,10.0125,10.017,10.008
2015-07-16T17:44:55.000000Z,10.0125,10.017,10.008
2015-07-16T17:45:00.000000Z,10.0135,10.018,10.009
2015-07-16T17:45:05.000000Z,10.0125,10.017,10.008
2015-07-16T17:45:20.000000Z,10.013,10.017,10.009
2015-07-16T17:45:30.000000Z,10.0125,10.017,10.008
2015-07-16T17:46:20.000000Z,10.013,10.017,10.009
2015-07-16T17:46:25.000000Z,10.013,10.017,10.009
2015-07-16T17:46:40.000000Z,10.0125,10.017,10.008
2015-07-16T17:46:45.000000Z,10.013,10.017,10.009
2015-07-16T17:47:35.000000Z,10.0125,10.017,10.008
2015-07-16T17:47:40.000000Z,10.010000000000002,10.015,10.005
2015-07-16T17:47:45.000000Z,10.0115,10.017,10.006
2015-07-16T17:47:50.000000Z,10.0105,10.015,10.006
2015-07-16T17:47:55.000000Z,10.0125,10.017,10.008
2015-07-16T17:48:00.000000Z,10.0125,10.016,10.009
2015-07-16T17:48:05.000000Z,10.011,10.016,10.006
2015-07-16T17:48:10.000000Z,10.0095,10.015,10.004
2015-07-16T17:48:15.000000Z,10.010000000000002,10.015,10.005
2015-07-16T17:48:30.000000Z,10.011,10.015,10.007
2015-07-16T17:49:45.000000Z,10.012,10.017,10.007
2015-07-16T17:49:50.000000Z,10.0095,10.014,10.005
2015-07-16T17:50:45.000000Z,10.0095,10.014,10.005
2015-07-16T17:51:30.000000Z,10.0095,10.014,10.005
2015-07-16T17:52:00.000000Z,10.0095,10.013,10.006
2015-07-16T17:52:15.000000Z,10.0095,10.014,10.005
2015-07-16T17:52:30.000000Z,10.012,10.016,10.008
2015-07-16T17:52:35.000000Z,10.01,10.014,10.006
2015-07-16T17:52:40.000000Z,10.0105,10.015,10.006
2015-07-16T17:52:45.000000Z,10.0115,10.016,10.007
2015-07-16T17:52:50.000000Z,10.01,10.014,10.006
2015-07-16T17:53:00.000000Z,10.0105,10.015,10.006
2015-07-16T17:53:20.000000Z,10.0075,10.014,10.001
2015-07-16T17:53:25.000000Z,10.0075,10.013,10.002
2015-07-16T17:53:35.000000Z,10.0045,10.011,9.998
2015-07-16T17:53:40.000000Z,10.0045,10.01,9.999
2015-07-16T17:53:45.000000Z,10.0025,10.007,9.998
2015-07-16T17:53:50.000000Z,10.003499999999999,10.009,9.998
2015-07-16T17:54:15.000000Z,10.003499999999999,10.008,9.999
2015-07-16T17:54:20.000000Z,10.004000000000001,10.009,9.999
2015-07-16T17:54:40.000000Z,10.006499999999999,10.011,10.002
2015-07-16T17:54:50.000000Z,10.006,10.01,10.002
2015-07-16T17:55:00.000000Z,10.011,10.016,10.006
2015-07-16T17:55:05.000000Z,10.011,10.015,10.007
2015-07-16T17:55:35.000000Z,10.008,10.014,10.002
2015-07-16T17:55:40.000000Z,10.006,10.011,10.001
2015-07-16T17:56:00.000000Z,10.006499999999999,10.012,10.001
2015-07-16T17:56:15.000000Z,10.006499999999999,10.013,10.0
2015-07-16T17:56:35.000000Z,10.008,10.014,10.002
2015-07-16T17:56:40.000000Z,10.009,10.014,10.004
2015-07-16T17:57:50.000000Z,10.006,10.011,10.001
2015-07-16T17:57:55.000000Z,10.007000000000001,10.012,10.002
2015-07-16T17:58:00.000000Z,10.008,10.012,10.004
2015-07-16T17:58:55.000000Z,10.01,10.014,10.006
2015-07-16T17:59:00.000000Z,10.0105,10.015,10.006
2015-07-16T17:59:05.000000Z,10.01,10.014,10.006
2015-07-16T17:59:25.000000Z,10.0105,10.015,10.006
2015-07-16T17:59:30.000000Z,10.01,10.014,10.006
2015-07-16T18:00:55.000000Z,10.0085,10.013,10.004
2015-07-16T18:01:20.000000Z,10.01,10.014,10.006
2015-07-16T18:01:30.000000Z,10.0105,10.015,10.006
2015-07-16T18:01:50.000000Z,10.0105,10.015,10.006
2015-07-16T18:02:10.000000Z,10.0105,10.016,10.005
2015-07-16T18:02:15.000000Z,10.0085,10.014,10.003
2015-07-16T18:02:25.000000Z,10.010000000000002,10.015,10.005
2015-07-16T18:02:30.000000Z,10.011,10.015,10.007
2015-07-16T18:04:15.000000Z,10.008,10.012,10.004
2015-07-16T18:04:20.000000Z,10.008500000000002,10.012,10.005
2015-07-16T18:04:35.000000Z,10.008500000000002,10.012,10.005
2015-07-16T18:04:40.000000Z,10.008,10.012,10.004
2015-07-16T18:04:45.000000Z,10.008500000000002,10.012,10.005
2015-07-16T18:06:45.000000Z,10.0095,10.014,10.005
2015-07-16T18:14:00.000000Z,10.0075,10.012,10.003
2015-07-16T18:14:25.000000Z,10.007,10.011,10.003
2015-07-16T18:14:40.000000Z,10.007,10.011,10.003
2015-07-16T18:15:15.000000Z,10.0075,10.011,10.004
2015-07-16T18:15:40.000000Z,10.0075,10.012,10.003
2015-07-16T18:15:45.000000Z,10.007,10.011,10.003
2015-07-16T18:15:50.000000Z,10.008,10.011,10.005
2015-07-16T18:15:55.000000Z,10.0075,10.011,10.004
2015-07-16T18:16:10.000000Z,10.0075,10.012,10.003
2015-07-16T18:17:25.000000Z,10.0075,10.012,10.003
2015-07-16T18:20:05.000000Z,10.009,10.013,10.005
2015-07-16T18:20:15.000000Z,10.0105,10.015,10.006
2015-07-16T18:20:25.000000Z,10.0105,10.014,10.007
2015-07-16T18:22:20.000000Z,10.012,10.016,10.008
2015-07-16T18:24:25.000000Z,10.015,10.019,10.011
2015-07-16T18:28:20.000000Z,10.018,10.022,10.014
2015-07-16T18:28:40.000000Z,10.02,10.024,10.016
2015-07-16T18:28:45.000000Z,10.02,10.024,10.016
2015-07-16T18:28:50.000000Z,10.0205,10.025,10.016
2015-07-16T18:28:55.000000Z,10.02,10.024,10.016
2015-07-16T18:29:00.000000Z,10.02,10.024,10.016
2015-07-16T18:29:10.000000Z,10.0205,10.025,10.016
2015-07-16T18:29:40.000000Z,10.02,10.024,10.016
2015-07-16T18:29:45.000000Z,10.0205,10.025,10.016
2015-07-16T18:29:50.000000Z,10.02,10.024,10.016
2015-07-16T18:30:15.000000Z,10.0205,10.025,10.016
2015-07-16T18:30:20.000000Z,10.02,10.024,10.016
2015-07-16T18:32:05.000000Z,10.022,10.026,10.018
2015-07-16T18:37:45.000000Z,10.024000000000001,10.028,10.02
2015-07-16T18:38:20.000000Z,10.026,10.031,10.021
2015-07-16T18:38:45.000000Z,10.025500000000001,10.03,10.021
2015-07-16T18:38:55.000000Z,10.026,10.031,10.021
2015-07-16T18:39:00.000000Z,10.026,10.031,10.021
2015-07-16T18:39:05.000000Z,10.025500000000001,10.03,10.021
2015-07-16T18:39:15.000000Z,10.023,10.027,10.019
2015-07-16T18:40:20.000000Z,10.022,10.026,10.018
2015-07-16T18:40:25.000000Z,10.0195,10.024,10.015
2015-07-16T18:40:50.000000Z,10.0175,10.022,10.013
2015-07-16T18:40:55.000000Z,10.0195,10.024,10.015
2015-07-16T18:41:05.000000Z,10.0175,10.022,10.013
2015-07-16T18:41:10.000000Z,10.023499999999999,10.03,10.017
2015-07-16T18:41:15.000000Z,10.021999999999998,10.027,10.017
2015-07-16T18:41:35.000000Z,10.0195,10.025,10.014
2015-07-16T18:41:40.000000Z,10.02,10.025,10.015
2015-07-16T18:41:45.000000Z,10.0195,10.025,10.014
2015-07-16T18:41:55.000000Z,10.02,10.025,10.015
2015-07-16T18:42:00.000000Z,10.0195,10.024,10.015
2015-07-16T18:42:05.000000Z,10.021999999999998,10.027,10.017
2015-07-16T18:42:10.000000Z,10.0245,10.031,10.018
2015-07-16T18:42:15.000000Z,10.0245,10.029,10.02
2015-07-16T18:42:55.000000Z,10.0215,10.026,10.017
2015-07-16T18:43:15.000000Z,10.02,10.024,10.016
2015-07-16T18:43:20.000000Z,10.0205,10.025,10.016
2015-07-16T18:43:25.000000Z,10.022,10.028,10.016
2015-07-16T18:43:30.000000Z,10.023,10.028,10.018
2015-07-16T18:43:40.000000Z,10.0225,10.028,10.017
2015-07-16T18:43:45.000000Z,10.023,10.028,10.018
2015-07-16T18:44:05.000000Z,10.025500000000001,10.031,10.02
2015-07-16T18:44:10.000000Z,10.0235,10.029,10.018
2015-07-16T18:44:25.000000Z,10.0245,10.03,10.019
2015-07-16T18:47:50.000000Z,10.026,10.031,10.021
2015-07-16T18:49:40.000000Z,10.026,10.031,10.021
2015-07-16T18:49:45.000000Z,10.025500000000001,10.031,10.02
2015-07-16T18:49:50.000000Z,10.026,10.031,10.021
2015-07-16T18:50:55.000000Z,10.025500000000001,10.031,10.02
2015-07-16T18:51:20.000000Z,10.025500000000001,10.031,10.02
2015-07-16T18:51:30.000000Z,10.024999999999999,10.03,10.02
2015-07-16T18:55:40.000000Z,10.025500000000001,10.03,10.021
2015-07-16T18:55:45.000000Z,10.026,10.031,10.021
2015-07-16T18:57:00.000000Z,10.025500000000001,10.03,10.021
2015-07-16T18:59:10.000000Z,10.026,10.031,10.021
2015-07-16T18:59:25.000000Z,10.029,10.034,10.024
2015-07-16T18:59:50.000000Z,10.029,10.034,10.024
2015-07-16T19:00:05.000000Z,10.0275,10.032,10.023
2015-07-16T19:00:20.000000Z,10.0295,10.034,10.025
2015-07-16T19:00:25.000000Z,10.030000000000001,10.035,10.025
2015-07-16T19:03:15.000000Z,10.031500000000001,10.037,10.026
2015-07-16T19:03:25.000000Z,10.033000000000001,10.038,10.028
2015-07-16T19:03:35.000000Z,10.033000000000001,10.037,10.029
2015-07-16T19:04:05.000000Z,10.030999999999999,10.035,10.027
2015-07-16T19:04:10.000000Z,10.030999999999999,10.036,10.026
2015-07-16T19:04:15.000000Z,10.032,10.036,10.028
2015-07-16T19:04:35.000000Z,10.0325,10.037,10.028
2015-07-16T19:04:40.000000Z,10.0335,10.039,10.028
2015-07-16T19:04:45.000000Z,10.0315,10.036,10.027
2015-07-16T19:04:50.000000Z,10.0315,10.036,10.027
2015-07-16T19:05:45.000000Z,10.032,10.037,10.027
2015-07-16T19:06:05.000000Z,10.032,10.037,10.027
2015-07-16T19:06:10.000000Z,10.032,10.037,10.027
2015-07-16T19:07:20.000000Z,10.0315,10.036,10.027
2015-07-16T19:07:35.000000Z,10.0315,10.036,10.027
2015-07-16T19:07:40.000000Z,10.0315,10.036,10.027
2015-07-16T19:07:50.000000Z,10.032,10.037,10.027
2015-07-16T19:08:05.000000Z,10.0325,10.037,10.028
2015-07-16T19:08:45.000000Z,10.033000000000001,10.038,10.028
2015-07-16T19:09:25.000000Z,10.035,10.04,10.03
2015-07-16T19:09:50.000000Z,10.033000000000001,10.037,10.029
2015-07-16T19:10:15.000000Z,10.0315,10.036,10.027
2015-07-16T19:10:25.000000Z,10.032,10.036,10.028
2015-07-16T19:10:55.000000Z,10.0315,10.036,10.027
2015-07-16T19:11:20.000000Z,10.029499999999999,10.036,10.023
2015-07-16T19:11:25.000000Z,10.028500000000001,10.034,10.023
2015-07-16T19:11:30.000000Z,10.0295,10.034,10.025
2015-07-16T19:11:45.000000Z,10.029,10.034,10.024
2015-07-16T19:12:30.000000Z,10.029,10.034,10.024
2015-07-16T19:12:35.000000Z,10.0295,10.034,10.025
2015-07-16T19:12:40.000000Z,10.029,10.034,10.024
2015-07-16T19:12:45.000000Z,10.029,10.033,10.025
2015-07-16T19:12:55.000000Z,10.0285,10.033,10.024
2015-07-16T19:13:15.000000Z,10.0285,10.033,10.024
2015-07-16T19:13:25.000000Z,10.029,10.034,10.024
2015-07-16T19:13:30.000000Z,10.0285,10.033,10.024
2015-07-16T19:13:40.000000Z,10.029,10.034,10.024
2015-07-16T19:13:50.000000Z,10.0285,10.033,10.024
2015-07-16T19:14:05.000000Z,10.0275,10.032,10.023
2015-07-16T19:14:10.000000Z,10.024999999999999,10.03,10.02
2015-07-16T19:14:15.000000Z,10.025,10.029,10.021
2015-07-16T19:14:20.000000Z,10.0245,10.029,10.02
2015-07-16T19:14:30.000000Z,10.0245,10.028,10.021
2015-07-16T19:16:25.000000Z,10.0245,10.028,10.021
2015-07-16T19:16:40.000000Z,10.0245,10.028,10.021
2015-07-16T19:16:45.000000Z,10.025500000000001,10.03,10.021
2015-07-16T19:17:25.000000Z,10.023,10.027,10.019
2015-07-16T19:20:35.000000Z,10.025,10.029,10.021
2015-07-16T19:25:50.000000Z,10.0245,10.029,10.02
2015-07-16T19:28:15.000000Z,10.0245,10.029,10.02
2015-07-16T19:28:20.000000Z,10.0245,10.029,10.02
2015-07-16T19:28:30.000000Z,10.025,10.029,10.021
2015-07-16T19:28:40.000000Z,10.0245,10.029,10.02
2015-07-16T19:30:05.000000Z,10.0245,10.029,10.02
2015-07-16T19:31:35.000000Z,10.0245,10.031,10.018
2015-07-16T19:31:40.000000Z,10.024000000000001,10.029,10.019
2015-07-16T19:31:45.000000Z,10.022,10.029,10.015
2015-07-16T19:31:50.000000Z,10.022,10.028,10.016
2015-07-16T19:32:00.000000Z,10.021,10.027,10.015
2015-07-16T19:32:10.000000Z,10.021,10.027,10.015
2015-07-16T19:32:15.000000Z,10.0185,10.025,10.012
2015-07-16T19:32:25.000000Z,10.018,10.023,10.013
2015-07-16T19:32:30.000000Z,10.018,10.022,10.014
2015-07-16T19:32:40.000000Z,10.016,10.02,10.012
2015-07-16T19:32:50.000000Z,10.0175,10.022,10.013
2015-07-16T19:36:05.000000Z,10.0215,10.028,10.015
2015-07-16T19:36:10.000000Z,10.0225,10.028,10.017
2015-07-16T19:36:15.000000Z,10.0205,10.025,10.016
2015-07-16T19:38:05.000000Z,10.022,10.028,10.016
2015-07-16T19:38:20.000000Z,10.024000000000001,10.029,10.019
2015-07-16T19:38:25.000000Z,10.024000000000001,10.03,10.018
2015-07-16T19:39:05.000000Z,10.024000000000001,10.03,10.018
2015-07-16T19:39:50.000000Z,10.023499999999999,10.03,10.017
2015-07-16T19:39:55.000000Z,10.0235,10.029,10.018
2015-07-16T19:40:10.000000Z,10.0225,10.027,10.018
2015-07-16T19:40:15.000000Z,10.0225,10.027,10.018
2015-07-16T19:40:25.000000Z,10.0225,10.027,10.018
2015-07-16T19:41:40.000000Z,10.0225,10.028,10.017
2015-07-16T19:48:10.000000Z,10.0215,10.028,10.015
2015-07-16T19:48:15.000000Z,10.02,10.025,10.015
2015-07-16T19:48:30.000000Z,10.0195,10.024,10.015
2015-07-16T19:48:45.000000Z,10.0195,10.023,10.016
2015-07-16T19:49:00.000000Z,10.0195,10.025,10.014
2015-07-16T19:49:20.000000Z,10.021999999999998,10.027,10.017
2015-07-16T19:51:00.000000Z,10.021,10.027,10.015
2015-07-16T19:55:25.000000Z,10.021999999999998,10.027,10.017
2015-07-16T19:56:15.000000Z,10.02,10.024,10.016
2015-07-16T19:56:30.000000Z,10.02,10.025,10.015
2015-07-16T19:56:35.000000Z,10.0205,10.026,10.015
2015-07-16T19:58:35.000000Z,10.0225,10.027,10.018
2015-07-16T19:58:40.000000Z,10.023,10.028,10.018
2015-07-16T19:58:45.000000Z,10.023,10.028,10.018
2015-07-16T19:58:50.000000Z,10.023,10.028,10.018
2015-07-16T19:59:00.000000Z,10.0225,10.028,10.017
2015-07-16T19:59:20.000000Z,10.023,10.028,10.018
2015-07-16T19:59:50.000000Z,10.023,10.029,10.017
2015-07-16T19:59:55.000000Z,10.0205,10.025,10.016
2015-07-16T20:00:15.000000Z,10.019,10.023,10.015
2015-07-16T20:00:20.000000Z,10.0185,10.023,10.014
2015-07-16T20:00:40.000000Z,10.019,10.023,10.015
2015-07-16T20:04:25.000000Z,10.021,10.025,10.017
2015-07-16T20:07:50.000000Z,10.0215,10.025,10.018
2015-07-16T20:08:10.000000Z,10.021,10.025,10.017
2015-07-16T20:08:15.000000Z,10.0215,10.025,10.018
2015-07-16T20:08:45.000000Z,10.021,10.025,10.017
2015-07-16T20:09:15.000000Z,10.0215,10.025,10.018
2015-07-16T20:09:25.000000Z,10.021,10.025,10.017
2015-07-16T20:09:40.000000Z,10.020499999999998,10.024,10.017
2015-07-16T20:09:45.000000Z,10.021,10.025,10.017
2015-07-16T20:10:15.000000Z,10.020499999999998,10.024,10.017
2015-07-16T20:11:35.000000Z,10.020499999999998,10.024,10.017
2015-07-16T20:11:40.000000Z,10.020499999999998,10.024,10.017
2015-07-16T20:11:45.000000Z,10.021,10.025,10.017
2015-07-16T20:12:15.000000Z,10.0215,10.025,10.018
2015-07-16T20:13:05.000000Z,10.020499999999998,10.024,10.017
2015-07-16T20:14:55.000000Z,10.020499999999998,10.024,10.017
2015-07-16T20:15:00.000000Z,10.021,10.025,10.017
2015-07-16T20:15:05.000000Z,10.020499999999998,10.024,10.017
2015-07-16T20:15:10.000000Z,10.021,10.025,10.017
2015-07-16T20:18:10.000000Z,10.020499999999998,10.024,10.017
2015-07-16T20:19:40.000000Z,10.021,10.025,10.017
2015-07-16T20:19:50.000000Z,10.0215,10.025,10.018
2015-07-16T20:19:55.000000Z,10.021,10.025,10.017
2015-07-16T20:20:05.000000Z,10.0215,10.025,10.018
2015-07-16T20:20:10.000000Z,10.021,10.025,10.017
2015-07-16T20:30:00.000000Z,10.021,10.026,10.016
2015-07-16T20:31:45.000000Z,10.021,10.025,10.017
2015-07-16T20:44:00.000000Z,10.0185,10.023,10.014
2015-07-16T20:46:00.000000Z,10.0205,10.025,10.016
2015-07-16T20:49:30.000000Z,10.022,10.026,10.018
2015-07-16T20:49:50.000000Z,10.0215,10.026,10.017
2015-07-16T20:51:15.000000Z,10.0215,10.027,10.016
2015-07-16T20:51:55.000000Z,10.0205,10.025,10.016
2015-07-16T20:53:15.000000Z,10.0205,10.026,10.015
2015-07-16T20:53:50.000000Z,10.0195,10.024,10.015
2015-07-16T20:54:25.000000Z,10.018999999999998,10.024,10.014
2015-07-16T20:55:15.000000Z,10.0195,10.024,10.015
2015-07-16T20:55:20.000000Z,10.02,10.025,10.015
2015-07-16T20:55:25.000000Z,10.0195,10.024,10.015
2015-07-16T20:55:50.000000Z,10.0195,10.024,10.015
2015-07-16T20:56:10.000000Z,10.02,10.025,10.015
2015-07-16T20:57:50.000000Z,10.0195,10.025,10.014
2015-07-16T21:01:35.000000Z,10.0185,10.027,10.01
2015-07-16T21:02:55.000000Z,10.0195,10.027,10.012
2015-07-16T21:03:40.000000Z,10.021,10.029,10.013
2015-07-16T21:03:45.000000Z,10.02,10.027,10.013
2015-07-16T21:05:00.000000Z,10.0225,10.033,10.012
2015-07-16T21:07:35.000000Z,10.023499999999999,10.033,10.014
2015-07-16T21:08:20.000000Z,10.0225,10.033,10.012
2015-07-16T21:15:50.000000Z,10.0215,10.031,10.012
2015-07-16T21:15:55.000000Z,10.021,10.031,10.011
2015-07-16T21:16:10.000000Z,10.0215,10.031,10.012
2015-07-16T21:16:25.000000Z,10.021,10.031,10.011
2015-07-16T21:16:40.000000Z,10.023499999999999,10.033,10.014
2015-07-16T21:41:25.000000Z,10.023499999999999,10.033,10.014
2015-07-16T21:42:20.000000Z,10.023499999999999,10.033,10.014
2015-07-16T21:42:35.000000Z,10.024000000000001,10.034,10.014
2015-07-16T21:42:40.000000Z,10.023499999999999,10.033,10.014
2015-07-16T21:42:45.000000Z,10.024000000000001,10.034,10.014
2015-07-16T21:42:50.000000Z,10.024000000000001,10.034,10.014
2015-07-16T21:42:55.000000Z,10.023499999999999,10.033,10.014
2015-07-16T21:43:45.000000Z,10.023499999999999,10.033,10.014
2015-07-16T21:44:05.000000Z,10.021,10.033,10.009
2015-07-16T21:44:10.000000Z,10.021,10.031,10.011
2015-07-16T21:44:35.000000Z,10.0215,10.031,10.012
2015-07-16T21:46:30.000000Z,10.021,10.031,10.011
2015-07-16T21:46:40.000000Z,10.0225,10.032,10.013
2015-07-16T21:48:50.000000Z,10.021,10.031,10.011
2015-07-16T21:48:55.000000Z,10.0215,10.031,10.012
2015-07-16T21:49:20.000000Z,10.021,10.031,10.011
2015-07-16T21:49:25.000000Z,10.0215,10.031,10.012
2015-07-16T21:49:30.000000Z,10.021,10.031,10.011
2015-07-16T21:49:35.000000Z,10.021,10.031,10.011
2015-07-16T21:49:40.000000Z,10.0215,10.031,10.012
2015-07-16T21:49:55.000000Z,10.021,10.031,10.011
2015-07-16T21:50:00.000000Z,10.021,10.031,10.011
2015-07-16T21:50:05.000000Z,10.021,10.031,10.011
2015-07-16T21:50:10.000000Z,10.021,10.031,10.011
2015-07-16T21:50:15.000000Z,10.021,10.031,10.011
2015-07-16T21:50:25.000000Z,10.021,10.031,10.011
2015-07-16T21:50:30.000000Z,10.021,10.031,10.011
2015-07-16T21:51:05.000000Z,10.0215,10.031,10.012
2015-07-16T22:03:05.000000Z,10.021,10.03,10.012
2015-07-16T22:03:10.000000Z,10.0215,10.031,10.012
2015-07-16T22:05:45.000000Z,10.020499999999998,10.03,10.011
2015-07-16T22:08:40.000000Z,10.021,10.03,10.012
2015-07-16T22:12:10.000000Z,10.021,10.029,10.013
2015-07-16T22:14:10.000000Z,10.021,10.03,10.012
2015-07-16T22:27:15.000000Z,10.021,10.029,10.013
2015-07-16T22:28:35.000000Z,10.021999999999998,10.03,10.014
2015-07-16T22:28:50.000000Z,10.021999999999998,10.03,10.014
2015-07-16T22:29:00.000000Z,10.021999999999998,10.03,10.014
2015-07-16T22:29:05.000000Z,10.021999999999998,10.03,10.014
2015-07-16T22:29:10.000000Z,10.021999999999998,10.03,10.014
2015-07-16T22:35:10.000000Z,10.021,10.03,10.012
2015-07-16T22:36:55.000000Z,10.021,10.031,10.011
2015-07-16T22:37:00.000000Z,10.018,10.033,10.003
2015-07-16T22:37:25.000000Z,10.0165,10.03,10.003
2015-07-16T22:38:00.000000Z,10.0185,10.031,10.006
2015-07-16T22:50:30.000000Z,10.019,10.031,10.007
2015-07-16T22:50:35.000000Z,10.0185,10.03,10.007
2015-07-16T22:51:00.000000Z,10.02,10.032,10.008
2015-07-16T22:51:05.000000Z,10.0205,10.032,10.009
2015-07-16T22:51:30.000000Z,10.02,10.032,10.008
2015-07-16T22:52:10.000000Z,10.0205,10.032,10.009
2015-07-16T22:59:40.000000Z,10.02,10.032,10.008
2015-07-16T23:03:10.000000Z,10.019,10.032,10.006
2015-07-16T23:08:55.000000Z,10.019,10.031,10.007
2015-07-16T23:15:05.000000Z,10.020499999999998,10.033,10.008
2015-07-16T23:15:10.000000Z,10.020499999999998,10.033,10.008
2015-07-16T23:15:15.000000Z,10.020499999999998,10.033,10.008
2015-07-16T23:20:40.000000Z,10.021,10.033,10.009
2015-07-16T23:20:55.000000Z,10.020499999999998,10.033,10.008
2015-07-16T23:21:00.000000Z,10.021,10.033,10.009
2015-07-16T23:21:30.000000Z,10.021,10.033,10.009
2015-07-16T23:21:55.000000Z,10.020499999999998,10.033,10.008
2015-07-16T23:24:05.000000Z,10.021,10.033,10.009
2015-07-16T23:24:10.000000Z,10.020499999999998,10.033,10.008
2015-07-16T23:24:35.000000Z,10.021,10.033,10.009
