time,closeAsk,closeBid
2015-07-24T13:03:20.000000Z,7.46163,7.46094
2015-07-24T13:03:40.000000Z,7.46161,7.46093
2015-07-24T13:03:50.000000Z,7.46155,7.46102
2015-07-24T13:04:10.000000Z,7.46155,7.46102
2015-07-24T13:04:20.000000Z,7.46156,7.46102
2015-07-24T13:04:40.000000Z,7.46155,7.46102
2015-07-24T13:04:50.000000Z,7.46156,7.46102
2015-07-24T13:05:30.000000Z,7.46155,7.46102
2015-07-24T13:05:50.000000Z,7.46155,7.46102
2015-07-24T13:06:00.000000Z,7.46155,7.46102
2015-07-24T13:06:10.000000Z,7.46155,7.46102
2015-07-24T13:06:30.000000Z,7.46155,7.46102
2015-07-24T13:06:40.000000Z,7.46156,7.46102
2015-07-24T13:06:50.000000Z,7.46155,7.46102
2015-07-24T13:07:10.000000Z,7.46155,7.46102
2015-07-24T13:07:20.000000Z,7.46155,7.46102
2015-07-24T13:07:30.000000Z,7.46155,7.46102
2015-07-24T13:07:40.000000Z,7.46159,7.46106
2015-07-24T13:07:50.000000Z,7.4616,7.46105
2015-07-24T13:08:00.000000Z,7.46159,7.46104
2015-07-24T13:08:10.000000Z,7.46148,7.46103
2015-07-24T13:08:20.000000Z,7.46147,7.46104
2015-07-24T13:08:30.000000Z,7.46146,7.46104
2015-07-24T13:08:40.000000Z,7.46147,7.46104
2015-07-24T13:08:50.000000Z,7.46147,7.46104
2015-07-24T13:09:00.000000Z,7.46152,7.46113
2015-07-24T13:09:10.000000Z,7.46152,7.46113
2015-07-24T13:09:20.000000Z,7.46146,7.46106
2015-07-24T13:09:30.000000Z,7.46152,7.46112
2015-07-24T13:09:50.000000Z,7.46153,7.46113
2015-07-24T13:10:00.000000Z,7.46159,7.4612
2015-07-24T13:10:10.000000Z,7.46159,7.46114
2015-07-24T13:10:20.000000Z,7.46159,7.4612
2015-07-24T13:10:30.000000Z,7.46159,7.46114
2015-07-24T13:10:40.000000Z,7.46159,7.4612
2015-07-24T13:10:50.000000Z,7.46159,7.46114
2015-07-24T13:11:00.000000Z,7.46159,7.4612
2015-07-24T13:11:10.000000Z,7.46154,7.4612
2015-07-24T13:11:20.000000Z,7.46158,7.46123
2015-07-24T13:11:30.000000Z,7.46155,7.46121
2015-07-24T13:11:40.000000Z,7.46159,7.46122
2015-07-24T13:11:50.000000Z,7.46154,7.46109
2015-07-24T13:12:00.000000Z,7.46156,7.46122
2015-07-24T13:12:20.000000Z,7.46159,7.46123
2015-07-24T13:12:30.000000Z,7.46158,7.46123
2015-07-24T13:12:40.000000Z,7.46159,7.46123
2015-07-24T13:12:50.000000Z,7.46155,7.4612
2015-07-24T13:13:10.000000Z,7.46155,7.46109
2015-07-24T13:13:20.000000Z,7.46154,7.46114
2015-07-24T13:13:30.000000Z,7.46166,7.46124
2015-07-24T13:13:40.000000Z,7.46161,7.46123
2015-07-24T13:13:50.000000Z,7.46159,7.46122
2015-07-24T13:14:00.000000Z,7.4615,7.46123
2015-07-24T13:14:10.000000Z,7.4616,7.46122
2015-07-24T13:14:20.000000Z,7.4616,7.46122
2015-07-24T13:14:30.000000Z,7.4616,7.46122
2015-07-24T13:14:50.000000Z,7.46156,7.46121
2015-07-24T13:15:00.000000Z,7.46159,7.46123
2015-07-24T13:15:10.000000Z,7.4616,7.46123
2015-07-24T13:15:20.000000Z,7.4616,7.46125
2015-07-24T13:15:30.000000Z,7.46156,7.46119
2015-07-24T13:15:40.000000Z,7.46149,7.46123
2015-07-24T13:15:50.000000Z,7.46156,7.4611
2015-07-24T13:16:00.000000Z,7.4615,7.46123
2015-07-24T13:16:10.000000Z,7.46153,7.46121
2015-07-24T13:16:20.000000Z,7.4616,7.46124
2015-07-24T13:16:30.000000Z,7.46157,7.46102
2015-07-24T13:16:40.000000Z,7.46143,7.46102
2015-07-24T13:17:00.000000Z,7.46157,7.46015
2015-07-24T13:17:10.000000Z,7.46157,7.46016
2015-07-24T13:17:20.000000Z,7.46123,7.46006
2015-07-24T13:18:00.000000Z,7.4612,7.46005
2015-07-24T13:18:10.000000Z,7.4612,7.46005
2015-07-24T13:18:20.000000Z,7.46108,7.46006
2015-07-24T13:18:30.000000Z,7.46099,7.4601
2015-07-24T13:18:40.000000Z,7.46112,7.4601
2015-07-24T13:18:50.000000Z,7.46112,7.46013
2015-07-24T13:19:20.000000Z,7.46111,7.46013
2015-07-24T13:19:30.000000Z,7.46098,7.46014
2015-07-24T13:19:50.000000Z,7.46111,7.46013
2015-07-24T13:20:00.000000Z,7.46139,7.46013
2015-07-24T13:20:20.000000Z,7.4614,7.46012
2015-07-24T13:20:30.000000Z,7.46137,7.46013
2015-07-24T13:20:40.000000Z,7.4614,7.46013
2015-07-24T13:20:50.000000Z,7.46139,7.46012
2015-07-24T13:21:00.000000Z,7.46113,7.46014
2015-07-24T13:21:20.000000Z,7.46109,7.46015
2015-07-24T13:21:30.000000Z,7.46112,7.46016
2015-07-24T13:22:10.000000Z,7.46103,7.46015
2015-07-24T13:22:50.000000Z,7.46089,7.46016
2015-07-24T13:23:00.000000Z,7.46101,7.46016
2015-07-24T13:23:20.000000Z,7.46089,7.46017
2015-07-24T13:23:30.000000Z,7.46103,7.46017
2015-07-24T13:23:40.000000Z,7.46103,7.46015
2015-07-24T13:24:00.000000Z,7.461,7.46015
2015-07-24T13:24:10.000000Z,7.46103,7.46015
2015-07-24T13:24:20.000000Z,7.46133,7.46013
2015-07-24T13:24:30.000000Z,7.46179,7.4605
2015-07-24T13:24:40.000000Z,7.46169,7.4606
2015-07-24T13:24:50.000000Z,7.46125,7.46103
2015-07-24T13:25:00.000000Z,7.46137,7.461
2015-07-24T13:25:10.000000Z,7.46126,7.46102
2015-07-24T13:25:20.000000Z,7.46137,7.46098
2015-07-24T13:25:30.000000Z,7.46126,7.46102
2015-07-24T13:25:40.000000Z,7.46137,7.46098
2015-07-24T13:25:50.000000Z,7.46137,7.46107
2015-07-24T13:26:00.000000Z,7.46138,7.46112
2015-07-24T13:26:10.000000Z,7.46137,7.46107
2015-07-24T13:26:20.000000Z,7.46125,7.46019
2015-07-24T13:26:30.000000Z,7.46121,7.4606
2015-07-24T13:26:40.000000Z,7.46132,7.46063
2015-07-24T13:27:50.000000Z,7.46121,7.46073
2015-07-24T13:28:00.000000Z,7.46146,7.46085
2015-07-24T13:28:10.000000Z,7.46146,7.46102
2015-07-24T13:28:20.000000Z,7.46135,7.46066
2015-07-24T13:28:30.000000Z,7.46129,7.46073
2015-07-24T13:28:40.000000Z,7.46136,7.46073
2015-07-24T13:28:50.000000Z,7.46137,7.46082
2015-07-24T13:29:20.000000Z,7.46125,7.46082
2015-07-24T13:29:40.000000Z,7.46124,7.46087
2015-07-24T13:29:50.000000Z,7.46125,7.461
2015-07-24T13:30:10.000000Z,7.46123,7.46082
2015-07-24T13:30:30.000000Z,7.46122,7.46079
2015-07-24T13:30:50.000000Z,7.46122,7.46079
2015-07-24T13:31:10.000000Z,7.46122,7.46079
2015-07-24T13:31:20.000000Z,7.46135,7.46082
2015-07-24T13:31:30.000000Z,7.46134,7.46083
2015-07-24T13:31:40.000000Z,7.46128,7.46077
2015-07-24T13:31:50.000000Z,7.46124,7.4608
2015-07-24T13:32:00.000000Z,7.46135,7.46082
2015-07-24T13:32:20.000000Z,7.46134,7.46082
2015-07-24T13:32:30.000000Z,7.46134,7.46083
2015-07-24T13:32:40.000000Z,7.46135,7.46082
2015-07-24T13:32:50.000000Z,7.46122,7.46082
2015-07-24T13:33:00.000000Z,7.46124,7.46066
2015-07-24T13:33:10.000000Z,7.46138,7.4607
2015-07-24T13:33:20.000000Z,7.46136,7.46074
2015-07-24T13:33:30.000000Z,7.46134,7.46074
2015-07-24T13:33:40.000000Z,7.46134,7.46073
2015-07-24T13:34:10.000000Z,7.46141,7.46072
2015-07-24T13:34:30.000000Z,7.4613,7.46073
2015-07-24T13:34:40.000000Z,7.46115,7.46074
2015-07-24T13:34:50.000000Z,7.46143,7.46068
2015-07-24T13:35:00.000000Z,7.4614,7.46091
2015-07-24T13:35:20.000000Z,7.46138,7.46102
2015-07-24T13:35:30.000000Z,7.4614,7.46103
2015-07-24T13:36:00.000000Z,7.46143,7.46072
2015-07-24T13:36:10.000000Z,7.46143,7.46072
2015-07-24T13:36:20.000000Z,7.46134,7.46074
2015-07-24T13:36:50.000000Z,7.46131,7.46085
2015-07-24T13:37:00.000000Z,7.46129,7.46083
2015-07-24T13:37:20.000000Z,7.46129,7.46085
2015-07-24T13:37:50.000000Z,7.46142,7.46084
2015-07-24T13:38:10.000000Z,7.46148,7.4608
2015-07-24T13:38:20.000000Z,7.46149,7.46084
2015-07-24T13:38:30.000000Z,7.46137,7.46092
2015-07-24T13:38:40.000000Z,7.4615,7.46095
2015-07-24T13:39:50.000000Z,7.46152,7.46095
2015-07-24T13:40:40.000000Z,7.46153,7.46094
2015-07-24T13:40:50.000000Z,7.46152,7.46093
2015-07-24T13:41:10.000000Z,7.46146,7.46094
2015-07-24T13:41:30.000000Z,7.46152,7.46092
2015-07-24T13:41:40.000000Z,7.46147,7.46092
2015-07-24T13:41:50.000000Z,7.46146,7.46094
2015-07-24T13:42:10.000000Z,7.46145,7.46093
2015-07-24T13:42:30.000000Z,7.46145,7.46095
2015-07-24T13:43:10.000000Z,7.46143,7.46095
2015-07-24T13:43:20.000000Z,7.4613,7.46095
2015-07-24T13:43:30.000000Z,7.4613,7.46093
2015-07-24T13:44:00.000000Z,7.46143,7.46093
2015-07-24T13:44:50.000000Z,7.4615,7.46118
2015-07-24T13:45:10.000000Z,7.46168,7.46124
2015-07-24T13:45:20.000000Z,7.46148,7.46083
2015-07-24T13:45:40.000000Z,7.46134,7.46082
2015-07-24T13:46:00.000000Z,7.46124,7.46085
2015-07-24T13:47:10.000000Z,7.46119,7.46093
2015-07-24T13:47:40.000000Z,7.46129,7.46092
2015-07-24T13:48:10.000000Z,7.46118,7.46092
2015-07-24T13:48:50.000000Z,7.4613,7.46093
2015-07-24T13:49:10.000000Z,7.46118,7.46092
2015-07-24T13:49:20.000000Z,7.4613,7.46093
2015-07-24T13:49:40.000000Z,7.46131,7.46093
2015-07-24T13:49:50.000000Z,7.46118,7.46092
2015-07-24T13:50:00.000000Z,7.46129,7.46092
2015-07-24T13:53:10.000000Z,7.46121,7.4609
2015-07-24T13:53:20.000000Z,7.46118,7.46092
2015-07-24T13:54:00.000000Z,7.4613,7.46092
2015-07-24T13:54:50.000000Z,7.46118,7.46092
2015-07-24T13:55:10.000000Z,7.4613,7.46093
2015-07-24T13:55:20.000000Z,7.46124,7.46087
2015-07-24T13:55:40.000000Z,7.46119,7.46093
2015-07-24T13:55:50.000000Z,7.46129,7.46092
2015-07-24T13:57:50.000000Z,7.46119,7.46093
2015-07-24T13:58:10.000000Z,7.46131,7.46093
2015-07-24T13:59:00.000000Z,7.4612,7.46092
2015-07-24T13:59:10.000000Z,7.4613,7.46092
2015-07-24T13:59:20.000000Z,7.46131,7.46092
2015-07-24T13:59:30.000000Z,7.46134,7.46093
2015-07-24T13:59:40.000000Z,7.4616,7.46091
2015-07-24T13:59:50.000000Z,7.46161,7.4609
2015-07-24T14:00:00.000000Z,7.46151,7.46093
2015-07-24T14:00:10.000000Z,7.46149,7.46093
2015-07-24T14:00:20.000000Z,7.46148,7.46093
2015-07-24T14:00:50.000000Z,7.46147,7.46094
2015-07-24T14:01:10.000000Z,7.46131,7.46093
2015-07-24T14:01:20.000000Z,7.46143,7.46094
2015-07-24T14:01:40.000000Z,7.46143,7.46096
2015-07-24T14:02:00.000000Z,7.4613,7.46094
2015-07-24T14:02:10.000000Z,7.46129,7.46094
2015-07-24T14:02:30.000000Z,7.46129,7.46094
2015-07-24T14:02:40.000000Z,7.46138,7.46075
2015-07-24T14:02:50.000000Z,7.4614,7.46074
2015-07-24T14:03:00.000000Z,7.46128,7.46082
2015-07-24T14:03:10.000000Z,7.46138,7.46086
2015-07-24T14:03:20.000000Z,7.46139,7.46082
2015-07-24T14:03:40.000000Z,7.4614,7.46084
2015-07-24T14:04:00.000000Z,7.4614,7.46083
2015-07-24T14:04:10.000000Z,7.46129,7.46083
2015-07-24T14:04:20.000000Z,7.46142,7.46083
2015-07-24T14:04:30.000000Z,7.46144,7.46083
2015-07-24T14:05:00.000000Z,7.46143,7.46082
2015-07-24T14:05:10.000000Z,7.4613,7.46082
2015-07-24T14:05:30.000000Z,7.46132,7.4608
2015-07-24T14:05:40.000000Z,7.46143,7.46084
2015-07-24T14:05:50.000000Z,7.46143,7.46082
2015-07-24T14:06:10.000000Z,7.46143,7.46084
2015-07-24T14:07:00.000000Z,7.46141,7.46083
2015-07-24T14:07:30.000000Z,7.46142,7.46083
2015-07-24T14:07:40.000000Z,7.46142,7.46084
2015-07-24T14:08:20.000000Z,7.46141,7.46083
2015-07-24T14:10:10.000000Z,7.46129,7.46083
2015-07-24T14:11:30.000000Z,7.46141,7.46083
2015-07-24T14:11:40.000000Z,7.46129,7.46083
2015-07-24T14:12:00.000000Z,7.46143,7.46084
2015-07-24T14:12:40.000000Z,7.4613,7.46084
2015-07-24T14:12:50.000000Z,7.46141,7.46083
2015-07-24T14:13:00.000000Z,7.4613,7.46084
2015-07-24T14:13:20.000000Z,7.4612,7.46071
2015-07-24T14:13:40.000000Z,7.46115,7.46083
2015-07-24T14:14:40.000000Z,7.46108,7.46083
2015-07-24T14:15:40.000000Z,7.46107,7.46082
2015-07-24T14:16:30.000000Z,7.46107,7.46074
2015-07-24T14:16:40.000000Z,7.46107,7.46082
2015-07-24T14:17:10.000000Z,7.46107,7.46081
2015-07-24T14:17:20.000000Z,7.46107,7.46074
2015-07-24T14:17:40.000000Z,7.46107,7.46081
2015-07-24T14:18:20.000000Z,7.46142,7.46083
2015-07-24T14:20:00.000000Z,7.4613,7.46083
2015-07-24T14:21:00.000000Z,7.46143,7.46078
2015-07-24T14:21:10.000000Z,7.46143,7.46077
2015-07-24T14:21:20.000000Z,7.46143,7.46076
2015-07-24T14:21:30.000000Z,7.46143,7.46077
2015-07-24T14:21:50.000000Z,7.46143,7.46076
2015-07-24T14:22:10.000000Z,7.46142,7.46077
2015-07-24T14:23:10.000000Z,7.46128,7.46076
2015-07-24T14:23:20.000000Z,7.46141,7.46077
2015-07-24T14:23:40.000000Z,7.46142,7.46077
2015-07-24T14:23:50.000000Z,7.4614,7.46076
2015-07-24T14:24:00.000000Z,7.46139,7.46076
2015-07-24T14:24:10.000000Z,7.46128,7.46076
2015-07-24T14:24:20.000000Z,7.46128,7.46076
2015-07-24T14:24:50.000000Z,7.46141,7.46076
2015-07-24T14:26:00.000000Z,7.46128,7.46076
2015-07-24T14:26:10.000000Z,7.46141,7.46076
2015-07-24T14:27:20.000000Z,7.4614,7.46077
2015-07-24T14:27:30.000000Z,7.46128,7.46076
2015-07-24T14:27:40.000000Z,7.46142,7.46077
2015-07-24T14:28:30.000000Z,7.46141,7.46074
2015-07-24T14:29:30.000000Z,7.46139,7.46074
2015-07-24T14:29:40.000000Z,7.4614,7.46074
2015-07-24T14:29:50.000000Z,7.46139,7.46074
2015-07-24T14:30:00.000000Z,7.4614,7.46074
2015-07-24T14:30:20.000000Z,7.46127,7.46073
2015-07-24T14:30:50.000000Z,7.46139,7.46074
2015-07-24T14:31:20.000000Z,7.46127,7.46073
2015-07-24T14:31:30.000000Z,7.4614,7.46074
2015-07-24T14:31:50.000000Z,7.46155,7.46073
2015-07-24T14:32:00.000000Z,7.46134,7.46072
2015-07-24T14:32:10.000000Z,7.46131,7.46074
2015-07-24T14:32:20.000000Z,7.46131,7.46076
2015-07-24T14:32:30.000000Z,7.46142,7.46075
2015-07-24T14:32:40.000000Z,7.46144,7.46075
2015-07-24T14:32:50.000000Z,7.46142,7.46075
2015-07-24T14:33:00.000000Z,7.46131,7.46076
2015-07-24T14:33:10.000000Z,7.46158,7.46022
2015-07-24T14:33:20.000000Z,7.46159,7.46022
2015-07-24T14:33:30.000000Z,7.46143,7.46059
2015-07-24T14:33:40.000000Z,7.46152,7.46063
2015-07-24T14:33:50.000000Z,7.46155,7.46063
2015-07-24T14:34:10.000000Z,7.46156,7.46062
2015-07-24T14:34:20.000000Z,7.46143,7.46062
2015-07-24T14:34:30.000000Z,7.46158,7.46063
2015-07-24T14:34:40.000000Z,7.46159,7.46063
2015-07-24T14:34:50.000000Z,7.46156,7.46062
2015-07-24T14:35:00.000000Z,7.46157,7.46063
2015-07-24T14:35:10.000000Z,7.46159,7.46063
2015-07-24T14:35:40.000000Z,7.46145,7.46062
2015-07-24T14:36:10.000000Z,7.46156,7.46062
2015-07-24T14:36:20.000000Z,7.46157,7.46062
2015-07-24T14:36:30.000000Z,7.46157,7.46063
2015-07-24T14:36:50.000000Z,7.46158,7.46063
2015-07-24T14:37:00.000000Z,7.46161,7.46063
2015-07-24T14:37:50.000000Z,7.46159,7.46061
2015-07-24T14:38:00.000000Z,7.46147,7.46063
2015-07-24T14:38:20.000000Z,7.4616,7.46063
2015-07-24T14:38:30.000000Z,7.46158,7.46063
2015-07-24T14:38:40.000000Z,7.46147,7.46063
2015-07-24T14:38:50.000000Z,7.4616,7.46062
2015-07-24T14:39:40.000000Z,7.46147,7.46063
2015-07-24T14:40:10.000000Z,7.46158,7.46063
2015-07-24T14:40:30.000000Z,7.4616,7.46062
2015-07-24T14:40:40.000000Z,7.46159,7.46063
2015-07-24T14:41:00.000000Z,7.46159,7.46063
2015-07-24T14:41:10.000000Z,7.46158,7.46063
2015-07-24T14:41:20.000000Z,7.46145,7.46063
2015-07-24T14:42:00.000000Z,7.46156,7.46062
2015-07-24T14:42:10.000000Z,7.46145,7.46063
2015-07-24T14:42:30.000000Z,7.46156,7.46062
2015-07-24T14:42:40.000000Z,7.46145,7.46063
2015-07-24T14:43:00.000000Z,7.46159,7.46063
2015-07-24T14:43:20.000000Z,7.46145,7.46063
2015-07-24T14:43:30.000000Z,7.46159,7.46063
2015-07-24T14:44:10.000000Z,7.46145,7.46063
2015-07-24T14:44:30.000000Z,7.46159,7.46063
2015-07-24T14:44:40.000000Z,7.46151,7.46057
2015-07-24T14:45:00.000000Z,7.46147,7.46063
2015-07-24T14:45:20.000000Z,7.46159,7.46063
2015-07-24T14:45:30.000000Z,7.46145,7.46063
2015-07-24T14:46:00.000000Z,7.46159,7.46063
2015-07-24T14:46:10.000000Z,7.46145,7.46063
2015-07-24T14:48:30.000000Z,7.46158,7.46063
2015-07-24T14:48:40.000000Z,7.46145,7.46062
2015-07-24T14:48:50.000000Z,7.46159,7.46063
2015-07-24T14:49:40.000000Z,7.46157,7.46063
2015-07-24T14:49:50.000000Z,7.46145,7.46063
2015-07-24T14:50:00.000000Z,7.46158,7.46062
2015-07-24T14:50:10.000000Z,7.46156,7.46063
2015-07-24T14:50:20.000000Z,7.46159,7.46063
2015-07-24T14:51:30.000000Z,7.46145,7.46063
2015-07-24T14:51:50.000000Z,7.46202,7.46089
2015-07-24T14:52:00.000000Z,7.46195,7.46107
2015-07-24T14:52:10.000000Z,7.46169,7.46134
2015-07-24T14:53:10.000000Z,7.46177,7.46142
2015-07-24T14:53:50.000000Z,7.46178,7.46153
2015-07-24T14:54:40.000000Z,7.4618,7.46143
2015-07-24T14:54:50.000000Z,7.46182,7.46144
2015-07-24T14:55:00.000000Z,7.46181,7.46144
2015-07-24T14:55:20.000000Z,7.46182,7.46145
2015-07-24T14:55:30.000000Z,7.46182,7.46145
2015-07-24T14:55:40.000000Z,7.46182,7.46144
2015-07-24T14:55:50.000000Z,7.46176,7.46145
2015-07-24T14:56:00.000000Z,7.46172,7.46149
2015-07-24T14:56:10.000000Z,7.46177,7.46152
2015-07-24T14:56:40.000000Z,7.46177,7.4607
2015-07-24T14:56:50.000000Z,7.46181,7.46063
2015-07-24T14:57:00.000000Z,7.46166,7.46069
2015-07-24T14:57:10.000000Z,7.46163,7.46068
2015-07-24T14:57:30.000000Z,7.46166,7.46068
2015-07-24T14:57:40.000000Z,7.46166,7.4607
2015-07-24T14:57:50.000000Z,7.46156,7.46081
2015-07-24T14:58:10.000000Z,7.46147,7.4608
2015-07-24T14:58:20.000000Z,7.46154,7.46084
2015-07-24T14:58:30.000000Z,7.46156,7.46084
2015-07-24T14:58:40.000000Z,7.46154,7.46084
2015-07-24T14:58:50.000000Z,7.46157,7.46084
2015-07-24T14:59:00.000000Z,7.46147,7.4608
2015-07-24T14:59:10.000000Z,7.4616,7.46083
2015-07-24T14:59:20.000000Z,7.46158,7.46083
2015-07-24T14:59:30.000000Z,7.46147,7.46083
2015-07-24T14:59:50.000000Z,7.46158,7.46083
2015-07-24T15:00:00.000000Z,7.4616,7.46082
2015-07-24T15:00:10.000000Z,7.46147,7.46083
2015-07-24T15:00:20.000000Z,7.4616,7.46082
2015-07-24T15:00:30.000000Z,7.46158,7.46082
2015-07-24T15:00:40.000000Z,7.46147,7.46083
2015-07-24T15:00:50.000000Z,7.46159,7.46082
2015-07-24T15:01:00.000000Z,7.46158,7.46082
2015-07-24T15:01:10.000000Z,7.46164,7.46104
2015-07-24T15:01:20.000000Z,7.46154,7.46119
2015-07-24T15:01:30.000000Z,7.46159,7.46112
2015-07-24T15:01:40.000000Z,7.46157,7.46074
2015-07-24T15:01:50.000000Z,7.46148,7.46082
2015-07-24T15:02:00.000000Z,7.4616,7.46083
2015-07-24T15:02:10.000000Z,7.46162,7.46083
2015-07-24T15:02:30.000000Z,7.4616,7.46083
2015-07-24T15:02:50.000000Z,7.46158,7.46082
2015-07-24T15:03:00.000000Z,7.4618,7.46142
2015-07-24T15:03:10.000000Z,7.46183,7.46134
2015-07-24T15:03:40.000000Z,7.4618,7.46132
2015-07-24T15:03:50.000000Z,7.46175,7.46132
2015-07-24T15:04:00.000000Z,7.46174,7.46132
2015-07-24T15:04:20.000000Z,7.46166,7.46132
2015-07-24T15:04:40.000000Z,7.46165,7.46133
2015-07-24T15:10:00.000000Z,7.46162,7.46113
2015-07-24T15:10:30.000000Z,7.4616,7.46112
2015-07-24T15:10:50.000000Z,7.46148,7.46113
2015-07-24T15:11:00.000000Z,7.46148,7.46112
2015-07-24T15:11:10.000000Z,7.46145,7.46112
2015-07-24T15:11:20.000000Z,7.46157,7.46113
2015-07-24T15:11:30.000000Z,7.46145,7.46112
2015-07-24T15:12:10.000000Z,7.46145,7.46082
2015-07-24T15:12:30.000000Z,7.46157,7.46083
2015-07-24T15:12:40.000000Z,7.46146,7.46082
2015-07-24T15:13:00.000000Z,7.46146,7.46083
2015-07-24T15:13:10.000000Z,7.46143,7.46082
2015-07-24T15:13:20.000000Z,7.46157,7.46082
2015-07-24T15:13:30.000000Z,7.46156,7.46083
2015-07-24T15:13:40.000000Z,7.46143,7.46083
2015-07-24T15:14:00.000000Z,7.46156,7.46082
2015-07-24T15:14:10.000000Z,7.46143,7.46083
2015-07-24T15:14:20.000000Z,7.46154,7.46083
2015-07-24T15:14:30.000000Z,7.46143,7.46082
2015-07-24T15:15:20.000000Z,7.46142,7.46082
2015-07-24T15:15:40.000000Z,7.46143,7.46082
2015-07-24T15:16:10.000000Z,7.46142,7.46083
2015-07-24T15:16:50.000000Z,7.46154,7.46082
2015-07-24T15:17:00.000000Z,7.46143,7.46083
2015-07-24T15:17:20.000000Z,7.46156,7.46082
2015-07-24T15:17:40.000000Z,7.46153,7.46082
2015-07-24T15:18:00.000000Z,7.46164,7.46095
2015-07-24T15:18:10.000000Z,7.46156,7.46109
2015-07-24T15:18:30.000000Z,7.46155,7.46109
2015-07-24T15:18:40.000000Z,7.46158,7.46099
2015-07-24T15:18:50.000000Z,7.46162,7.46082
2015-07-24T15:19:00.000000Z,7.46147,7.46082
2015-07-24T15:19:20.000000Z,7.46159,7.46083
2015-07-24T15:19:30.000000Z,7.46148,7.46081
2015-07-24T15:19:40.000000Z,7.46147,7.46082
2015-07-24T15:19:50.000000Z,7.46158,7.46082
2015-07-24T15:20:00.000000Z,7.46147,7.46083
2015-07-24T15:20:10.000000Z,7.46145,7.46083
2015-07-24T15:20:40.000000Z,7.46158,7.46082
2015-07-24T15:20:50.000000Z,7.46159,7.46082
2015-07-24T15:21:00.000000Z,7.46158,7.46082
2015-07-24T15:21:20.000000Z,7.46157,7.46083
2015-07-24T15:21:30.000000Z,7.46158,7.46082
2015-07-24T15:21:40.000000Z,7.46159,7.46083
2015-07-24T15:21:50.000000Z,7.46156,7.46082
2015-07-24T15:22:00.000000Z,7.46145,7.46083
2015-07-24T15:22:10.000000Z,7.46145,7.46083
2015-07-24T15:22:20.000000Z,7.46156,7.46082
2015-07-24T15:22:30.000000Z,7.46145,7.46083
2015-07-24T15:23:30.000000Z,7.46147,7.46106
2015-07-24T15:23:40.000000Z,7.46159,7.46106
2015-07-24T15:24:00.000000Z,7.46158,7.46106
2015-07-24T15:24:10.000000Z,7.46147,7.46106
2015-07-24T15:24:20.000000Z,7.46146,7.46108
2015-07-24T15:24:40.000000Z,7.46146,7.46106
2015-07-24T15:24:50.000000Z,7.46146,7.46112
2015-07-24T15:25:00.000000Z,7.4616,7.46113
2015-07-24T15:25:20.000000Z,7.46158,7.46112
2015-07-24T15:25:50.000000Z,7.46146,7.46113
2015-07-24T15:26:00.000000Z,7.46159,7.46113
2015-07-24T15:26:20.000000Z,7.46155,7.46104
2015-07-24T15:26:30.000000Z,7.46145,7.46112
2015-07-24T15:26:40.000000Z,7.46159,7.46112
2015-07-24T15:27:10.000000Z,7.46147,7.46113
2015-07-24T15:27:50.000000Z,7.46159,7.46112
2015-07-24T15:28:10.000000Z,7.46146,7.46112
2015-07-24T15:28:30.000000Z,7.46158,7.46113
2015-07-24T15:28:40.000000Z,7.46159,7.46112
2015-07-24T15:30:00.000000Z,7.46165,7.46113
2015-07-24T15:30:50.000000Z,7.46163,7.46113
2015-07-24T15:31:00.000000Z,7.46165,7.46113
2015-07-24T15:31:30.000000Z,7.46163,7.46113
2015-07-24T15:31:50.000000Z,7.46164,7.46112
2015-07-24T15:32:10.000000Z,7.46155,7.46103
2015-07-24T15:32:20.000000Z,7.46153,7.46104
2015-07-24T15:32:40.000000Z,7.46163,7.46112
2015-07-24T15:33:20.000000Z,7.46168,7.46083
2015-07-24T15:33:40.000000Z,7.46165,7.46083
2015-07-24T15:34:00.000000Z,7.46167,7.46083
2015-07-24T15:34:20.000000Z,7.46165,7.46083
2015-07-24T15:34:30.000000Z,7.46144,7.46083
2015-07-24T15:35:20.000000Z,7.46167,7.46083
2015-07-24T15:35:50.000000Z,7.46166,7.46083
2015-07-24T15:37:00.000000Z,7.46164,7.46082
2015-07-24T15:37:20.000000Z,7.46164,7.46083
2015-07-24T15:37:40.000000Z,7.46165,7.46082
2015-07-24T15:37:50.000000Z,7.46154,7.46071
2015-07-24T15:38:00.000000Z,7.46142,7.46082
2015-07-24T15:38:20.000000Z,7.46162,7.46082
2015-07-24T15:38:50.000000Z,7.46141,7.46082
2015-07-24T15:39:10.000000Z,7.4614,7.46083
2015-07-24T15:39:30.000000Z,7.46163,7.46083
2015-07-24T15:39:50.000000Z,7.46143,7.46079
2015-07-24T15:40:10.000000Z,7.46139,7.46082
2015-07-24T15:41:10.000000Z,7.4616,7.46082
2015-07-24T15:42:10.000000Z,7.4616,7.46083
2015-07-24T15:42:20.000000Z,7.46163,7.46083
2015-07-24T15:43:40.000000Z,7.46162,7.46083
2015-07-24T15:45:00.000000Z,7.46163,7.46083
2015-07-24T15:45:10.000000Z,7.46161,7.46082
2015-07-24T15:45:30.000000Z,7.46161,7.46082
2015-07-24T15:45:40.000000Z,7.46163,7.46083
2015-07-24T15:45:50.000000Z,7.46163,7.46082
2015-07-24T15:46:00.000000Z,7.46162,7.46083
2015-07-24T15:47:10.000000Z,7.4614,7.46083
2015-07-24T15:48:20.000000Z,7.46149,7.46071
2015-07-24T15:48:30.000000Z,7.46139,7.46083
2015-07-24T15:48:40.000000Z,7.46161,7.46083
2015-07-24T15:49:00.000000Z,7.46159,7.46082
2015-07-24T15:50:10.000000Z,7.46158,7.46082
2015-07-24T15:51:40.000000Z,7.46146,7.46072
2015-07-24T15:51:50.000000Z,7.46144,7.46072
2015-07-24T15:52:40.000000Z,7.46144,7.46072
2015-07-24T15:53:20.000000Z,7.46146,7.46072
2015-07-24T15:53:30.000000Z,7.46145,7.46073
2015-07-24T15:54:10.000000Z,7.46146,7.46072
2015-07-24T15:54:20.000000Z,7.46145,7.46073
2015-07-24T15:54:30.000000Z,7.46144,7.46072
2015-07-24T15:54:40.000000Z,7.46144,7.46072
2015-07-24T15:56:00.000000Z,7.46144,7.46072
2015-07-24T15:56:10.000000Z,7.46144,7.46072
2015-07-24T15:56:50.000000Z,7.46145,7.46073
2015-07-24T15:57:00.000000Z,7.46145,7.46073
2015-07-24T15:57:30.000000Z,7.46163,7.46083
2015-07-24T15:57:40.000000Z,7.4616,7.46083
2015-07-24T15:57:50.000000Z,7.46162,7.46083
2015-07-24T16:00:00.000000Z,7.46158,7.46082
2015-07-24T16:00:20.000000Z,7.46159,7.46082
2015-07-24T16:01:20.000000Z,7.46162,7.46083
2015-07-24T16:01:30.000000Z,7.46161,7.46088
2015-07-24T16:01:40.000000Z,7.46156,7.46088
2015-07-24T16:02:40.000000Z,7.46154,7.46088
2015-07-24T16:03:10.000000Z,7.46157,7.46084
2015-07-24T16:03:20.000000Z,7.46157,7.46084
2015-07-24T16:03:30.000000Z,7.46154,7.46087
2015-07-24T16:06:10.000000Z,7.46154,7.46089
2015-07-24T16:06:50.000000Z,7.46153,7.46091
2015-07-24T16:07:40.000000Z,7.46155,7.46091
2015-07-24T16:07:50.000000Z,7.46156,7.4609
2015-07-24T16:09:30.000000Z,7.46159,7.46098
2015-07-24T16:09:40.000000Z,7.46161,7.461
2015-07-24T16:10:50.000000Z,7.46161,7.46103
2015-07-24T16:11:20.000000Z,7.46163,7.46103
2015-07-24T16:11:30.000000Z,7.46161,7.46103
2015-07-24T16:12:40.000000Z,7.46158,7.46096
2015-07-24T16:13:10.000000Z,7.46158,7.46093
2015-07-24T16:13:30.000000Z,7.46153,7.46096
2015-07-24T16:13:50.000000Z,7.46149,7.46097
2015-07-24T16:14:10.000000Z,7.46147,7.46097
2015-07-24T16:14:20.000000Z,7.46148,7.46094
2015-07-24T16:17:10.000000Z,7.46146,7.46093
2015-07-24T16:18:30.000000Z,7.4613,7.46093
2015-07-24T16:18:40.000000Z,7.46144,7.46093
2015-07-24T16:20:50.000000Z,7.46145,7.46093
2015-07-24T16:22:00.000000Z,7.46144,7.46093
2015-07-24T16:22:40.000000Z,7.46157,7.46089
2015-07-24T16:22:50.000000Z,7.46159,7.46093
2015-07-24T16:23:30.000000Z,7.4616,7.46092
2015-07-24T16:24:00.000000Z,7.46157,7.46098
2015-07-24T16:25:10.000000Z,7.46158,7.461
2015-07-24T16:25:30.000000Z,7.46157,7.46098
2015-07-24T16:26:20.000000Z,7.46158,7.461
2015-07-24T16:27:10.000000Z,7.46158,7.46099
2015-07-24T16:27:50.000000Z,7.46158,7.46079
2015-07-24T16:29:30.000000Z,7.46157,7.46098
2015-07-24T16:29:40.000000Z,7.46157,7.46098
2015-07-24T16:32:40.000000Z,7.46157,7.46094
2015-07-24T16:33:10.000000Z,7.46157,7.46096
2015-07-24T16:34:30.000000Z,7.46149,7.46101
2015-07-24T16:35:10.000000Z,7.46149,7.46099
2015-07-24T16:35:50.000000Z,7.46148,7.46099
2015-07-24T16:37:10.000000Z,7.46147,7.46096
2015-07-24T16:42:10.000000Z,7.46146,7.46103
2015-07-24T16:45:10.000000Z,7.46147,7.46103
2015-07-24T16:45:20.000000Z,7.46146,7.46103
2015-07-24T16:45:50.000000Z,7.46147,7.46103
2015-07-24T16:52:30.000000Z,7.46153,7.46093
2015-07-24T16:56:00.000000Z,7.46154,7.46093
2015-07-24T17:03:30.000000Z,7.46154,7.46093
2015-07-24T17:04:40.000000Z,7.46154,7.46095
2015-07-24T17:07:20.000000Z,7.46154,7.46094
2015-07-24T17:10:20.000000Z,7.46154,7.46094
2015-07-24T17:11:40.000000Z,7.46154,7.46096
2015-07-24T17:15:10.000000Z,7.46152,7.46096
2015-07-24T17:15:30.000000Z,7.46135,7.46095
2015-07-24T17:15:40.000000Z,7.46152,7.46096
2015-07-24T17:15:50.000000Z,7.46135,7.46095
2015-07-24T17:16:00.000000Z,7.46152,7.46096
2015-07-24T17:16:10.000000Z,7.46153,7.46095
2015-07-24T17:25:10.000000Z,7.46153,7.46094
2015-07-24T17:29:30.000000Z,7.46136,7.46095
2015-07-24T17:31:50.000000Z,7.46154,7.46094
2015-07-24T17:33:20.000000Z,7.46153,7.46095
2015-07-24T17:33:30.000000Z,7.46154,7.46094
2015-07-24T17:35:40.000000Z,7.46153,7.46095
2015-07-24T17:36:30.000000Z,7.46154,7.46094
2015-07-24T17:45:10.000000Z,7.46145,7.46093
2015-07-24T17:45:20.000000Z,7.46143,7.46098
2015-07-24T17:47:50.000000Z,7.46163,7.46097
2015-07-24T17:48:30.000000Z,7.4616,7.46093
2015-07-24T17:48:50.000000Z,7.46159,7.46094
2015-07-24T17:49:50.000000Z,7.46156,7.46093
2015-07-24T17:50:10.000000Z,7.46155,7.46093
2015-07-24T17:54:50.000000Z,7.46157,7.46103
2015-07-24T18:00:00.000000Z,7.46157,7.46105
2015-07-24T18:00:30.000000Z,7.46157,7.46107
2015-07-24T18:00:50.000000Z,7.46156,7.46109
2015-07-24T18:01:00.000000Z,7.46159,7.46105
2015-07-24T18:01:30.000000Z,7.46161,7.46104
2015-07-24T18:01:40.000000Z,7.46158,7.46112
2015-07-24T18:02:00.000000Z,7.46156,7.46114
2015-07-24T18:03:40.000000Z,7.46156,7.46113
2015-07-24T18:07:40.000000Z,7.46155,7.46113
2015-07-24T18:10:20.000000Z,7.46156,7.46113
2015-07-24T18:19:30.000000Z,7.4616,7.46114
2015-07-24T18:49:40.000000Z,7.46159,7.46109
2015-07-24T18:51:00.000000Z,7.46155,7.46108
2015-07-24T18:56:20.000000Z,7.46153,7.46111
2015-07-24T19:00:00.000000Z,7.46157,7.46111
2015-07-24T19:19:20.000000Z,7.46156,7.46112
2015-07-24T19:25:20.000000Z,7.46138,7.46086
2015-07-24T19:25:30.000000Z,7.46137,7.46087
2015-07-24T19:25:40.000000Z,7.46138,7.46085
2015-07-24T19:26:00.000000Z,7.46143,7.46096
2015-07-24T19:27:10.000000Z,7.46145,7.46096
2015-07-24T19:29:30.000000Z,7.46152,7.46097
2015-07-24T19:29:50.000000Z,7.46154,7.46096
2015-07-24T19:30:10.000000Z,7.46151,7.46096
2015-07-24T19:30:30.000000Z,7.46145,7.46096
2015-07-24T19:32:20.000000Z,7.46132,7.461
2015-07-24T19:35:10.000000Z,7.46144,7.461
2015-07-24T19:35:20.000000Z,7.46145,7.461
2015-07-24T19:35:40.000000Z,7.46144,7.461
2015-07-24T19:36:40.000000Z,7.46137,7.46094
2015-07-24T19:37:00.000000Z,7.46131,7.46099
2015-07-24T19:37:20.000000Z,7.46143,7.461
2015-07-24T19:50:10.000000Z,7.46132,7.461
2015-07-24T19:53:00.000000Z,7.46143,7.461
2015-07-24T19:55:30.000000Z,7.46132,7.461
2015-07-24T19:56:00.000000Z,7.46143,7.461
2015-07-24T20:00:00.000000Z,7.46153,7.46093
2015-07-24T20:00:10.000000Z,7.46147,7.46092
2015-07-24T20:00:50.000000Z,7.46146,7.46092
2015-07-24T20:07:10.000000Z,7.46145,7.46093
2015-07-24T20:10:00.000000Z,7.46146,7.46092
2015-07-24T20:11:20.000000Z,7.46143,7.46093
2015-07-24T20:12:20.000000Z,7.46141,7.46093
2015-07-24T20:12:50.000000Z,7.46142,7.46092
2015-07-24T20:13:00.000000Z,7.46145,7.46093
2015-07-24T20:14:40.000000Z,7.46145,7.46093
2015-07-24T20:15:00.000000Z,7.46149,7.46092
2015-07-24T20:19:40.000000Z,7.46148,7.46093
2015-07-24T20:30:00.000000Z,7.46153,7.46093
2015-07-24T20:38:30.000000Z,7.46152,7.4609
2015-07-24T20:38:40.000000Z,7.46161,7.46089
2015-07-24T20:40:00.000000Z,7.46158,7.46088
2015-07-24T20:42:00.000000Z,7.46151,7.46089
2015-07-24T20:45:00.000000Z,7.46165,7.46089
2015-07-24T20:48:10.000000Z,7.46176,7.46088
2015-07-24T20:55:20.000000Z,7.46176,7.46087
2015-07-24T20:55:40.000000Z,7.46181,7.46082
2015-07-24T20:59:40.000000Z,7.46158,7.46074
2015-07-24T20:59:50.000000Z,7.46158,7.46074
2015-07-26T21:00:00.000000Z,7.46188,7.46123
2015-07-26T21:02:00.000000Z,7.46188,7.46121
2015-07-26T21:02:20.000000Z,7.46188,7.4612
2015-07-26T21:03:00.000000Z,7.46195,7.46122
2015-07-26T21:04:00.000000Z,7.46194,7.46123
2015-07-26T21:04:10.000000Z,7.46193,7.46123
2015-07-26T21:06:20.000000Z,7.46185,7.4613
2015-07-26T21:07:10.000000Z,7.46193,7.46123
2015-07-26T21:11:20.000000Z,7.46185,7.4613
2015-07-26T21:15:00.000000Z,7.46183,7.46133
2015-07-26T21:18:50.000000Z,7.46185,7.4613
2015-07-26T21:19:00.000000Z,7.46183,7.46133
2015-07-26T21:20:00.000000Z,7.46185,7.46131
2015-07-26T21:20:10.000000Z,7.46183,7.46133
2015-07-26T21:39:40.000000Z,7.46185,7.4613
2015-07-26T21:40:00.000000Z,7.46193,7.46123
2015-07-26T21:40:50.000000Z,7.46189,7.46127
2015-07-26T21:41:00.000000Z,7.46183,7.46133
2015-07-26T22:00:00.000000Z,7.46229,7.46123
2015-07-26T22:22:20.000000Z,7.46223,7.46122
2015-07-26T22:22:40.000000Z,7.4623,7.46123
2015-07-26T22:30:00.000000Z,7.46224,7.46123
2015-07-26T22:37:30.000000Z,7.46226,7.46122
2015-07-26T22:38:50.000000Z,7.46224,7.46123
2015-07-26T22:41:40.000000Z,7.46217,7.46123
2015-07-26T22:57:20.000000Z,7.46224,7.46123
2015-07-26T23:01:50.000000Z,7.46212,7.46134
2015-07-26T23:10:50.000000Z,7.46217,7.46122
2015-07-26T23:12:00.000000Z,7.46216,7.46122
2015-07-26T23:15:10.000000Z,7.46213,7.46127
2015-07-26T23:15:20.000000Z,7.46214,7.46133
2015-07-26T23:17:50.000000Z,7.46211,7.46127
2015-07-26T23:18:00.000000Z,7.46211,7.46127
2015-07-26T23:18:10.000000Z,7.46212,7.46133
2015-07-27T00:00:40.000000Z,7.46198,7.46132
2015-07-27T00:04:00.000000Z,7.46192,7.46133
2015-07-27T00:04:20.000000Z,7.46198,7.46132
2015-07-27T01:00:30.000000Z,7.46193,7.46133
2015-07-27T01:04:40.000000Z,7.46187,7.46132
2015-07-27T01:05:40.000000Z,7.46187,7.46133
2015-07-27T01:10:50.000000Z,7.46189,7.46133
2015-07-27T01:12:10.000000Z,7.46187,7.46133
2015-07-27T01:22:30.000000Z,7.46193,7.46137
2015-07-27T01:23:00.000000Z,7.46189,7.46133
2015-07-27T03:12:30.000000Z,7.46189,7.46133
2015-07-27T03:14:10.000000Z,7.46217,7.46152
2015-07-27T03:14:20.000000Z,7.46207,7.46161
2015-07-27T03:14:40.000000Z,7.46211,7.46162
2015-07-27T03:15:30.000000Z,7.46217,7.46162
2015-07-27T03:22:10.000000Z,7.46215,7.46163
2015-07-27T03:31:20.000000Z,7.46216,7.46163
2015-07-27T03:34:00.000000Z,7.46221,7.46163
2015-07-27T03:34:10.000000Z,7.46224,7.46164
2015-07-27T03:34:20.000000Z,7.46223,7.46162
2015-07-27T03:34:30.000000Z,7.46217,7.46162
2015-07-27T03:35:30.000000Z,7.46215,7.46162
2015-07-27T03:38:20.000000Z,7.46233,7.46176
2015-07-27T03:38:30.000000Z,7.46224,7.46169
2015-07-27T03:38:40.000000Z,7.46212,7.46162
2015-07-27T03:40:00.000000Z,7.46208,7.46162
2015-07-27T03:42:50.000000Z,7.46215,7.46163
2015-07-27T03:44:30.000000Z,7.46217,7.46163
2015-07-27T04:34:50.000000Z,7.46217,7.46162
2015-07-27T05:55:10.000000Z,7.46221,7.46163
2015-07-27T05:56:10.000000Z,7.46218,7.46163
2015-07-27T05:59:30.000000Z,7.46206,7.46162
2015-07-27T06:00:00.000000Z,7.46202,7.46167
2015-07-27T06:00:10.000000Z,7.46212,7.46173
2015-07-27T06:00:20.000000Z,7.46213,7.46172
2015-07-27T06:00:30.000000Z,7.46209,7.46172
2015-07-27T06:08:00.000000Z,7.46197,7.46144
2015-07-27T06:08:10.000000Z,7.46186,7.46143
2015-07-27T06:09:20.000000Z,7.4618,7.46143
2015-07-27T06:16:30.000000Z,7.46185,7.46137
2015-07-27T06:16:40.000000Z,7.46181,7.46142
2015-07-27T06:26:40.000000Z,7.4618,7.46144
2015-07-27T06:27:00.000000Z,7.46181,7.46143
2015-07-27T06:29:30.000000Z,7.46179,7.46142
2015-07-27T06:29:50.000000Z,7.4618,7.46141
2015-07-27T06:30:00.000000Z,7.46174,7.46138
2015-07-27T06:30:10.000000Z,7.46179,7.46143
2015-07-27T06:30:20.000000Z,7.4617,7.46142
2015-07-27T06:30:30.000000Z,7.46179,7.46143
2015-07-27T06:30:40.000000Z,7.46179,7.46143
2015-07-27T06:30:50.000000Z,7.46179,7.46143
2015-07-27T06:31:00.000000Z,7.4617,7.46142
2015-07-27T06:32:30.000000Z,7.46174,7.46139
2015-07-27T06:32:40.000000Z,7.4617,7.46142
2015-07-27T06:33:00.000000Z,7.4617,7.46142
2015-07-27T06:33:10.000000Z,7.46179,7.46143
2015-07-27T06:33:20.000000Z,7.46179,7.46143
2015-07-27T06:33:50.000000Z,7.46177,7.46135
2015-07-27T06:34:00.000000Z,7.46182,7.4614
2015-07-27T06:34:10.000000Z,7.46179,7.46143
2015-07-27T06:34:20.000000Z,7.4618,7.46142
2015-07-27T06:34:30.000000Z,7.46182,7.46142
2015-07-27T06:34:40.000000Z,7.46178,7.46138
2015-07-27T06:35:10.000000Z,7.46178,7.46138
2015-07-27T06:35:30.000000Z,7.46178,7.46137
2015-07-27T06:35:40.000000Z,7.46178,7.46138
2015-07-27T06:36:20.000000Z,7.46181,7.46143
2015-07-27T06:36:40.000000Z,7.46178,7.46138
2015-07-27T06:37:20.000000Z,7.46181,7.46143
2015-07-27T06:37:50.000000Z,7.46178,7.46138
2015-07-27T06:38:00.000000Z,7.46181,7.46143
2015-07-27T06:38:30.000000Z,7.46178,7.46138
2015-07-27T06:38:40.000000Z,7.46181,7.46143
2015-07-27T06:39:00.000000Z,7.46178,7.46138
2015-07-27T06:39:10.000000Z,7.46181,7.46143
2015-07-27T06:39:30.000000Z,7.46178,7.46138
2015-07-27T06:40:00.000000Z,7.46181,7.46143
2015-07-27T06:40:10.000000Z,7.46178,7.46138
2015-07-27T06:40:20.000000Z,7.46182,7.46142
2015-07-27T06:40:30.000000Z,7.46178,7.46138
2015-07-27T06:41:00.000000Z,7.46181,7.46143
2015-07-27T06:41:30.000000Z,7.46178,7.46138
2015-07-27T06:41:40.000000Z,7.46177,7.46137
2015-07-27T06:41:50.000000Z,7.4618,7.46142
2015-07-27T06:42:00.000000Z,7.46177,7.46137
2015-07-27T06:42:30.000000Z,7.46177,7.46137
2015-07-27T06:42:40.000000Z,7.4618,7.46142
2015-07-27T06:42:50.000000Z,7.4618,7.46142
2015-07-27T06:43:00.000000Z,7.4618,7.46142
2015-07-27T06:43:10.000000Z,7.4618,7.46142
2015-07-27T06:43:40.000000Z,7.46177,7.46137
2015-07-27T06:44:00.000000Z,7.4618,7.46142
2015-07-27T06:44:30.000000Z,7.46177,7.46137
2015-07-27T06:44:50.000000Z,7.4618,7.46142
2015-07-27T06:45:00.000000Z,7.46177,7.46137
2015-07-27T06:45:10.000000Z,7.4618,7.46142
2015-07-27T06:46:50.000000Z,7.46177,7.46137
2015-07-27T06:48:00.000000Z,7.4618,7.46142
2015-07-27T06:48:30.000000Z,7.46177,7.46137
2015-07-27T06:49:00.000000Z,7.4618,7.46142
2015-07-27T06:49:20.000000Z,7.46177,7.46137
2015-07-27T06:50:20.000000Z,7.46177,7.46137
2015-07-27T06:50:40.000000Z,7.4618,7.46142
2015-07-27T06:50:50.000000Z,7.46177,7.46137
2015-07-27T06:51:10.000000Z,7.4618,7.46142
2015-07-27T06:51:30.000000Z,7.46177,7.46137
2015-07-27T06:52:00.000000Z,7.4618,7.46142
2015-07-27T06:52:30.000000Z,7.46177,7.46137
2015-07-27T06:53:20.000000Z,7.4618,7.46142
2015-07-27T06:54:40.000000Z,7.46177,7.46137
2015-07-27T06:54:50.000000Z,7.4618,7.46142
2015-07-27T06:55:10.000000Z,7.46177,7.46137
2015-07-27T06:55:20.000000Z,7.4618,7.46142
2015-07-27T06:55:40.000000Z,7.46177,7.46137
2015-07-27T06:55:50.000000Z,7.46177,7.46137
2015-07-27T06:57:00.000000Z,7.46177,7.46137
2015-07-27T06:57:20.000000Z,7.4618,7.46142
2015-07-27T06:57:30.000000Z,7.46177,7.46137
2015-07-27T06:58:10.000000Z,7.4618,7.46143
2015-07-27T06:58:20.000000Z,7.4618,7.46142
2015-07-27T06:59:20.000000Z,7.4618,7.46142
2015-07-27T06:59:30.000000Z,7.46177,7.46137
2015-07-27T07:00:00.000000Z,7.46177,7.46137
2015-07-27T07:00:10.000000Z,7.46177,7.46137
2015-07-27T07:00:20.000000Z,7.46177,7.46137
2015-07-27T07:00:30.000000Z,7.4618,7.46142
2015-07-27T07:01:10.000000Z,7.4618,7.46142
2015-07-27T07:01:30.000000Z,7.46177,7.46137
2015-07-27T07:01:40.000000Z,7.46178,7.46141
2015-07-27T07:01:50.000000Z,7.46177,7.46136
2015-07-27T07:02:00.000000Z,7.46181,7.4614
2015-07-27T07:02:10.000000Z,7.46177,7.46136
2015-07-27T07:03:20.000000Z,7.4618,7.46141
2015-07-27T07:03:30.000000Z,7.46179,7.46142
2015-07-27T07:03:50.000000Z,7.46177,7.46136
2015-07-27T07:04:00.000000Z,7.46179,7.46142
2015-07-27T07:04:10.000000Z,7.46177,7.46136
2015-07-27T07:04:20.000000Z,7.46179,7.46142
2015-07-27T07:04:30.000000Z,7.46179,7.46142
2015-07-27T07:05:30.000000Z,7.46181,7.4614
2015-07-27T07:05:40.000000Z,7.46179,7.46142
2015-07-27T07:06:00.000000Z,7.46177,7.46136
2015-07-27T07:06:10.000000Z,7.46179,7.46142
2015-07-27T07:06:40.000000Z,7.46177,7.46136
2015-07-27T07:06:50.000000Z,7.46181,7.4614
2015-07-27T07:07:00.000000Z,7.46179,7.46142
2015-07-27T07:07:50.000000Z,7.46177,7.46136
2015-07-27T07:08:00.000000Z,7.46179,7.46142
2015-07-27T07:08:10.000000Z,7.46179,7.46142
2015-07-27T07:08:40.000000Z,7.46179,7.46142
2015-07-27T07:09:00.000000Z,7.46179,7.46142
2015-07-27T07:09:30.000000Z,7.46177,7.46136
2015-07-27T07:09:40.000000Z,7.46177,7.46136
2015-07-27T07:09:50.000000Z,7.46179,7.46142
2015-07-27T07:10:10.000000Z,7.46179,7.46142
2015-07-27T07:10:50.000000Z,7.46177,7.46136
2015-07-27T07:11:00.000000Z,7.46177,7.46136
2015-07-27T07:11:10.000000Z,7.46179,7.46142
2015-07-27T07:11:40.000000Z,7.46177,7.46136
2015-07-27T07:11:50.000000Z,7.46177,7.46136
2015-07-27T07:12:00.000000Z,7.46179,7.46142
2015-07-27T07:12:10.000000Z,7.46177,7.46136
2015-07-27T07:12:30.000000Z,7.46179,7.46142
2015-07-27T07:12:50.000000Z,7.46177,7.46136
2015-07-27T07:13:10.000000Z,7.46179,7.46142
2015-07-27T07:13:30.000000Z,7.46177,7.46136
2015-07-27T07:14:00.000000Z,7.46179,7.46142
2015-07-27T07:14:10.000000Z,7.46179,7.46142
2015-07-27T07:14:20.000000Z,7.46177,7.46136
2015-07-27T07:14:50.000000Z,7.46179,7.46142
2015-07-27T07:15:50.000000Z,7.46174,7.46139
2015-07-27T07:16:00.000000Z,7.46179,7.46142
2015-07-27T07:16:10.000000Z,7.46179,7.46142
2015-07-27T07:16:20.000000Z,7.4618,7.46141
2015-07-27T07:16:30.000000Z,7.46177,7.46136
2015-07-27T07:16:40.000000Z,7.4618,7.46142
2015-07-27T07:17:00.000000Z,7.46179,7.46142
2015-07-27T07:17:10.000000Z,7.46177,7.46136
2015-07-27T07:17:40.000000Z,7.46177,7.46136
2015-07-27T07:19:00.000000Z,7.46179,7.46142
2015-07-27T07:19:20.000000Z,7.46177,7.46136
2015-07-27T07:19:30.000000Z,7.46179,7.46142
2015-07-27T07:19:40.000000Z,7.46177,7.46136
2015-07-27T07:20:10.000000Z,7.46177,7.46136
2015-07-27T07:20:20.000000Z,7.46179,7.46142
2015-07-27T07:20:30.000000Z,7.46177,7.46136
2015-07-27T07:20:40.000000Z,7.46177,7.46136
2015-07-27T07:20:50.000000Z,7.46181,7.4614
2015-07-27T07:21:00.000000Z,7.46177,7.46136
2015-07-27T07:21:20.000000Z,7.46177,7.46136
2015-07-27T07:21:30.000000Z,7.46179,7.46142
2015-07-27T07:21:40.000000Z,7.46177,7.46136
2015-07-27T07:22:10.000000Z,7.46177,7.46136
2015-07-27T07:22:30.000000Z,7.46179,7.46142
2015-07-27T07:22:50.000000Z,7.46177,7.46136
2015-07-27T07:23:00.000000Z,7.46179,7.46142
2015-07-27T07:23:20.000000Z,7.46177,7.46136
2015-07-27T07:23:30.000000Z,7.46177,7.46136
2015-07-27T07:23:50.000000Z,7.46179,7.46142
2015-07-27T07:24:00.000000Z,7.46177,7.46136
2015-07-27T07:24:10.000000Z,7.46179,7.46142
2015-07-27T07:24:20.000000Z,7.46177,7.46136
2015-07-27T07:25:10.000000Z,7.46177,7.46136
2015-07-27T07:25:20.000000Z,7.46181,7.46143
2015-07-27T07:25:30.000000Z,7.46177,7.46136
2015-07-27T07:25:40.000000Z,7.46181,7.46143
2015-07-27T07:25:50.000000Z,7.46177,7.46136
2015-07-27T07:26:00.000000Z,7.46181,7.46143
2015-07-27T07:26:10.000000Z,7.46177,7.46136
2015-07-27T07:27:30.000000Z,7.46177,7.46136
2015-07-27T07:28:10.000000Z,7.46182,7.46143
2015-07-27T07:28:20.000000Z,7.46177,7.46136
2015-07-27T07:29:30.000000Z,7.46178,7.46135
2015-07-27T07:30:10.000000Z,7.4618,7.46142
2015-07-27T07:30:30.000000Z,7.46181,7.46142
2015-07-27T07:30:40.000000Z,7.46178,7.46136
2015-07-27T07:31:30.000000Z,7.46178,7.46136
2015-07-27T07:32:00.000000Z,7.46181,7.46142
2015-07-27T07:32:40.000000Z,7.46178,7.46136
2015-07-27T07:32:50.000000Z,7.46181,7.46142
2015-07-27T07:33:20.000000Z,7.46178,7.46136
2015-07-27T07:33:50.000000Z,7.46181,7.46142
2015-07-27T07:34:00.000000Z,7.46178,7.46136
2015-07-27T07:35:40.000000Z,7.46181,7.46142
2015-07-27T07:35:50.000000Z,7.46183,7.46141
2015-07-27T07:36:00.000000Z,7.46178,7.46136
2015-07-27T07:37:10.000000Z,7.4618,7.46142
2015-07-27T07:37:20.000000Z,7.46178,7.46135
2015-07-27T07:37:50.000000Z,7.46181,7.46143
2015-07-27T07:39:30.000000Z,7.46178,7.46135
2015-07-27T07:39:40.000000Z,7.4618,7.46142
2015-07-27T07:40:00.000000Z,7.4618,7.46143
2015-07-27T07:40:40.000000Z,7.46177,7.46134
2015-07-27T07:41:30.000000Z,7.46177,7.46134
2015-07-27T07:41:40.000000Z,7.4618,7.46143
2015-07-27T07:41:50.000000Z,7.46177,7.46134
2015-07-27T07:42:00.000000Z,7.4618,7.46143
2015-07-27T07:42:20.000000Z,7.46185,7.46142
2015-07-27T07:43:10.000000Z,7.46168,7.46133
2015-07-27T07:44:30.000000Z,7.46162,7.46132
2015-07-27T07:44:40.000000Z,7.4617,7.46036
2015-07-27T07:44:50.000000Z,7.46156,7.46047
2015-07-27T07:45:00.000000Z,7.46154,7.46062
2015-07-27T07:45:50.000000Z,7.46167,7.46092
2015-07-27T07:46:00.000000Z,7.4616,7.46112
2015-07-27T07:47:30.000000Z,7.46162,7.46123
2015-07-27T07:48:10.000000Z,7.46159,7.46123
2015-07-27T07:48:50.000000Z,7.46155,7.46115
2015-07-27T07:49:30.000000Z,7.46169,7.46121
2015-07-27T07:49:40.000000Z,7.46167,7.46121
2015-07-27T07:49:50.000000Z,7.46165,7.46122
2015-07-27T07:50:20.000000Z,7.46159,7.46116
2015-07-27T07:50:30.000000Z,7.46157,7.46114
2015-07-27T07:51:00.000000Z,7.46157,7.46114
2015-07-27T07:51:10.000000Z,7.4615,7.46116
2015-07-27T07:51:20.000000Z,7.46153,7.46113
2015-07-27T07:52:20.000000Z,7.46147,7.46117
2015-07-27T07:52:40.000000Z,7.46158,7.46114
2015-07-27T07:52:50.000000Z,7.46161,7.46123
2015-07-27T07:53:00.000000Z,7.46157,7.46115
2015-07-27T07:53:10.000000Z,7.4616,7.46122
2015-07-27T07:53:20.000000Z,7.4616,7.46122
2015-07-27T07:53:30.000000Z,7.46162,7.4612
2015-07-27T07:53:50.000000Z,7.4616,7.46122
2015-07-27T07:54:20.000000Z,7.46168,7.46122
2015-07-27T07:54:50.000000Z,7.46167,7.46123
2015-07-27T07:55:30.000000Z,7.46158,7.46132
2015-07-27T07:56:10.000000Z,7.46157,7.46125
2015-07-27T07:56:30.000000Z,7.46158,7.46132
2015-07-27T07:56:40.000000Z,7.46158,7.46125
2015-07-27T07:56:50.000000Z,7.46158,7.46125
2015-07-27T07:58:00.000000Z,7.46158,7.46132
2015-07-27T07:58:10.000000Z,7.46158,7.46125
2015-07-27T07:59:20.000000Z,7.46158,7.46125
2015-07-27T07:59:40.000000Z,7.46158,7.46115
2015-07-27T07:59:50.000000Z,7.46158,7.46121
2015-07-27T08:00:20.000000Z,7.46166,7.46123
2015-07-27T08:00:30.000000Z,7.46158,7.46122
2015-07-27T08:00:50.000000Z,7.46162,7.46119
2015-07-27T08:01:00.000000Z,7.46158,7.46122
2015-07-27T08:01:10.000000Z,7.46157,7.46125
2015-07-27T08:01:20.000000Z,7.46158,7.46125
2015-07-27T08:01:30.000000Z,7.46172,7.46133
2015-07-27T08:02:30.000000Z,7.4618,7.46133
2015-07-27T08:02:40.000000Z,7.46173,7.46138
2015-07-27T08:02:50.000000Z,7.46168,7.46142
2015-07-27T08:04:00.000000Z,7.46161,7.46122
2015-07-27T08:04:10.000000Z,7.46161,7.46129
2015-07-27T08:04:20.000000Z,7.46161,7.46122
2015-07-27T08:05:30.000000Z,7.46157,7.46124
2015-07-27T08:06:30.000000Z,7.46157,7.46131
2015-07-27T08:07:10.000000Z,7.46157,7.46124
2015-07-27T08:07:20.000000Z,7.46157,7.46131
2015-07-27T08:07:40.000000Z,7.46157,7.46124
2015-07-27T08:07:50.000000Z,7.46157,7.46131
2015-07-27T08:08:00.000000Z,7.46158,7.46125
2015-07-27T08:08:10.000000Z,7.46158,7.46125
2015-07-27T08:09:00.000000Z,7.46158,7.46125
2015-07-27T08:09:20.000000Z,7.46157,7.46125
2015-07-27T08:09:40.000000Z,7.46158,7.46132
2015-07-27T08:09:50.000000Z,7.46158,7.46132
2015-07-27T08:10:10.000000Z,7.46158,7.46132
2015-07-27T08:10:20.000000Z,7.46158,7.46125
2015-07-27T08:12:00.000000Z,7.46157,7.46126
2015-07-27T08:12:10.000000Z,7.46157,7.46125
2015-07-27T08:12:20.000000Z,7.46157,7.46132
2015-07-27T08:12:30.000000Z,7.46157,7.46125
2015-07-27T08:12:50.000000Z,7.46157,7.46132
2015-07-27T08:13:00.000000Z,7.46157,7.46125
2015-07-27T08:13:40.000000Z,7.46157,7.46132
2015-07-27T08:13:50.000000Z,7.46157,7.46125
2015-07-27T08:14:20.000000Z,7.46157,7.46125
2015-07-27T08:14:50.000000Z,7.46158,7.46124
2015-07-27T08:15:40.000000Z,7.46158,7.46131
2015-07-27T08:15:50.000000Z,7.46158,7.46131
2015-07-27T08:17:00.000000Z,7.46158,7.46124
2015-07-27T08:17:30.000000Z,7.46158,7.46124
2015-07-27T08:18:40.000000Z,7.46176,7.46127
2015-07-27T08:18:50.000000Z,7.46171,7.46133
2015-07-27T08:19:10.000000Z,7.46166,7.46126
2015-07-27T08:19:30.000000Z,7.4617,7.46132
2015-07-27T08:20:00.000000Z,7.46166,7.46126
2015-07-27T08:20:10.000000Z,7.46166,7.46124
2015-07-27T08:20:20.000000Z,7.46168,7.46132
2015-07-27T08:20:30.000000Z,7.46166,7.46124
2015-07-27T08:20:40.000000Z,7.46168,7.46132
2015-07-27T08:20:50.000000Z,7.46166,7.46124
2015-07-27T08:21:30.000000Z,7.46168,7.46132
2015-07-27T08:22:00.000000Z,7.46166,7.46124
2015-07-27T08:22:20.000000Z,7.46168,7.46132
2015-07-27T08:22:30.000000Z,7.46166,7.46124
2015-07-27T08:22:50.000000Z,7.46168,7.46132
2015-07-27T08:23:20.000000Z,7.46166,7.46124
2015-07-27T08:23:30.000000Z,7.46168,7.46132
2015-07-27T08:23:40.000000Z,7.46166,7.46124
2015-07-27T08:24:20.000000Z,7.46168,7.46132
2015-07-27T08:24:30.000000Z,7.46166,7.46124
2015-07-27T08:24:40.000000Z,7.46171,7.4613
2015-07-27T08:24:50.000000Z,7.4619,7.46132
2015-07-27T08:25:00.000000Z,7.46191,7.46134
2015-07-27T08:25:10.000000Z,7.46187,7.46133
2015-07-27T08:25:40.000000Z,7.46178,7.46129
2015-07-27T08:26:00.000000Z,7.46187,7.46132
2015-07-27T08:26:10.000000Z,7.46185,7.46132
2015-07-27T08:26:20.000000Z,7.46179,7.46126
2015-07-27T08:26:30.000000Z,7.46185,7.46132
2015-07-27T08:26:40.000000Z,7.46178,7.46127
2015-07-27T08:27:30.000000Z,7.46185,7.46132
2015-07-27T08:28:20.000000Z,7.46185,7.46133
2015-07-27T08:29:40.000000Z,7.46177,7.46126
2015-07-27T08:30:10.000000Z,7.46185,7.46133
2015-07-27T08:30:20.000000Z,7.46185,7.46133
2015-07-27T08:31:00.000000Z,7.46177,7.46126
2015-07-27T08:32:10.000000Z,7.46185,7.46133
2015-07-27T08:32:20.000000Z,7.46177,7.46126
2015-07-27T08:32:40.000000Z,7.46185,7.46133
2015-07-27T08:32:50.000000Z,7.46177,7.46126
2015-07-27T08:33:10.000000Z,7.46185,7.46133
2015-07-27T08:33:20.000000Z,7.46185,7.46133
2015-07-27T08:33:40.000000Z,7.46178,7.46126
2015-07-27T08:34:00.000000Z,7.46177,7.46126
2015-07-27T08:34:20.000000Z,7.46185,7.46133
2015-07-27T08:34:30.000000Z,7.46177,7.46126
2015-07-27T08:34:40.000000Z,7.46185,7.46133
2015-07-27T08:34:50.000000Z,7.46177,7.46126
2015-07-27T08:35:00.000000Z,7.46185,7.46133
2015-07-27T08:35:10.000000Z,7.46177,7.46126
2015-07-27T08:37:50.000000Z,7.46185,7.46133
2015-07-27T08:38:10.000000Z,7.46177,7.46126
2015-07-27T08:38:40.000000Z,7.46185,7.46133
2015-07-27T08:39:00.000000Z,7.46177,7.46126
2015-07-27T08:39:50.000000Z,7.46184,7.46133
2015-07-27T08:40:00.000000Z,7.46177,7.46126
2015-07-27T08:40:10.000000Z,7.46184,7.46133
2015-07-27T08:41:00.000000Z,7.46185,7.46133
2015-07-27T08:41:40.000000Z,7.46178,7.46126
2015-07-27T08:43:00.000000Z,7.46185,7.46132
2015-07-27T08:43:30.000000Z,7.46178,7.46127
2015-07-27T08:43:50.000000Z,7.46185,7.46132
2015-07-27T08:44:10.000000Z,7.46178,7.46127
2015-07-27T08:44:40.000000Z,7.46185,7.46132
2015-07-27T08:45:40.000000Z,7.46178,7.46127
2015-07-27T08:46:00.000000Z,7.46176,7.46128
2015-07-27T08:46:50.000000Z,7.46184,7.46133
2015-07-27T08:48:00.000000Z,7.46184,7.46133
2015-07-27T08:48:10.000000Z,7.46175,7.46127
2015-07-27T08:48:20.000000Z,7.46184,7.46133
2015-07-27T08:48:50.000000Z,7.46175,7.46127
2015-07-27T08:49:50.000000Z,7.46184,7.46133
2015-07-27T08:50:00.000000Z,7.46175,7.46127
2015-07-27T08:50:10.000000Z,7.46184,7.46133
2015-07-27T08:50:40.000000Z,7.46175,7.46127
2015-07-27T08:50:50.000000Z,7.46184,7.46133
2015-07-27T08:51:30.000000Z,7.46175,7.46127
2015-07-27T08:51:50.000000Z,7.46176,7.46132
2015-07-27T08:52:20.000000Z,7.46167,7.46128
2015-07-27T08:52:30.000000Z,7.46176,7.46132
2015-07-27T08:54:00.000000Z,7.46167,7.46128
2015-07-27T08:54:50.000000Z,7.46167,7.46128
2015-07-27T08:55:20.000000Z,7.46176,7.46127
2015-07-27T08:56:30.000000Z,7.46183,7.46132
2015-07-27T08:58:10.000000Z,7.46176,7.46127
2015-07-27T08:59:30.000000Z,7.46183,7.46132
2015-07-27T09:00:00.000000Z,7.46183,7.46132
2015-07-27T09:00:20.000000Z,7.46176,7.46127
2015-07-27T09:01:00.000000Z,7.46176,7.46127
2015-07-27T09:01:10.000000Z,7.46183,7.46132
2015-07-27T09:01:20.000000Z,7.46176,7.46127
2015-07-27T09:01:50.000000Z,7.46183,7.46132
2015-07-27T09:02:00.000000Z,7.46183,7.46132
2015-07-27T09:02:40.000000Z,7.46176,7.46127
2015-07-27T09:03:00.000000Z,7.46183,7.46132
2015-07-27T09:03:50.000000Z,7.46177,7.46126
2015-07-27T09:04:00.000000Z,7.46176,7.46127
2015-07-27T09:04:20.000000Z,7.46183,7.46132
2015-07-27T09:04:30.000000Z,7.46176,7.46127
2015-07-27T09:05:00.000000Z,7.46176,7.46127
2015-07-27T09:06:20.000000Z,7.46183,7.46132
2015-07-27T09:06:50.000000Z,7.46176,7.46127
2015-07-27T09:08:10.000000Z,7.46175,7.46126
2015-07-27T09:11:10.000000Z,7.46182,7.46133
2015-07-27T09:11:20.000000Z,7.46175,7.46126
2015-07-27T09:12:20.000000Z,7.46182,7.46133
2015-07-27T09:12:30.000000Z,7.46175,7.46126
2015-07-27T09:13:00.000000Z,7.46182,7.46133
2015-07-27T09:13:40.000000Z,7.46175,7.46126
2015-07-27T09:15:10.000000Z,7.46182,7.46133
2015-07-27T09:16:50.000000Z,7.46175,7.46126
2015-07-27T09:17:00.000000Z,7.46182,7.46133
2015-07-27T09:17:30.000000Z,7.46175,7.46126
2015-07-27T09:17:40.000000Z,7.46174,7.46126
2015-07-27T09:17:50.000000Z,7.46173,7.46127
2015-07-27T09:18:00.000000Z,7.46179,7.46132
2015-07-27T09:18:50.000000Z,7.46171,7.46127
2015-07-27T09:19:00.000000Z,7.46179,7.46132
2015-07-27T09:20:30.000000Z,7.46171,7.46127
2015-07-27T09:20:40.000000Z,7.46171,7.46127
2015-07-27T09:20:50.000000Z,7.46179,7.46132
2015-07-27T09:21:30.000000Z,7.46171,7.46127
2015-07-27T09:22:00.000000Z,7.46179,7.46132
2015-07-27T09:22:10.000000Z,7.46179,7.46132
2015-07-27T09:22:50.000000Z,7.46171,7.46127
2015-07-27T09:23:30.000000Z,7.46179,7.46132
2015-07-27T09:23:40.000000Z,7.46171,7.46127
2015-07-27T09:26:10.000000Z,7.46171,7.46129
2015-07-27T09:27:30.000000Z,7.46167,7.46133
2015-07-27T09:28:00.000000Z,7.46168,7.46141
2015-07-27T09:28:30.000000Z,7.46167,7.46133
2015-07-27T09:28:40.000000Z,7.46167,7.4614
2015-07-27T09:29:40.000000Z,7.4618,7.46133
2015-07-27T09:30:50.000000Z,7.46171,7.46127
2015-07-27T09:31:00.000000Z,7.46179,7.46132
2015-07-27T09:32:00.000000Z,7.46179,7.46132
2015-07-27T09:32:30.000000Z,7.46172,7.46126
2015-07-27T09:32:50.000000Z,7.46171,7.46127
2015-07-27T09:33:00.000000Z,7.46179,7.46132
2015-07-27T09:34:00.000000Z,7.46171,7.46127
2015-07-27T09:35:40.000000Z,7.46189,7.4611
2015-07-27T09:35:50.000000Z,7.46197,7.46115
2015-07-27T09:36:20.000000Z,7.46189,7.4611
2015-07-27T09:36:30.000000Z,7.46191,7.46109
2015-07-27T09:36:50.000000Z,7.46197,7.46115
2015-07-27T09:37:00.000000Z,7.4619,7.46108
2015-07-27T09:37:20.000000Z,7.46189,7.4611
2015-07-27T09:40:40.000000Z,7.46197,7.46115
2015-07-27T09:40:50.000000Z,7.46189,7.4611
2015-07-27T09:41:00.000000Z,7.46197,7.46115
2015-07-27T09:41:10.000000Z,7.46189,7.4611
2015-07-27T09:42:10.000000Z,7.46197,7.46115
2015-07-27T09:42:40.000000Z,7.46189,7.4611
2015-07-27T09:43:10.000000Z,7.46197,7.46115
2015-07-27T09:43:20.000000Z,7.46189,7.4611
2015-07-27T09:43:30.000000Z,7.46197,7.46115
2015-07-27T09:44:40.000000Z,7.46199,7.46115
2015-07-27T09:45:00.000000Z,7.4619,7.4611
2015-07-27T09:45:30.000000Z,7.46198,7.46115
2015-07-27T09:46:10.000000Z,7.4619,7.4611
2015-07-27T09:46:30.000000Z,7.46197,7.46115
2015-07-27T09:47:10.000000Z,7.46197,7.46115
2015-07-27T09:48:30.000000Z,7.46189,7.4611
2015-07-27T09:48:50.000000Z,7.46197,7.46115
2015-07-27T09:49:00.000000Z,7.46189,7.4611
2015-07-27T09:49:10.000000Z,7.46197,7.46115
2015-07-27T09:49:20.000000Z,7.46189,7.4611
2015-07-27T09:49:30.000000Z,7.46197,7.46115
2015-07-27T09:49:40.000000Z,7.46189,7.4611
2015-07-27T09:50:30.000000Z,7.46197,7.46115
2015-07-27T09:51:00.000000Z,7.46197,7.46115
2015-07-27T09:51:10.000000Z,7.4619,7.46108
2015-07-27T09:51:20.000000Z,7.46189,7.4611
2015-07-27T09:52:00.000000Z,7.46197,7.46115
2015-07-27T09:52:20.000000Z,7.46189,7.4611
2015-07-27T09:53:30.000000Z,7.46197,7.46115
2015-07-27T09:56:30.000000Z,7.46189,7.4611
2015-07-27T09:56:40.000000Z,7.46197,7.46115
2015-07-27T09:56:50.000000Z,7.46189,7.4611
2015-07-27T09:57:00.000000Z,7.46197,7.46115
2015-07-27T09:58:30.000000Z,7.46185,7.46115
2015-07-27T09:59:40.000000Z,7.46176,7.46098
2015-07-27T09:59:50.000000Z,7.46172,7.46095
2015-07-27T10:00:00.000000Z,7.4617,7.46095
2015-07-27T10:00:10.000000Z,7.46192,7.46108
2015-07-27T10:00:30.000000Z,7.46191,7.46109
2015-07-27T10:01:40.000000Z,7.46189,7.46105
2015-07-27T10:01:50.000000Z,7.4619,7.46105
2015-07-27T10:02:00.000000Z,7.46191,7.46085
2015-07-27T10:02:10.000000Z,7.46188,7.46095
2015-07-27T10:02:20.000000Z,7.46179,7.46105
2015-07-27T10:05:00.000000Z,7.46175,7.46095
2015-07-27T10:05:10.000000Z,7.46174,7.46102
2015-07-27T10:05:20.000000Z,7.46184,7.46105
2015-07-27T10:06:30.000000Z,7.46175,7.46115
2015-07-27T10:07:00.000000Z,7.46179,7.46101
2015-07-27T10:11:00.000000Z,7.46175,7.46115
2015-07-27T10:11:40.000000Z,7.46177,7.46108
2015-07-27T10:11:50.000000Z,7.46171,7.46112
2015-07-27T10:12:00.000000Z,7.46169,7.46115
2015-07-27T10:12:40.000000Z,7.46168,7.46113
2015-07-27T10:13:40.000000Z,7.46175,7.46097
2015-07-27T10:14:20.000000Z,7.46182,7.46097
2015-07-27T10:16:30.000000Z,7.46169,7.46104
2015-07-27T10:16:50.000000Z,7.46169,7.46105
2015-07-27T10:18:20.000000Z,7.46164,7.461
2015-07-27T10:19:00.000000Z,7.46164,7.46099
2015-07-27T10:21:10.000000Z,7.46168,7.46101
2015-07-27T10:21:30.000000Z,7.46175,7.46105
2015-07-27T10:22:30.000000Z,7.46168,7.46113
2015-07-27T10:25:00.000000Z,7.46169,7.46112
2015-07-27T10:28:00.000000Z,7.46169,7.46112
2015-07-27T10:30:10.000000Z,7.46175,7.46105
2015-07-27T10:30:20.000000Z,7.46168,7.46115
2015-07-27T10:31:10.000000Z,7.46182,7.46094
2015-07-27T10:31:20.000000Z,7.46168,7.46115
2015-07-27T10:31:30.000000Z,7.46169,7.46114
2015-07-27T10:31:40.000000Z,7.46168,7.46115
2015-07-27T10:33:50.000000Z,7.46182,7.46094
2015-07-27T10:37:50.000000Z,7.46174,7.46107
2015-07-27T10:39:00.000000Z,7.46174,7.46114
2015-07-27T10:39:20.000000Z,7.46175,7.46107
2015-07-27T10:40:00.000000Z,7.46178,7.4611
2015-07-27T10:40:20.000000Z,7.46174,7.46114
2015-07-27T10:40:30.000000Z,7.46175,7.46107
2015-07-27T10:41:00.000000Z,7.46175,7.46107
2015-07-27T10:41:10.000000Z,7.46175,7.46108
2015-07-27T10:41:30.000000Z,7.4618,7.4611
2015-07-27T10:42:30.000000Z,7.46178,7.46115
2015-07-27T10:50:50.000000Z,7.46185,7.46119
2015-07-27T10:52:10.000000Z,7.46185,7.46117
2015-07-27T10:55:40.000000Z,7.46185,7.46124
2015-07-27T10:58:40.000000Z,7.46185,7.46117
2015-07-27T10:58:50.000000Z,7.46185,7.46124
2015-07-27T10:59:10.000000Z,7.46196,7.46125
2015-07-27T10:59:20.000000Z,7.46198,7.46125
2015-07-27T10:59:50.000000Z,7.46201,7.46126
2015-07-27T11:00:30.000000Z,7.46194,7.46134
2015-07-27T11:01:00.000000Z,7.46195,7.46135
2015-07-27T11:02:30.000000Z,7.46196,7.46135
2015-07-27T11:03:00.000000Z,7.46192,7.46104
2015-07-27T11:03:10.000000Z,7.4619,7.46105
2015-07-27T11:03:20.000000Z,7.4619,7.46105
2015-07-27T11:03:40.000000Z,7.46211,7.46108
2015-07-27T11:03:50.000000Z,7.46198,7.46108
2015-07-27T11:04:00.000000Z,7.46212,7.46108
2015-07-27T11:04:30.000000Z,7.46198,7.46108
2015-07-27T11:04:50.000000Z,7.46197,7.4611
2015-07-27T11:06:20.000000Z,7.46211,7.4611
2015-07-27T11:11:30.000000Z,7.46204,7.46103
2015-07-27T11:11:40.000000Z,7.46211,7.4611
2015-07-27T11:12:00.000000Z,7.46211,7.4611
2015-07-27T11:12:10.000000Z,7.46197,7.4611
2015-07-27T11:12:20.000000Z,7.46211,7.4611
2015-07-27T11:12:30.000000Z,7.46196,7.46108
2015-07-27T11:12:40.000000Z,7.46195,7.46124
2015-07-27T11:13:30.000000Z,7.46199,7.46125
2015-07-27T11:14:20.000000Z,7.46196,7.46125
2015-07-27T11:16:20.000000Z,7.46186,7.46125
2015-07-27T11:17:10.000000Z,7.46186,7.46125
2015-07-27T11:17:20.000000Z,7.46196,7.46125
2015-07-27T11:17:40.000000Z,7.46191,7.4612
2015-07-27T11:17:50.000000Z,7.46186,7.46125
2015-07-27T11:18:40.000000Z,7.46196,7.46125
2015-07-27T11:18:50.000000Z,7.46186,7.46125
2015-07-27T11:19:30.000000Z,7.46196,7.46125
2015-07-27T11:20:00.000000Z,7.46196,7.46125
2015-07-27T11:20:10.000000Z,7.46186,7.46125
2015-07-27T11:20:30.000000Z,7.46186,7.46125
2015-07-27T11:20:40.000000Z,7.46196,7.46125
2015-07-27T11:20:50.000000Z,7.46196,7.46125
2015-07-27T11:21:00.000000Z,7.46196,7.46125
2015-07-27T11:21:20.000000Z,7.46196,7.46125
2015-07-27T11:22:30.000000Z,7.46201,7.46125
2015-07-27T11:22:40.000000Z,7.46193,7.46122
2015-07-27T11:22:50.000000Z,7.46202,7.46125
2015-07-27T11:23:00.000000Z,7.46194,7.46123
2015-07-27T11:23:10.000000Z,7.46202,7.46125
2015-07-27T11:23:40.000000Z,7.46194,7.46123
2015-07-27T11:24:20.000000Z,7.46199,7.46125
2015-07-27T11:24:30.000000Z,7.46197,7.46126
2015-07-27T11:27:10.000000Z,7.46208,7.46126
2015-07-27T11:27:40.000000Z,7.46198,7.46126
2015-07-27T11:27:50.000000Z,7.46208,7.46126
2015-07-27T11:29:20.000000Z,7.46197,7.46126
2015-07-27T11:31:20.000000Z,7.46208,7.46126
2015-07-27T11:32:30.000000Z,7.462,7.46135
2015-07-27T11:33:20.000000Z,7.46202,7.46135
2015-07-27T11:33:30.000000Z,7.46203,7.46135
2015-07-27T11:36:40.000000Z,7.46195,7.46135
2015-07-27T11:37:00.000000Z,7.46202,7.46135
2015-07-27T11:38:00.000000Z,7.46195,7.46135
2015-07-27T11:38:10.000000Z,7.46202,7.46135
2015-07-27T11:38:20.000000Z,7.46195,7.46135
2015-07-27T11:38:30.000000Z,7.46202,7.46135
2015-07-27T11:42:30.000000Z,7.46195,7.46133
2015-07-27T11:43:00.000000Z,7.46201,7.46135
2015-07-27T11:43:20.000000Z,7.46199,7.46135
2015-07-27T11:43:30.000000Z,7.46195,7.46134
2015-07-27T11:43:40.000000Z,7.46202,7.46137
2015-07-27T11:45:10.000000Z,7.4619,7.46108
2015-07-27T11:45:20.000000Z,7.46184,7.46115
2015-07-27T11:45:40.000000Z,7.46194,7.46115
2015-07-27T11:46:30.000000Z,7.46184,7.46113
2015-07-27T11:47:00.000000Z,7.46192,7.46115
2015-07-27T11:47:20.000000Z,7.46192,7.46115
2015-07-27T11:47:50.000000Z,7.46184,7.46113
2015-07-27T11:48:20.000000Z,7.46184,7.46113
2015-07-27T11:48:50.000000Z,7.46192,7.46115
2015-07-27T11:49:00.000000Z,7.46184,7.46113
2015-07-27T11:50:20.000000Z,7.46192,7.46115
2015-07-27T11:51:50.000000Z,7.46184,7.46113
2015-07-27T11:52:20.000000Z,7.46192,7.46115
2015-07-27T11:52:40.000000Z,7.46184,7.46113
2015-07-27T11:54:20.000000Z,7.46181,7.46117
2015-07-27T11:55:20.000000Z,7.46188,7.46115
2015-07-27T11:55:30.000000Z,7.46185,7.46115
2015-07-27T11:56:00.000000Z,7.46184,7.46115
2015-07-27T11:56:20.000000Z,7.46181,7.46115
2015-07-27T11:58:40.000000Z,7.46181,7.46107
2015-07-27T11:58:50.000000Z,7.46179,7.46111
2015-07-27T11:59:30.000000Z,7.46175,7.46111
2015-07-27T12:00:00.000000Z,7.46178,7.46105
2015-07-27T12:00:10.000000Z,7.46181,7.46106
2015-07-27T12:00:20.000000Z,7.46175,7.46106
2015-07-27T12:00:30.000000Z,7.46181,7.46106
2015-07-27T12:01:00.000000Z,7.46175,7.46106
2015-07-27T12:01:20.000000Z,7.46167,7.46107
2015-07-27T12:01:40.000000Z,7.46176,7.46107
2015-07-27T12:02:10.000000Z,7.46166,7.46107
2015-07-27T12:03:40.000000Z,7.46182,7.46106
2015-07-27T12:03:50.000000Z,7.46184,7.46106
2015-07-27T12:04:40.000000Z,7.46182,7.46106
2015-07-27T12:05:20.000000Z,7.46183,7.46108
2015-07-27T12:05:40.000000Z,7.46175,7.46115
2015-07-27T12:06:30.000000Z,7.46178,7.46112
2015-07-27T12:06:40.000000Z,7.46175,7.46115
2015-07-27T12:07:00.000000Z,7.46175,7.46115
2015-07-27T12:07:10.000000Z,7.46175,7.46115
2015-07-27T12:07:30.000000Z,7.46175,7.46115
2015-07-27T12:11:10.000000Z,7.46182,7.46111
2015-07-27T12:12:30.000000Z,7.4618,7.46115
2015-07-27T12:29:30.000000Z,7.46186,7.46115
2015-07-27T12:29:40.000000Z,7.46184,7.46113
2015-07-27T12:29:50.000000Z,7.46194,7.46121
2015-07-27T12:30:20.000000Z,7.46191,7.4612
2015-07-27T12:30:50.000000Z,7.46191,7.46125
2015-07-27T12:46:10.000000Z,7.46192,7.46125
2015-07-27T12:49:50.000000Z,7.46186,7.46125
2015-07-27T13:00:00.000000Z,7.46168,7.46142
2015-07-27T13:00:30.000000Z,7.46175,7.46131
2015-07-27T13:00:40.000000Z,7.46177,7.4613
2015-07-27T13:01:10.000000Z,7.4618,7.46127
2015-07-27T13:01:20.000000Z,7.46177,7.4613
2015-07-27T13:01:40.000000Z,7.46177,7.4613
2015-07-27T13:01:50.000000Z,7.46177,7.4613
2015-07-27T13:02:00.000000Z,7.46177,7.46128
2015-07-27T13:03:20.000000Z,7.46168,7.46143
2015-07-27T13:04:00.000000Z,7.46167,7.46143
2015-07-27T13:10:10.000000Z,7.46168,7.46143
2015-07-27T13:10:50.000000Z,7.46185,7.46129
2015-07-27T13:13:00.000000Z,7.46168,7.46143
2015-07-27T13:19:40.000000Z,7.46176,7.46129
2015-07-27T13:21:00.000000Z,7.46168,7.46143
2015-07-27T13:25:30.000000Z,7.46165,7.46123
2015-07-27T13:25:50.000000Z,7.46176,7.46126
2015-07-27T13:26:00.000000Z,7.46175,7.46132
2015-07-27T13:26:10.000000Z,7.46174,7.46133
2015-07-27T13:27:10.000000Z,7.4617,7.46143
2015-07-27T13:31:20.000000Z,7.46175,7.46143
2015-07-27T13:38:20.000000Z,7.46175,7.46143
2015-07-27T13:46:40.000000Z,7.46166,7.46132
2015-07-27T13:46:50.000000Z,7.46157,7.46131
2015-07-27T13:47:00.000000Z,7.46159,7.46127
2015-07-27T13:48:20.000000Z,7.46158,7.46132
2015-07-27T13:49:10.000000Z,7.46166,7.46133
2015-07-27T13:52:50.000000Z,7.46165,7.46133
2015-07-27T13:55:10.000000Z,7.46162,7.46132
2015-07-27T13:55:20.000000Z,7.46159,7.46129
2015-07-27T13:55:30.000000Z,7.46157,7.46131
2015-07-27T13:55:40.000000Z,7.46162,7.46132
2015-07-27T13:56:30.000000Z,7.4616,7.46132
2015-07-27T13:57:20.000000Z,7.46157,7.46129
2015-07-27T13:57:40.000000Z,7.46157,7.46129
2015-07-27T13:57:50.000000Z,7.4616,7.46132
2015-07-27T13:58:20.000000Z,7.4616,7.46132
2015-07-27T13:58:40.000000Z,7.46157,7.46129
2015-07-27T13:59:00.000000Z,7.46161,7.46133
2015-07-27T14:00:00.000000Z,7.46157,7.46129
2015-07-27T14:00:10.000000Z,7.46157,7.46129
2015-07-27T14:00:20.000000Z,7.46161,7.46133
2015-07-27T14:00:30.000000Z,7.46157,7.46129
2015-07-27T14:00:40.000000Z,7.46161,7.46133
2015-07-27T14:00:50.000000Z,7.46157,7.46129
2015-07-27T14:01:30.000000Z,7.4616,7.46132
2015-07-27T14:02:10.000000Z,7.4616,7.46132
2015-07-27T14:02:20.000000Z,7.46157,7.46129
2015-07-27T14:02:30.000000Z,7.46157,7.46129
2015-07-27T14:02:40.000000Z,7.4616,7.46132
2015-07-27T14:03:00.000000Z,7.46157,7.46129
2015-07-27T14:03:10.000000Z,7.4616,7.46132
2015-07-27T14:04:00.000000Z,7.46157,7.46129
2015-07-27T14:04:20.000000Z,7.4616,7.46132
2015-07-27T14:06:20.000000Z,7.46157,7.46129
2015-07-27T14:06:50.000000Z,7.46157,7.46129
2015-07-27T14:07:00.000000Z,7.46157,7.46129
2015-07-27T14:07:30.000000Z,7.4616,7.46132
2015-07-27T14:07:50.000000Z,7.46157,7.46129
2015-07-27T14:08:00.000000Z,7.4616,7.46132
2015-07-27T14:08:20.000000Z,7.46157,7.46129
2015-07-27T14:08:30.000000Z,7.4616,7.46132
2015-07-27T14:08:40.000000Z,7.46157,7.46129
2015-07-27T14:08:50.000000Z,7.46161,7.46133
2015-07-27T14:09:10.000000Z,7.46157,7.46129
2015-07-27T14:09:50.000000Z,7.46161,7.46133
2015-07-27T14:10:20.000000Z,7.46157,7.46129
2015-07-27T14:10:30.000000Z,7.46161,7.46133
2015-07-27T14:11:00.000000Z,7.46157,7.46129
2015-07-27T14:11:50.000000Z,7.46161,7.46133
2015-07-27T14:12:20.000000Z,7.46161,7.46133
2015-07-27T14:12:50.000000Z,7.46161,7.46133
2015-07-27T14:13:00.000000Z,7.46157,7.46129
2015-07-27T14:13:10.000000Z,7.46161,7.46133
2015-07-27T14:14:00.000000Z,7.46161,7.46133
2015-07-27T14:14:30.000000Z,7.46167,7.46128
2015-07-27T14:15:30.000000Z,7.46166,7.46133
2015-07-27T14:16:20.000000Z,7.46174,7.46134
2015-07-27T14:16:30.000000Z,7.46168,7.46132
2015-07-27T14:16:50.000000Z,7.46167,7.46134
2015-07-27T14:17:10.000000Z,7.46167,7.46134
2015-07-27T14:17:20.000000Z,7.46174,7.46134
2015-07-27T14:17:30.000000Z,7.46167,7.46142
2015-07-27T14:18:20.000000Z,7.46167,7.46136
2015-07-27T14:19:20.000000Z,7.46167,7.46142
2015-07-27T14:19:50.000000Z,7.46167,7.46136
2015-07-27T14:20:00.000000Z,7.46167,7.46142
2015-07-27T14:20:30.000000Z,7.46167,7.46136
2015-07-27T14:20:40.000000Z,7.46167,7.46142
2015-07-27T14:20:50.000000Z,7.46167,7.46136
2015-07-27T14:21:00.000000Z,7.46167,7.46136
2015-07-27T14:21:10.000000Z,7.46167,7.46142
2015-07-27T14:21:30.000000Z,7.46167,7.46142
2015-07-27T14:21:40.000000Z,7.46167,7.46136
2015-07-27T14:22:00.000000Z,7.46167,7.46142
2015-07-27T14:22:40.000000Z,7.46167,7.46136
2015-07-27T14:22:50.000000Z,7.46167,7.46142
2015-07-27T14:23:20.000000Z,7.46167,7.46136
2015-07-27T14:23:30.000000Z,7.46167,7.46142
2015-07-27T14:24:30.000000Z,7.46175,7.46126
2015-07-27T14:24:50.000000Z,7.46161,7.46126
2015-07-27T14:25:20.000000Z,7.46161,7.46126
2015-07-27T14:25:30.000000Z,7.46174,7.46127
2015-07-27T14:26:20.000000Z,7.46165,7.46123
2015-07-27T14:26:30.000000Z,7.46161,7.46128
2015-07-27T14:26:40.000000Z,7.46157,7.461
2015-07-27T14:26:50.000000Z,7.46169,7.46104
2015-07-27T14:27:50.000000Z,7.46157,7.461
2015-07-27T14:30:20.000000Z,7.46167,7.46096
2015-07-27T14:30:50.000000Z,7.46173,7.4611
2015-07-27T14:31:00.000000Z,7.46173,7.46113
2015-07-27T14:31:10.000000Z,7.46173,7.46115
2015-07-27T14:32:00.000000Z,7.46168,7.46106
2015-07-27T14:32:10.000000Z,7.46168,7.4611
2015-07-27T14:32:20.000000Z,7.46168,7.4611
2015-07-27T14:34:30.000000Z,7.46172,7.46127
2015-07-27T14:34:50.000000Z,7.46169,7.4613
2015-07-27T14:35:30.000000Z,7.46183,7.46136
2015-07-27T14:37:00.000000Z,7.4617,7.46137
2015-07-27T14:37:10.000000Z,7.46183,7.46136
2015-07-27T14:37:40.000000Z,7.4617,7.46137
2015-07-27T14:38:00.000000Z,7.46183,7.46136
2015-07-27T14:38:10.000000Z,7.4617,7.46137
2015-07-27T14:40:00.000000Z,7.46183,7.46136
2015-07-27T14:40:10.000000Z,7.4617,7.46137
2015-07-27T14:40:20.000000Z,7.46183,7.46136
2015-07-27T14:40:50.000000Z,7.46183,7.46137
2015-07-27T14:41:20.000000Z,7.46176,7.4613
2015-07-27T14:41:30.000000Z,7.46169,7.46136
2015-07-27T14:42:40.000000Z,7.46183,7.46136
2015-07-27T14:43:20.000000Z,7.4617,7.46135
2015-07-27T14:44:40.000000Z,7.46184,7.46136
2015-07-27T14:45:00.000000Z,7.4617,7.46136
2015-07-27T14:45:10.000000Z,7.46184,7.46136
2015-07-27T14:46:00.000000Z,7.4617,7.46135
2015-07-27T14:46:10.000000Z,7.46184,7.46136
2015-07-27T14:46:50.000000Z,7.46173,7.46132
2015-07-27T14:47:10.000000Z,7.4617,7.46135
2015-07-27T14:47:20.000000Z,7.46184,7.46136
2015-07-27T14:47:30.000000Z,7.46177,7.46129
2015-07-27T14:47:50.000000Z,7.46184,7.46136
2015-07-27T14:49:10.000000Z,7.4617,7.46136
2015-07-27T14:49:40.000000Z,7.46184,7.46136
2015-07-27T14:49:50.000000Z,7.46192,7.46144
2015-07-27T14:50:00.000000Z,7.4619,7.46144
2015-07-27T14:50:40.000000Z,7.46188,7.46144
2015-07-27T14:51:10.000000Z,7.46182,7.46153
2015-07-27T14:52:10.000000Z,7.46178,7.46149
2015-07-27T14:52:20.000000Z,7.46177,7.46149
2015-07-27T14:52:30.000000Z,7.46181,7.46152
2015-07-27T14:52:40.000000Z,7.46177,7.46149
2015-07-27T14:55:40.000000Z,7.46181,7.46152
2015-07-27T14:56:30.000000Z,7.46177,7.46149
2015-07-27T14:56:50.000000Z,7.46181,7.46152
2015-07-27T14:57:00.000000Z,7.46177,7.46149
2015-07-27T14:57:10.000000Z,7.46181,7.46152
2015-07-27T14:57:40.000000Z,7.46177,7.46149
2015-07-27T14:57:50.000000Z,7.46181,7.46152
2015-07-27T14:58:20.000000Z,7.46177,7.46149
2015-07-27T14:58:30.000000Z,7.46181,7.46152
2015-07-27T14:58:40.000000Z,7.46177,7.46149
2015-07-27T14:59:00.000000Z,7.46181,7.46152
2015-07-27T14:59:10.000000Z,7.46177,7.46152
2015-07-27T14:59:20.000000Z,7.46177,7.46145
2015-07-27T14:59:30.000000Z,7.46177,7.46145
2015-07-27T15:00:30.000000Z,7.46177,7.46144
2015-07-27T15:01:00.000000Z,7.46177,7.46145
2015-07-27T15:01:10.000000Z,7.46177,7.46145
2015-07-27T15:01:30.000000Z,7.46177,7.46145
2015-07-27T15:01:50.000000Z,7.46177,7.46152
2015-07-27T15:02:10.000000Z,7.46177,7.46145
2015-07-27T15:02:30.000000Z,7.46179,7.46149
2015-07-27T15:02:50.000000Z,7.46187,7.46148
2015-07-27T15:03:30.000000Z,7.46184,7.46152
2015-07-27T15:06:20.000000Z,7.46183,7.46151
2015-07-27T15:06:30.000000Z,7.46171,7.46144
2015-07-27T15:06:50.000000Z,7.46171,7.46145
2015-07-27T15:07:00.000000Z,7.46179,7.46148
2015-07-27T15:07:20.000000Z,7.4617,7.46145
2015-07-27T15:07:40.000000Z,7.46178,7.46147
2015-07-27T15:09:10.000000Z,7.4617,7.46146
2015-07-27T15:09:40.000000Z,7.46179,7.46147
2015-07-27T15:10:10.000000Z,7.4617,7.46146
2015-07-27T15:10:30.000000Z,7.46179,7.46147
2015-07-27T15:10:50.000000Z,7.4617,7.46146
2015-07-27T15:11:00.000000Z,7.46179,7.46146
2015-07-27T15:11:30.000000Z,7.4617,7.46146
2015-07-27T15:12:00.000000Z,7.46179,7.46147
2015-07-27T15:12:10.000000Z,7.46187,7.46144
2015-07-27T15:13:10.000000Z,7.46205,7.46145
2015-07-27T15:13:20.000000Z,7.46205,7.46157
2015-07-27T15:13:30.000000Z,7.46208,7.4616
2015-07-27T15:13:40.000000Z,7.46208,7.46162
2015-07-27T15:14:00.000000Z,7.46195,7.46161
2015-07-27T15:14:30.000000Z,7.46198,7.46163
2015-07-27T15:15:10.000000Z,7.46211,7.46162
2015-07-27T15:15:30.000000Z,7.46198,7.46163
2015-07-27T15:17:20.000000Z,7.46211,7.46166
2015-07-27T15:17:50.000000Z,7.46211,7.46168
2015-07-27T15:18:00.000000Z,7.46204,7.46162
2015-07-27T15:18:10.000000Z,7.4621,7.46167
2015-07-27T15:19:10.000000Z,7.462,7.46164
2015-07-27T15:19:40.000000Z,7.4621,7.46167
2015-07-27T15:19:50.000000Z,7.462,7.46164
2015-07-27T15:20:10.000000Z,7.46204,7.46168
2015-07-27T15:20:30.000000Z,7.46204,7.46168
2015-07-27T15:21:40.000000Z,7.46204,7.46167
2015-07-27T15:22:00.000000Z,7.46204,7.46168
2015-07-27T15:22:10.000000Z,7.46217,7.46167
2015-07-27T15:22:40.000000Z,7.46204,7.46168
2015-07-27T15:23:20.000000Z,7.46204,7.46167
2015-07-27T15:23:40.000000Z,7.46204,7.46168
2015-07-27T15:24:50.000000Z,7.46204,7.46166
2015-07-27T15:25:10.000000Z,7.46204,7.46168
2015-07-27T15:27:30.000000Z,7.46204,7.46167
2015-07-27T15:28:10.000000Z,7.46204,7.46168
2015-07-27T15:30:40.000000Z,7.46223,7.46167
2015-07-27T15:31:00.000000Z,7.46224,7.46167
2015-07-27T15:31:10.000000Z,7.46224,7.46166
2015-07-27T15:31:30.000000Z,7.46224,7.46165
2015-07-27T15:32:10.000000Z,7.46224,7.46166
2015-07-27T15:32:30.000000Z,7.46224,7.46165
2015-07-27T15:33:10.000000Z,7.46224,7.46166
2015-07-27T15:34:10.000000Z,7.46223,7.46171
2015-07-27T15:42:30.000000Z,7.46228,7.46177
2015-07-27T15:42:40.000000Z,7.46225,7.4618
2015-07-27T15:43:50.000000Z,7.46223,7.4618
2015-07-27T15:46:10.000000Z,7.46224,7.46152
2015-07-27T15:46:20.000000Z,7.46218,7.46163
2015-07-27T15:46:30.000000Z,7.46206,7.46157
2015-07-27T15:46:40.000000Z,7.46205,7.46158
2015-07-27T15:47:30.000000Z,7.46205,7.4616
2015-07-27T15:49:40.000000Z,7.46225,7.46163
2015-07-27T15:49:50.000000Z,7.46226,7.46158
2015-07-27T15:50:00.000000Z,7.46227,7.46158
2015-07-27T15:50:20.000000Z,7.46228,7.46157
2015-07-27T15:50:30.000000Z,7.46219,7.46172
2015-07-27T15:50:40.000000Z,7.46221,7.46172
2015-07-27T15:51:30.000000Z,7.46223,7.46172
2015-07-27T15:53:30.000000Z,7.46221,7.46172
2015-07-27T15:54:50.000000Z,7.46221,7.46173
2015-07-27T16:00:00.000000Z,7.46219,7.46171
2015-07-27T16:00:10.000000Z,7.46218,7.46175
2015-07-27T16:00:50.000000Z,7.46215,7.46177
2015-07-27T16:01:50.000000Z,7.46218,7.46178
2015-07-27T16:09:50.000000Z,7.4622,7.4618
2015-07-27T16:10:00.000000Z,7.46217,7.46182
2015-07-27T16:11:10.000000Z,7.46219,7.46182
2015-07-27T16:12:00.000000Z,7.46221,7.46183
2015-07-27T16:12:10.000000Z,7.46219,7.46182
2015-07-27T16:16:20.000000Z,7.46222,7.46183
2015-07-27T16:19:50.000000Z,7.46222,7.46187
2015-07-27T16:21:10.000000Z,7.46225,7.46188
2015-07-27T16:26:00.000000Z,7.46226,7.46185
2015-07-27T16:30:40.000000Z,7.46225,7.46175
2015-07-27T16:30:50.000000Z,7.46221,7.46175
2015-07-27T16:40:20.000000Z,7.46222,7.46175
2015-07-27T16:45:10.000000Z,7.46222,7.4618
2015-07-27T16:46:10.000000Z,7.46222,7.46179
2015-07-27T16:48:20.000000Z,7.46223,7.46175
2015-07-27T16:48:30.000000Z,7.46225,7.46179
2015-07-27T16:49:30.000000Z,7.46228,7.4618
2015-07-27T16:57:10.000000Z,7.46226,7.4618
2015-07-27T16:58:30.000000Z,7.46224,7.46185
2015-07-27T17:04:40.000000Z,7.46227,7.46181
2015-07-27T17:04:50.000000Z,7.46225,7.4618
2015-07-27T17:06:00.000000Z,7.46223,7.4618
2015-07-27T17:08:30.000000Z,7.46222,7.46185
2015-07-27T17:09:30.000000Z,7.46224,7.46185
2015-07-27T17:18:30.000000Z,7.46224,7.46175
2015-07-27T17:19:10.000000Z,7.4622,7.46167
2015-07-27T17:19:20.000000Z,7.46221,7.46175
2015-07-27T17:20:30.000000Z,7.46223,7.46175
2015-07-27T17:22:00.000000Z,7.46224,7.46175
2015-07-27T17:28:30.000000Z,7.46218,7.46179
2015-07-27T17:29:30.000000Z,7.46221,7.4618
2015-07-27T17:37:40.000000Z,7.4622,7.46183
2015-07-27T17:38:00.000000Z,7.46219,7.46185
2015-07-27T17:38:10.000000Z,7.46222,7.46185
2015-07-27T17:39:00.000000Z,7.46224,7.46185
2015-07-27T18:00:10.000000Z,7.46228,7.46175
2015-07-27T18:01:30.000000Z,7.46226,7.46175
2015-07-27T18:10:10.000000Z,7.46223,7.4618
2015-07-27T18:11:30.000000Z,7.46224,7.46179
2015-07-27T18:13:40.000000Z,7.46223,7.4618
2015-07-27T18:18:40.000000Z,7.46221,7.46185
2015-07-27T18:19:10.000000Z,7.46225,7.46173
2015-07-27T18:19:40.000000Z,7.46221,7.46185
2015-07-27T18:20:00.000000Z,7.46223,7.46185
2015-07-27T18:22:00.000000Z,7.46225,7.46185
2015-07-27T18:24:30.000000Z,7.46225,7.4618
2015-07-27T18:25:30.000000Z,7.46223,7.4618
2015-07-27T18:27:40.000000Z,7.46223,7.46175
2015-07-27T18:28:00.000000Z,7.46221,7.46175
2015-07-27T18:28:40.000000Z,7.46219,7.46175
2015-07-27T18:30:10.000000Z,7.4622,7.46175
2015-07-27T18:42:20.000000Z,7.46222,7.46167
2015-07-27T18:49:20.000000Z,7.46223,7.46163
2015-07-27T18:50:30.000000Z,7.4622,7.46162
2015-07-27T18:54:10.000000Z,7.46217,7.46163
2015-07-27T19:00:00.000000Z,7.46214,7.46162
2015-07-27T19:01:00.000000Z,7.46218,7.46158
2015-07-27T19:07:10.000000Z,7.46216,7.46158
2015-07-27T19:07:30.000000Z,7.46218,7.46158
2015-07-27T19:47:00.000000Z,7.46215,7.4617
2015-07-27T20:00:00.000000Z,7.46217,7.4617
2015-07-27T20:00:10.000000Z,7.46219,7.46169
2015-07-27T20:09:40.000000Z,7.46222,7.46174
2015-07-27T20:11:10.000000Z,7.46225,7.46174
2015-07-27T20:15:00.000000Z,7.46228,7.46174
2015-07-27T20:17:20.000000Z,7.46232,7.46175
2015-07-27T20:30:00.000000Z,7.46234,7.4618
2015-07-27T20:39:00.000000Z,7.46236,7.46175
2015-07-27T20:39:20.000000Z,7.46236,7.46177
2015-07-27T20:43:40.000000Z,7.46233,7.46176
2015-07-27T20:43:50.000000Z,7.46234,7.46175
2015-07-27T20:45:00.000000Z,7.4622,7.46174
2015-07-27T20:45:10.000000Z,7.46254,7.4617
2015-07-27T20:45:30.000000Z,7.46251,7.46169
2015-07-27T20:46:30.000000Z,7.46253,7.46163
2015-07-27T20:47:00.000000Z,7.46254,7.46163
2015-07-27T20:48:10.000000Z,7.46253,7.46162
2015-07-27T20:48:40.000000Z,7.46253,7.46163
2015-07-27T20:50:20.000000Z,7.46256,7.46166
2015-07-27T20:55:00.000000Z,7.46273,7.46148
2015-07-27T20:58:00.000000Z,7.46281,7.46142
2015-07-27T20:59:10.000000Z,7.46279,7.46149
2015-07-27T20:59:40.000000Z,7.46255,7.46127
2015-07-27T21:01:50.000000Z,7.46306,7.46136
2015-07-27T21:02:20.000000Z,7.46258,7.46149
2015-07-27T21:02:40.000000Z,7.46242,7.46154
2015-07-27T21:03:30.000000Z,7.46245,7.46154
2015-07-27T21:04:00.000000Z,7.46235,7.46154
2015-07-27T21:22:00.000000Z,7.46235,7.4614
2015-07-27T21:29:00.000000Z,7.46235,7.46142
2015-07-27T21:51:20.000000Z,7.46227,7.46144
2015-07-27T21:52:30.000000Z,7.46225,7.46144
2015-07-27T22:00:20.000000Z,7.4624,7.46149
2015-07-27T22:02:10.000000Z,7.46235,7.46149
2015-07-27T22:02:50.000000Z,7.46242,7.46149
2015-07-27T22:04:00.000000Z,7.46229,7.46136
2015-07-27T22:04:10.000000Z,7.46224,7.46141
2015-07-27T22:04:30.000000Z,7.46241,7.46149
2015-07-27T22:04:40.000000Z,7.46237,7.46147
2015-07-27T22:05:00.000000Z,7.46236,7.46149
2015-07-27T22:06:20.000000Z,7.46242,7.46149
2015-07-27T22:16:30.000000Z,7.46241,7.46149
2015-07-27T22:21:50.000000Z,7.46224,7.46141
2015-07-27T22:22:30.000000Z,7.46224,7.46144
2015-07-27T22:22:40.000000Z,7.46224,7.46142
2015-07-27T22:23:20.000000Z,7.46224,7.46141
2015-07-27T22:30:00.000000Z,7.46224,7.46141
2015-07-27T22:30:20.000000Z,7.46224,7.46143
2015-07-27T22:30:30.000000Z,7.4623,7.46149
2015-07-27T22:36:00.000000Z,7.46253,7.46149
2015-07-27T22:41:40.000000Z,7.46247,7.46143
2015-07-27T22:42:00.000000Z,7.46241,7.46149
2015-07-27T22:42:10.000000Z,7.46247,7.46149
2015-07-27T22:43:30.000000Z,7.46253,7.46149
2015-07-27T22:44:50.000000Z,7.46305,7.46097
2015-07-27T22:49:00.000000Z,7.46294,7.46086
2015-07-27T22:49:20.000000Z,7.4623,7.46149
2015-07-27T22:49:30.000000Z,7.46246,7.46151
2015-07-27T22:51:30.000000Z,7.46238,7.46142
2015-07-27T22:51:40.000000Z,7.46229,7.46151
2015-07-27T22:51:50.000000Z,7.46244,7.46151
2015-07-27T22:52:00.000000Z,7.46242,7.46151
2015-07-27T22:52:50.000000Z,7.46245,7.46148
2015-07-27T22:53:00.000000Z,7.46242,7.46151
2015-07-27T22:53:10.000000Z,7.46233,7.46147
2015-07-27T22:53:30.000000Z,7.46229,7.46151
2015-07-27T22:53:50.000000Z,7.46247,7.46151
2015-07-27T22:54:00.000000Z,7.46238,7.46142
2015-07-27T22:54:10.000000Z,7.46232,7.46151
2015-07-27T22:54:30.000000Z,7.46234,7.46151
2015-07-27T22:54:40.000000Z,7.46247,7.46151
2015-07-27T22:57:40.000000Z,7.46247,7.46151
2015-07-27T23:00:00.000000Z,7.46245,7.46149
2015-07-27T23:00:20.000000Z,7.46242,7.46151
2015-07-27T23:00:30.000000Z,7.46232,7.46151
2015-07-27T23:01:00.000000Z,7.46246,7.46151
2015-07-27T23:01:30.000000Z,7.46248,7.46151
2015-07-27T23:03:00.000000Z,7.46248,7.46151
2015-07-27T23:04:00.000000Z,7.4624,7.46151
2015-07-27T23:04:10.000000Z,7.46242,7.46151
2015-07-27T23:04:20.000000Z,7.4624,7.46151
2015-07-27T23:04:40.000000Z,7.46229,7.46151
2015-07-27T23:06:10.000000Z,7.46247,7.46151
2015-07-27T23:06:30.000000Z,7.46247,7.46151
2015-07-27T23:06:40.000000Z,7.46242,7.46151
2015-07-27T23:07:10.000000Z,7.4624,7.4615
2015-07-27T23:07:20.000000Z,7.46247,7.46151
2015-07-27T23:09:30.000000Z,7.46238,7.46142
2015-07-27T23:09:40.000000Z,7.46247,7.46151
2015-07-27T23:12:10.000000Z,7.46237,7.46151
2015-07-27T23:12:20.000000Z,7.46247,7.46151
2015-07-27T23:14:00.000000Z,7.46245,7.4615
2015-07-27T23:14:30.000000Z,7.46248,7.46151
2015-07-27T23:14:50.000000Z,7.46235,7.46151
2015-07-27T23:15:00.000000Z,7.46246,7.46151
2015-07-27T23:15:10.000000Z,7.46248,7.4615
2015-07-27T23:18:20.000000Z,7.4624,7.46141
2015-07-27T23:18:30.000000Z,7.46231,7.4615
2015-07-27T23:22:10.000000Z,7.46244,7.4615
2015-07-27T23:22:20.000000Z,7.46231,7.4615
2015-07-27T23:30:50.000000Z,7.46249,7.4615
2015-07-27T23:31:20.000000Z,7.4624,7.46141
2015-07-27T23:31:30.000000Z,7.46243,7.46151
2015-07-27T23:31:40.000000Z,7.46248,7.4615
2015-07-27T23:32:00.000000Z,7.46239,7.46151
2015-07-27T23:32:10.000000Z,7.46236,7.4615
2015-07-27T23:32:20.000000Z,7.46231,7.46151
2015-07-27T23:33:30.000000Z,7.46231,7.46151
2015-07-27T23:34:10.000000Z,7.4623,7.4615
2015-07-27T23:35:00.000000Z,7.46249,7.4615
2015-07-27T23:35:10.000000Z,7.46241,7.46142
2015-07-27T23:35:20.000000Z,7.46233,7.4615
2015-07-27T23:41:00.000000Z,7.46231,7.46151
2015-07-27T23:44:20.000000Z,7.46249,7.4615
2015-07-27T23:44:40.000000Z,7.46247,7.46151
2015-07-27T23:45:00.000000Z,7.46248,7.4615
2015-07-27T23:45:30.000000Z,7.4624,7.46142
2015-07-27T23:45:50.000000Z,7.4623,7.4615
2015-07-27T23:46:20.000000Z,7.46234,7.4615
2015-07-27T23:46:30.000000Z,7.46243,7.46144
2015-07-27T23:46:50.000000Z,7.46231,7.46151
2015-07-27T23:47:50.000000Z,7.46249,7.4615
2015-07-27T23:48:10.000000Z,7.46243,7.46144
2015-07-27T23:48:20.000000Z,7.46226,7.4615
2015-07-27T23:48:40.000000Z,7.4623,7.4615
2015-07-27T23:49:00.000000Z,7.46249,7.4615
2015-07-27T23:49:10.000000Z,7.4624,7.46141
2015-07-27T23:49:20.000000Z,7.4623,7.4615
2015-07-27T23:49:50.000000Z,7.46233,7.46151
2015-07-27T23:50:00.000000Z,7.46234,7.4615
2015-07-27T23:50:20.000000Z,7.46232,7.4615
2015-07-27T23:50:50.000000Z,7.46249,7.4615
2015-07-27T23:55:50.000000Z,7.4623,7.4615
2015-07-27T23:56:00.000000Z,7.46237,7.46151
2015-07-27T23:56:10.000000Z,7.46241,7.4615
2015-07-27T23:56:20.000000Z,7.46249,7.4615
2015-07-27T23:56:50.000000Z,7.46246,7.46148
2015-07-27T23:57:10.000000Z,7.46243,7.4615
2015-07-27T23:57:30.000000Z,7.46247,7.46151
2015-07-27T23:57:50.000000Z,7.46249,7.4615
2015-07-27T23:58:30.000000Z,7.46246,7.46147
2015-07-27T23:58:40.000000Z,7.46249,7.4615
2015-07-27T23:58:50.000000Z,7.4624,7.46141
2015-07-27T23:59:10.000000Z,7.4623,7.4615
2015-07-28T00:00:00.000000Z,7.46232,7.4615
2015-07-28T00:00:40.000000Z,7.46232,7.46146
2015-07-28T00:00:50.000000Z,7.46253,7.4615
2015-07-28T00:01:00.000000Z,7.46256,7.4615
2015-07-28T00:01:20.000000Z,7.46253,7.4615
2015-07-28T00:01:40.000000Z,7.46255,7.4615
2015-07-28T00:02:20.000000Z,7.46253,7.4615
2015-07-28T00:03:10.000000Z,7.46253,7.4615
2015-07-28T00:03:30.000000Z,7.46255,7.46151
2015-07-28T00:03:40.000000Z,7.46242,7.46138
2015-07-28T00:03:50.000000Z,7.46231,7.46149
2015-07-28T00:04:00.000000Z,7.46229,7.4615
2015-07-28T00:05:00.000000Z,7.46253,7.4615
2015-07-28T00:05:10.000000Z,7.46255,7.4615
2015-07-28T00:05:20.000000Z,7.46257,7.4615
2015-07-28T00:05:40.000000Z,7.46254,7.46148
2015-07-28T00:05:50.000000Z,7.46252,7.4615
2015-07-28T00:06:00.000000Z,7.46249,7.4615
2015-07-28T00:06:10.000000Z,7.46252,7.4615
2015-07-28T00:07:50.000000Z,7.46249,7.4615
2015-07-28T00:08:30.000000Z,7.46252,7.4615
2015-07-28T00:11:00.000000Z,7.46248,7.4615
2015-07-28T00:11:10.000000Z,7.46252,7.4615
2015-07-28T00:11:40.000000Z,7.4625,7.4615
2015-07-28T00:12:10.000000Z,7.46252,7.4615
2015-07-28T00:12:20.000000Z,7.4625,7.4615
2015-07-28T00:13:30.000000Z,7.46248,7.4615
2015-07-28T00:16:20.000000Z,7.46252,7.4615
2015-07-28T00:17:00.000000Z,7.46249,7.4615
2015-07-28T00:19:50.000000Z,7.4625,7.4615
2015-07-28T00:20:30.000000Z,7.46249,7.4615
2015-07-28T00:20:40.000000Z,7.46252,7.4615
2015-07-28T00:21:40.000000Z,7.46252,7.4615
2015-07-28T00:22:00.000000Z,7.46252,7.4615
2015-07-28T00:28:30.000000Z,7.46249,7.4615
2015-07-28T00:28:40.000000Z,7.46252,7.4615
2015-07-28T00:29:20.000000Z,7.4625,7.4615
2015-07-28T00:29:30.000000Z,7.46239,7.4614
2015-07-28T00:29:40.000000Z,7.46251,7.4615
2015-07-28T00:32:00.000000Z,7.46239,7.4614
2015-07-28T00:32:10.000000Z,7.46248,7.4615
2015-07-28T00:32:40.000000Z,7.4625,7.4615
2015-07-28T00:33:10.000000Z,7.46249,7.4615
2015-07-28T00:34:20.000000Z,7.46251,7.4615
2015-07-28T00:34:50.000000Z,7.46248,7.4615
2015-07-28T00:40:50.000000Z,7.46251,7.4615
2015-07-28T00:41:20.000000Z,7.46251,7.4615
2015-07-28T00:43:00.000000Z,7.4624,7.46139
2015-07-28T00:43:10.000000Z,7.46228,7.4615
2015-07-28T00:44:00.000000Z,7.46248,7.4615
2015-07-28T00:45:00.000000Z,7.46251,7.4615
2015-07-28T00:45:10.000000Z,7.46248,7.4615
2015-07-28T00:45:50.000000Z,7.46251,7.4615
2015-07-28T00:46:10.000000Z,7.4624,7.46139
2015-07-28T00:46:20.000000Z,7.46248,7.4615
2015-07-28T00:48:00.000000Z,7.46251,7.4615
2015-07-28T00:48:30.000000Z,7.46251,7.4615
2015-07-28T00:49:30.000000Z,7.46248,7.4615
2015-07-28T00:50:30.000000Z,7.46251,7.4615
2015-07-28T00:51:10.000000Z,7.46249,7.46151
2015-07-28T00:51:50.000000Z,7.46251,7.4615
2015-07-28T00:53:50.000000Z,7.46248,7.4615
2015-07-28T00:55:00.000000Z,7.46248,7.4615
2015-07-28T00:55:10.000000Z,7.46251,7.4615
2015-07-28T00:55:30.000000Z,7.46229,7.4615
2015-07-28T00:56:00.000000Z,7.46251,7.4615
2015-07-28T01:00:00.000000Z,7.46245,7.4615
2015-07-28T01:03:10.000000Z,7.46245,7.4615
2015-07-28T01:03:50.000000Z,7.46245,7.46151
2015-07-28T01:04:10.000000Z,7.46237,7.46143
2015-07-28T01:04:30.000000Z,7.46229,7.4615
2015-07-28T01:05:20.000000Z,7.46244,7.4615
2015-07-28T01:07:20.000000Z,7.46229,7.4615
2015-07-28T01:07:40.000000Z,7.46243,7.46151
2015-07-28T01:07:50.000000Z,7.46244,7.4615
2015-07-28T01:09:50.000000Z,7.46236,7.46143
2015-07-28T01:10:10.000000Z,7.46229,7.4615
2015-07-28T01:10:20.000000Z,7.46245,7.4615
2015-07-28T01:10:50.000000Z,7.46229,7.4615
2015-07-28T01:11:10.000000Z,7.46243,7.46151
2015-07-28T01:11:20.000000Z,7.46245,7.4615
2015-07-28T01:12:10.000000Z,7.46244,7.46151
2015-07-28T01:12:20.000000Z,7.46236,7.46143
2015-07-28T01:12:30.000000Z,7.46243,7.4615
2015-07-28T01:12:50.000000Z,7.46245,7.4615
2015-07-28T01:13:20.000000Z,7.46237,7.46142
2015-07-28T01:13:40.000000Z,7.46229,7.4615
2015-07-28T01:13:50.000000Z,7.46245,7.46151
2015-07-28T01:14:20.000000Z,7.46229,7.4615
2015-07-28T01:15:00.000000Z,7.46243,7.46151
2015-07-28T01:15:20.000000Z,7.46245,7.4615
2015-07-28T01:15:30.000000Z,7.46229,7.4615
2015-07-28T01:15:50.000000Z,7.46243,7.46151
2015-07-28T01:16:00.000000Z,7.46244,7.4615
2015-07-28T01:16:10.000000Z,7.46229,7.4615
2015-07-28T01:16:30.000000Z,7.46245,7.4615
2015-07-28T01:17:00.000000Z,7.46236,7.46143
2015-07-28T01:17:10.000000Z,7.46229,7.4615
2015-07-28T01:18:00.000000Z,7.46242,7.4615
2015-07-28T01:18:10.000000Z,7.46244,7.4615
2015-07-28T01:18:30.000000Z,7.46229,7.46151
2015-07-28T01:18:40.000000Z,7.46244,7.4615
2015-07-28T01:18:50.000000Z,7.46237,7.46143
2015-07-28T01:19:00.000000Z,7.46236,7.46143
2015-07-28T01:19:10.000000Z,7.46228,7.4615
2015-07-28T01:19:20.000000Z,7.46243,7.4615
2015-07-28T01:19:40.000000Z,7.46237,7.46143
2015-07-28T01:19:50.000000Z,7.46228,7.4615
2015-07-28T01:20:00.000000Z,7.46243,7.4615
2015-07-28T01:20:30.000000Z,7.46237,7.46143
2015-07-28T01:20:50.000000Z,7.46228,7.4615
2015-07-28T01:21:00.000000Z,7.46228,7.4615
2015-07-28T01:21:20.000000Z,7.46244,7.4615
2015-07-28T01:22:10.000000Z,7.46228,7.4615
2015-07-28T01:22:20.000000Z,7.46242,7.4615
2015-07-28T01:22:30.000000Z,7.46235,7.46143
2015-07-28T01:22:40.000000Z,7.46228,7.4615
2015-07-28T01:23:00.000000Z,7.46243,7.4615
2015-07-28T01:24:00.000000Z,7.46228,7.4615
2015-07-28T01:24:20.000000Z,7.46242,7.4615
2015-07-28T01:25:10.000000Z,7.46235,7.46143
2015-07-28T01:25:20.000000Z,7.46243,7.4615
2015-07-28T01:26:00.000000Z,7.46235,7.46143
2015-07-28T01:26:20.000000Z,7.46243,7.4615
2015-07-28T01:26:40.000000Z,7.46236,7.46143
2015-07-28T01:26:50.000000Z,7.46243,7.4615
2015-07-28T01:27:10.000000Z,7.46243,7.4615
2015-07-28T01:27:20.000000Z,7.46236,7.46143
2015-07-28T01:27:40.000000Z,7.46228,7.4615
2015-07-28T01:28:00.000000Z,7.46242,7.4615
2015-07-28T01:28:10.000000Z,7.46242,7.4615
2015-07-28T01:28:30.000000Z,7.46235,7.46143
2015-07-28T01:28:50.000000Z,7.46242,7.4615
2015-07-28T01:29:00.000000Z,7.46244,7.4615
2015-07-28T01:29:20.000000Z,7.46235,7.46143
2015-07-28T01:29:30.000000Z,7.46242,7.4615
2015-07-28T01:29:40.000000Z,7.46244,7.4615
2015-07-28T01:29:50.000000Z,7.46242,7.4615
2015-07-28T01:30:00.000000Z,7.46244,7.4615
2015-07-28T01:30:20.000000Z,7.46236,7.46142
2015-07-28T01:30:30.000000Z,7.46242,7.4615
2015-07-28T01:30:40.000000Z,7.46244,7.46151
2015-07-28T01:30:50.000000Z,7.46242,7.4615
2015-07-28T01:31:00.000000Z,7.46244,7.4615
2015-07-28T01:31:20.000000Z,7.46244,7.4615
2015-07-28T01:32:40.000000Z,7.46244,7.4615
2015-07-28T01:32:50.000000Z,7.46242,7.4615
2015-07-28T01:33:00.000000Z,7.46244,7.4615
2015-07-28T01:34:10.000000Z,7.46242,7.4615
2015-07-28T01:34:30.000000Z,7.46228,7.4615
2015-07-28T01:34:40.000000Z,7.46244,7.4615
2015-07-28T01:35:10.000000Z,7.46228,7.4615
2015-07-28T01:35:30.000000Z,7.46242,7.4615
2015-07-28T01:35:40.000000Z,7.46244,7.4615
2015-07-28T01:35:50.000000Z,7.46235,7.46143
2015-07-28T01:36:00.000000Z,7.46228,7.4615
2015-07-28T01:38:00.000000Z,7.46244,7.4615
2015-07-28T01:38:10.000000Z,7.46242,7.4615
2015-07-28T01:38:20.000000Z,7.46235,7.46143
2015-07-28T01:38:40.000000Z,7.46228,7.4615
2015-07-28T01:38:50.000000Z,7.46235,7.46143
2015-07-28T01:39:00.000000Z,7.46229,7.46151
2015-07-28T01:39:10.000000Z,7.46244,7.4615
2015-07-28T01:39:20.000000Z,7.46242,7.4615
2015-07-28T01:39:30.000000Z,7.46244,7.4615
2015-07-28T01:39:40.000000Z,7.46229,7.46151
2015-07-28T01:40:00.000000Z,7.46244,7.4615
2015-07-28T01:40:10.000000Z,7.46242,7.4615
2015-07-28T01:40:20.000000Z,7.46244,7.4615
2015-07-28T01:40:30.000000Z,7.46242,7.4615
2015-07-28T01:40:40.000000Z,7.46235,7.46143
2015-07-28T01:41:00.000000Z,7.46244,7.4615
2015-07-28T01:41:10.000000Z,7.46244,7.46151
2015-07-28T01:41:30.000000Z,7.46236,7.46143
2015-07-28T01:41:40.000000Z,7.46228,7.4615
2015-07-28T01:42:10.000000Z,7.46236,7.46143
2015-07-28T01:42:20.000000Z,7.46244,7.46151
2015-07-28T01:42:30.000000Z,7.46235,7.46143
2015-07-28T01:42:40.000000Z,7.46242,7.4615
2015-07-28T01:43:00.000000Z,7.46244,7.4615
2015-07-28T01:43:30.000000Z,7.46242,7.4615
2015-07-28T01:43:40.000000Z,7.46244,7.4615
2015-07-28T01:48:00.000000Z,7.46229,7.46151
2015-07-28T01:49:00.000000Z,7.46236,7.46147
2015-07-28T01:49:30.000000Z,7.46229,7.4614
2015-07-28T01:49:40.000000Z,7.46225,7.46143
2015-07-28T01:49:50.000000Z,7.46235,7.46147
2015-07-28T01:50:00.000000Z,7.46237,7.46147
2015-07-28T01:50:10.000000Z,7.46235,7.46147
2015-07-28T01:50:30.000000Z,7.46235,7.46147
2015-07-28T01:50:40.000000Z,7.46236,7.46147
2015-07-28T01:53:00.000000Z,7.46237,7.46147
2015-07-28T01:53:10.000000Z,7.46225,7.46143
2015-07-28T01:54:30.000000Z,7.46235,7.46147
2015-07-28T01:54:40.000000Z,7.46228,7.4614
2015-07-28T01:55:00.000000Z,7.46225,7.46143
2015-07-28T01:56:10.000000Z,7.46235,7.46147
2015-07-28T01:56:20.000000Z,7.46237,7.46147
2015-07-28T01:57:00.000000Z,7.46235,7.46147
2015-07-28T01:57:10.000000Z,7.46236,7.46147
2015-07-28T02:00:00.000000Z,7.46235,7.46147
2015-07-28T02:00:10.000000Z,7.46237,7.46147
2015-07-28T02:01:30.000000Z,7.46235,7.46147
2015-07-28T02:03:00.000000Z,7.46234,7.46147
2015-07-28T02:03:20.000000Z,7.46234,7.46147
2015-07-28T02:03:30.000000Z,7.46236,7.46147
2015-07-28T02:06:00.000000Z,7.46225,7.46143
2015-07-28T02:06:20.000000Z,7.46235,7.46147
2015-07-28T02:06:30.000000Z,7.46236,7.46147
2015-07-28T02:06:40.000000Z,7.46225,7.46143
2015-07-28T02:07:30.000000Z,7.46236,7.46147
2015-07-28T02:07:50.000000Z,7.46225,7.46143
2015-07-28T02:08:00.000000Z,7.46234,7.46147
2015-07-28T02:08:10.000000Z,7.46225,7.46143
2015-07-28T02:08:20.000000Z,7.46234,7.46147
2015-07-28T02:08:40.000000Z,7.46225,7.46143
2015-07-28T02:08:50.000000Z,7.46225,7.46143
2015-07-28T02:09:10.000000Z,7.46236,7.46147
2015-07-28T02:09:20.000000Z,7.46229,7.4614
2015-07-28T02:09:30.000000Z,7.46234,7.46147
2015-07-28T02:09:40.000000Z,7.46234,7.46147
2015-07-28T02:10:00.000000Z,7.46236,7.46147
2015-07-28T02:10:30.000000Z,7.46235,7.46147
2015-07-28T02:10:40.000000Z,7.46234,7.46145
2015-07-28T02:11:10.000000Z,7.46236,7.46147
2015-07-28T02:11:20.000000Z,7.46229,7.4614
2015-07-28T02:11:30.000000Z,7.46235,7.46147
2015-07-28T02:11:50.000000Z,7.46236,7.46147
2015-07-28T02:15:10.000000Z,7.46229,7.4614
2015-07-28T02:15:30.000000Z,7.46235,7.46147
2015-07-28T02:15:40.000000Z,7.46236,7.46147
2015-07-28T02:17:40.000000Z,7.46228,7.46141
2015-07-28T02:17:50.000000Z,7.46236,7.46147
2015-07-28T02:19:00.000000Z,7.46229,7.4614
2015-07-28T02:19:10.000000Z,7.46225,7.46143
2015-07-28T02:20:20.000000Z,7.46236,7.46147
2015-07-28T02:20:30.000000Z,7.46234,7.46147
2015-07-28T02:20:40.000000Z,7.46236,7.46147
2015-07-28T02:22:00.000000Z,7.46234,7.46147
2015-07-28T02:22:10.000000Z,7.46236,7.46147
2015-07-28T02:22:30.000000Z,7.46228,7.46141
2015-07-28T02:22:50.000000Z,7.46225,7.46143
2015-07-28T02:23:00.000000Z,7.46235,7.46147
2015-07-28T02:23:10.000000Z,7.46234,7.46147
2015-07-28T02:23:20.000000Z,7.46236,7.46147
2015-07-28T02:23:40.000000Z,7.46228,7.4614
2015-07-28T02:23:50.000000Z,7.46225,7.46143
2015-07-28T02:24:10.000000Z,7.46234,7.46147
2015-07-28T02:24:30.000000Z,7.46225,7.46143
2015-07-28T02:24:40.000000Z,7.46236,7.46147
2015-07-28T02:25:00.000000Z,7.46228,7.4614
2015-07-28T02:25:10.000000Z,7.46236,7.46147
2015-07-28T02:25:50.000000Z,7.46225,7.46143
2015-07-28T02:26:00.000000Z,7.46234,7.46147
2015-07-28T02:26:10.000000Z,7.46236,7.46147
2015-07-28T02:26:30.000000Z,7.46225,7.46143
2015-07-28T02:26:40.000000Z,7.46225,7.46143
2015-07-28T02:26:50.000000Z,7.46236,7.46147
2015-07-28T02:30:00.000000Z,7.46228,7.4614
2015-07-28T02:30:20.000000Z,7.46225,7.46143
2015-07-28T02:31:30.000000Z,7.46235,7.46147
2015-07-28T02:31:40.000000Z,7.46237,7.46147
2015-07-28T02:32:00.000000Z,7.46225,7.46143
2015-07-28T02:32:30.000000Z,7.46235,7.46147
2015-07-28T02:32:40.000000Z,7.46237,7.46147
2015-07-28T02:33:20.000000Z,7.46235,7.46147
2015-07-28T02:33:30.000000Z,7.46225,7.46143
2015-07-28T02:33:40.000000Z,7.46237,7.46147
2015-07-28T02:34:00.000000Z,7.46235,7.46147
2015-07-28T02:34:10.000000Z,7.46228,7.4614
2015-07-28T02:34:20.000000Z,7.46235,7.46147
2015-07-28T02:34:30.000000Z,7.46228,7.4614
2015-07-28T02:34:50.000000Z,7.46225,7.46143
2015-07-28T02:35:40.000000Z,7.46235,7.46147
2015-07-28T02:35:50.000000Z,7.46237,7.46147
2015-07-28T02:37:00.000000Z,7.46225,7.46143
2015-07-28T02:37:40.000000Z,7.46236,7.46147
2015-07-28T02:38:00.000000Z,7.46235,7.46147
2015-07-28T02:38:10.000000Z,7.46236,7.46147
2015-07-28T02:39:20.000000Z,7.46237,7.46147
2015-07-28T02:39:50.000000Z,7.46229,7.4614
2015-07-28T02:40:10.000000Z,7.46225,7.46143
2015-07-28T02:40:20.000000Z,7.46225,7.46143
2015-07-28T02:40:40.000000Z,7.46237,7.46147
2015-07-28T02:41:00.000000Z,7.46229,7.46139
2015-07-28T02:41:10.000000Z,7.46236,7.46147
2015-07-28T02:41:50.000000Z,7.46229,7.4614
2015-07-28T02:42:10.000000Z,7.46236,7.46147
2015-07-28T02:45:30.000000Z,7.46225,7.46143
2015-07-28T02:46:00.000000Z,7.46236,7.46147
2015-07-28T02:46:10.000000Z,7.46234,7.46147
2015-07-28T02:46:20.000000Z,7.46236,7.46147
2015-07-28T02:47:10.000000Z,7.46235,7.46147
2015-07-28T02:47:20.000000Z,7.46234,7.46147
2015-07-28T02:47:30.000000Z,7.46236,7.46147
2015-07-28T02:48:10.000000Z,7.46235,7.46147
2015-07-28T02:48:20.000000Z,7.46236,7.46147
2015-07-28T02:50:20.000000Z,7.46234,7.46147
2015-07-28T02:50:30.000000Z,7.46236,7.46147
2015-07-28T02:51:10.000000Z,7.46225,7.46143
2015-07-28T02:51:20.000000Z,7.46236,7.46147
2015-07-28T02:51:40.000000Z,7.46228,7.46141
2015-07-28T02:51:50.000000Z,7.46234,7.46147
2015-07-28T02:52:00.000000Z,7.46236,7.46148
2015-07-28T02:53:10.000000Z,7.46236,7.46147
2015-07-28T02:54:10.000000Z,7.46225,7.46143
2015-07-28T02:54:30.000000Z,7.46236,7.46147
2015-07-28T02:55:00.000000Z,7.46225,7.46143
2015-07-28T02:55:40.000000Z,7.46237,7.46147
2015-07-28T02:55:50.000000Z,7.46229,7.46139
2015-07-28T02:56:10.000000Z,7.46237,7.46147
2015-07-28T02:56:50.000000Z,7.46228,7.4614
2015-07-28T02:57:10.000000Z,7.46225,7.46143
2015-07-28T02:58:20.000000Z,7.46237,7.46147
2015-07-28T02:58:30.000000Z,7.46237,7.46147
2015-07-28T02:58:40.000000Z,7.46235,7.46147
2015-07-28T02:58:50.000000Z,7.46228,7.4614
2015-07-28T02:59:00.000000Z,7.46228,7.4614
2015-07-28T02:59:10.000000Z,7.46235,7.46147
2015-07-28T02:59:40.000000Z,7.46228,7.4614
2015-07-28T02:59:50.000000Z,7.46225,7.46143
2015-07-28T03:00:00.000000Z,7.46235,7.46147
2015-07-28T03:00:10.000000Z,7.46225,7.46143
2015-07-28T03:02:30.000000Z,7.46235,7.46147
2015-07-28T03:02:40.000000Z,7.46236,7.46147
2015-07-28T03:03:30.000000Z,7.46235,7.46147
2015-07-28T03:03:40.000000Z,7.46237,7.46147
2015-07-28T03:03:50.000000Z,7.46225,7.46143
2015-07-28T03:04:10.000000Z,7.46236,7.46147
2015-07-28T03:04:40.000000Z,7.46237,7.46147
2015-07-28T03:04:50.000000Z,7.46235,7.46147
2015-07-28T03:05:30.000000Z,7.46237,7.46147
2015-07-28T03:07:00.000000Z,7.46225,7.46143
2015-07-28T03:07:10.000000Z,7.46236,7.46147
2015-07-28T03:07:40.000000Z,7.46229,7.4614
2015-07-28T03:07:50.000000Z,7.46236,7.46147
2015-07-28T03:08:00.000000Z,7.46236,7.46147
2015-07-28T03:08:10.000000Z,7.46236,7.46147
2015-07-28T03:08:20.000000Z,7.46234,7.46147
2015-07-28T03:08:30.000000Z,7.46236,7.46148
2015-07-28T03:08:40.000000Z,7.46236,7.46147
2015-07-28T03:09:40.000000Z,7.46234,7.46147
2015-07-28T03:09:50.000000Z,7.46225,7.46143
2015-07-28T03:10:10.000000Z,7.46234,7.46147
2015-07-28T03:10:20.000000Z,7.46236,7.46147
2015-07-28T03:10:30.000000Z,7.46236,7.46147
2015-07-28T03:10:50.000000Z,7.46235,7.46147
2015-07-28T03:11:00.000000Z,7.46225,7.46143
2015-07-28T03:11:30.000000Z,7.46228,7.46141
2015-07-28T03:11:40.000000Z,7.46236,7.46147
2015-07-28T03:17:50.000000Z,7.46236,7.46147
2015-07-28T03:19:00.000000Z,7.46235,7.46147
2015-07-28T03:19:20.000000Z,7.46236,7.46147
2015-07-28T03:22:10.000000Z,7.46225,7.46143
2015-07-28T03:22:20.000000Z,7.46234,7.46147
2015-07-28T03:22:30.000000Z,7.46236,7.46148
2015-07-28T03:27:00.000000Z,7.46225,7.46143
2015-07-28T03:27:40.000000Z,7.46236,7.46147
2015-07-28T03:28:00.000000Z,7.46235,7.46147
2015-07-28T03:28:10.000000Z,7.46225,7.46143
2015-07-28T03:28:50.000000Z,7.46234,7.46147
2015-07-28T03:29:20.000000Z,7.46225,7.46143
2015-07-28T03:29:50.000000Z,7.46234,7.46147
2015-07-28T03:31:00.000000Z,7.46235,7.46147
2015-07-28T03:32:00.000000Z,7.46234,7.46147
2015-07-28T03:32:10.000000Z,7.46236,7.46147
2015-07-28T03:33:20.000000Z,7.46228,7.46141
2015-07-28T03:33:40.000000Z,7.46225,7.46143
2015-07-28T03:37:40.000000Z,7.46235,7.46147
2015-07-28T03:38:00.000000Z,7.46236,7.46147
2015-07-28T03:38:10.000000Z,7.46236,7.46147
2015-07-28T03:40:30.000000Z,7.46235,7.46147
2015-07-28T03:40:40.000000Z,7.46236,7.46147
2015-07-28T03:42:10.000000Z,7.46229,7.4614
2015-07-28T03:42:20.000000Z,7.46225,7.46143
2015-07-28T03:43:30.000000Z,7.46235,7.46147
2015-07-28T03:43:40.000000Z,7.46237,7.46147
2015-07-28T03:47:00.000000Z,7.46235,7.46147
2015-07-28T03:47:50.000000Z,7.46237,7.46147
2015-07-28T03:49:00.000000Z,7.46225,7.46143
2015-07-28T03:49:10.000000Z,7.46235,7.46147
2015-07-28T03:49:40.000000Z,7.46225,7.46143
2015-07-28T03:50:50.000000Z,7.46236,7.46147
2015-07-28T03:51:00.000000Z,7.46228,7.4614
2015-07-28T03:51:10.000000Z,7.46236,7.46147
2015-07-28T03:51:20.000000Z,7.46236,7.46147
2015-07-28T03:51:40.000000Z,7.46235,7.46147
2015-07-28T03:51:50.000000Z,7.46228,7.4614
2015-07-28T03:52:00.000000Z,7.46235,7.46147
2015-07-28T03:52:20.000000Z,7.46237,7.46147
2015-07-28T03:53:00.000000Z,7.46228,7.4614
2015-07-28T03:53:10.000000Z,7.46225,7.46143
2015-07-28T03:53:20.000000Z,7.46235,7.46147
2015-07-28T03:53:30.000000Z,7.46236,7.46147
2015-07-28T03:54:00.000000Z,7.46235,7.46147
2015-07-28T03:54:50.000000Z,7.46228,7.4614
2015-07-28T03:55:10.000000Z,7.46235,7.46147
2015-07-28T03:55:20.000000Z,7.46237,7.46147
2015-07-28T03:56:00.000000Z,7.46236,7.46147
2015-07-28T03:56:20.000000Z,7.46236,7.46147
2015-07-28T03:57:10.000000Z,7.46225,7.46143
2015-07-28T03:57:50.000000Z,7.46235,7.46147
2015-07-28T03:58:00.000000Z,7.46236,7.46147
2015-07-28T03:58:20.000000Z,7.46235,7.46147
2015-07-28T03:58:30.000000Z,7.46237,7.46147
2015-07-28T04:01:10.000000Z,7.46229,7.46139
2015-07-28T04:01:20.000000Z,7.46225,7.46143
2015-07-28T04:02:10.000000Z,7.46228,7.4614
2015-07-28T04:02:20.000000Z,7.46235,7.46147
2015-07-28T04:02:30.000000Z,7.46225,7.46143
2015-07-28T04:03:00.000000Z,7.46235,7.46147
2015-07-28T04:03:10.000000Z,7.46225,7.46143
2015-07-28T04:03:20.000000Z,7.46236,7.46147
2015-07-28T04:05:00.000000Z,7.46237,7.46147
2015-07-28T04:05:10.000000Z,7.46229,7.46139
2015-07-28T04:05:20.000000Z,7.46225,7.46143
2015-07-28T04:05:30.000000Z,7.46235,7.46147
2015-07-28T04:05:40.000000Z,7.46236,7.46147
2015-07-28T04:06:30.000000Z,7.46235,7.46147
2015-07-28T04:06:40.000000Z,7.46225,7.46143
2015-07-28T04:07:10.000000Z,7.46236,7.46147
2015-07-28T04:08:20.000000Z,7.46235,7.46147
2015-07-28T04:09:10.000000Z,7.46225,7.46143
2015-07-28T04:09:40.000000Z,7.46236,7.46147
2015-07-28T04:10:10.000000Z,7.46235,7.46147
2015-07-28T04:10:30.000000Z,7.46228,7.4614
2015-07-28T04:10:40.000000Z,7.46235,7.46147
2015-07-28T04:10:50.000000Z,7.46225,7.46143
2015-07-28T04:11:30.000000Z,7.46234,7.46147
2015-07-28T04:11:50.000000Z,7.46228,7.46141
2015-07-28T04:12:00.000000Z,7.46224,7.46144
2015-07-28T04:13:20.000000Z,7.46224,7.46145
2015-07-28T04:14:00.000000Z,7.46238,7.46145
2015-07-28T04:14:10.000000Z,7.4624,7.46145
2015-07-28T04:14:30.000000Z,7.46238,7.46145
2015-07-28T04:17:10.000000Z,7.46232,7.46139
2015-07-28T04:17:20.000000Z,7.46225,7.46145
2015-07-28T04:19:50.000000Z,7.46238,7.46145
2015-07-28T04:20:00.000000Z,7.46239,7.46145
2015-07-28T04:20:30.000000Z,7.46232,7.46139
2015-07-28T04:20:40.000000Z,7.46238,7.46145
2015-07-28T04:20:50.000000Z,7.4624,7.46145
2015-07-28T04:24:20.000000Z,7.46233,7.46138
2015-07-28T04:24:40.000000Z,7.46225,7.46145
2015-07-28T04:25:30.000000Z,7.46238,7.46145
2015-07-28T04:25:40.000000Z,7.4624,7.46145
2015-07-28T04:26:00.000000Z,7.46238,7.46145
2015-07-28T04:26:30.000000Z,7.4624,7.46145
2015-07-28T04:29:10.000000Z,7.46238,7.46145
2015-07-28T04:30:30.000000Z,7.4624,7.46145
2015-07-28T04:33:20.000000Z,7.46238,7.46145
2015-07-28T04:33:30.000000Z,7.4624,7.46145
2015-07-28T04:35:40.000000Z,7.46238,7.46145
2015-07-28T04:36:10.000000Z,7.4624,7.46145
2015-07-28T04:38:10.000000Z,7.46238,7.46145
2015-07-28T04:38:50.000000Z,7.4624,7.46145
2015-07-28T04:40:20.000000Z,7.46238,7.46145
2015-07-28T04:40:30.000000Z,7.4624,7.46145
2015-07-28T04:40:50.000000Z,7.46238,7.46145
2015-07-28T04:41:00.000000Z,7.4624,7.46145
2015-07-28T04:41:30.000000Z,7.4624,7.46145
2015-07-28T04:42:20.000000Z,7.46238,7.46145
2015-07-28T04:42:30.000000Z,7.4624,7.46145
2015-07-28T04:42:40.000000Z,7.46238,7.46145
2015-07-28T04:42:50.000000Z,7.4624,7.46145
2015-07-28T04:43:00.000000Z,7.46238,7.46145
2015-07-28T04:43:10.000000Z,7.46238,7.46145
2015-07-28T04:43:20.000000Z,7.4624,7.46145
2015-07-28T04:43:30.000000Z,7.46238,7.46145
2015-07-28T04:44:50.000000Z,7.46225,7.46145
2015-07-28T04:46:00.000000Z,7.4624,7.46145
2015-07-28T04:46:40.000000Z,7.46232,7.46138
2015-07-28T04:47:00.000000Z,7.46239,7.46145
2015-07-28T04:48:40.000000Z,7.46238,7.46145
2015-07-28T04:48:50.000000Z,7.46225,7.46145
2015-07-28T04:50:10.000000Z,7.46238,7.46145
2015-07-28T04:50:20.000000Z,7.4624,7.46145
2015-07-28T04:50:30.000000Z,7.46233,7.46138
2015-07-28T04:50:40.000000Z,7.4624,7.46145
