time,closeAsk,closeBid
2015-07-22T07:29:00.000000Z,129.082,129.051
2015-07-22T07:29:05.000000Z,129.087,129.061
2015-07-22T07:29:10.000000Z,129.087,129.062
2015-07-22T07:29:15.000000Z,129.086,129.061
2015-07-22T07:29:20.000000Z,129.097,129.067
2015-07-22T07:29:25.000000Z,129.1,129.072
2015-07-22T07:29:30.000000Z,129.092,129.061
2015-07-22T07:29:35.000000Z,129.089,129.065
2015-07-22T07:29:40.000000Z,129.085,129.058
2015-07-22T07:29:45.000000Z,129.093,129.068
2015-07-22T07:29:50.000000Z,129.088,129.063
2015-07-22T07:29:55.000000Z,129.095,129.063
2015-07-22T07:30:00.000000Z,129.089,129.062
2015-07-22T07:30:05.000000Z,129.089,129.062
2015-07-22T07:30:10.000000Z,129.084,129.05
2015-07-22T07:30:15.000000Z,129.082,129.049
2015-07-22T07:30:20.000000Z,129.068,129.038
2015-07-22T07:30:25.000000Z,129.073,129.047
2015-07-22T07:30:30.000000Z,129.079,129.052
2015-07-22T07:30:35.000000Z,129.078,129.053
2015-07-22T07:30:40.000000Z,129.077,129.053
2015-07-22T07:30:45.000000Z,129.085,129.054
2015-07-22T07:30:50.000000Z,129.09,129.059
2015-07-22T07:30:55.000000Z,129.086,129.058
2015-07-22T07:31:00.000000Z,129.083,129.058
2015-07-22T07:31:05.000000Z,129.081,129.054
2015-07-22T07:31:10.000000Z,129.081,129.056
2015-07-22T07:31:15.000000Z,129.084,129.057
2015-07-22T07:31:20.000000Z,129.081,129.052
2015-07-22T07:31:25.000000Z,129.08,129.054
2015-07-22T07:31:30.000000Z,129.084,129.056
2015-07-22T07:31:35.000000Z,129.081,129.056
2015-07-22T07:31:40.000000Z,129.077,129.052
2015-07-22T07:31:45.000000Z,129.079,129.052
2015-07-22T07:31:50.000000Z,129.085,129.055
2015-07-22T07:31:55.000000Z,129.078,129.053
2015-07-22T07:32:00.000000Z,129.083,129.056
2015-07-22T07:32:05.000000Z,129.088,129.06
2015-07-22T07:32:10.000000Z,129.088,129.059
2015-07-22T07:32:15.000000Z,129.081,129.056
2015-07-22T07:32:20.000000Z,129.077,129.049
2015-07-22T07:32:25.000000Z,129.079,129.053
2015-07-22T07:32:30.000000Z,129.088,129.058
2015-07-22T07:32:35.000000Z,129.088,129.061
2015-07-22T07:32:40.000000Z,129.09,129.064
2015-07-22T07:32:45.000000Z,129.104,129.075
2015-07-22T07:32:50.000000Z,129.112,129.083
2015-07-22T07:32:55.000000Z,129.13,129.097
2015-07-22T07:33:00.000000Z,129.135,129.109
2015-07-22T07:33:05.000000Z,129.137,129.115
2015-07-22T07:33:10.000000Z,129.136,129.112
2015-07-22T07:33:15.000000Z,129.137,129.111
2015-07-22T07:33:20.000000Z,129.135,129.11
2015-07-22T07:33:25.000000Z,129.131,129.099
2015-07-22T07:33:30.000000Z,129.131,129.099
2015-07-22T07:33:35.000000Z,129.137,129.106
2015-07-22T07:33:40.000000Z,129.141,129.112
2015-07-22T07:33:45.000000Z,129.139,129.109
2015-07-22T07:33:50.000000Z,129.14,129.111
2015-07-22T07:33:55.000000Z,129.147,129.119
2015-07-22T07:34:00.000000Z,129.144,129.119
2015-07-22T07:34:05.000000Z,129.155,129.127
2015-07-22T07:34:10.000000Z,129.154,129.127
2015-07-22T07:34:15.000000Z,129.158,129.127
2015-07-22T07:34:20.000000Z,129.159,129.137
2015-07-22T07:34:25.000000Z,129.16,129.133
2015-07-22T07:34:30.000000Z,129.16,129.134
2015-07-22T07:34:35.000000Z,129.155,129.129
2015-07-22T07:34:40.000000Z,129.154,129.128
2015-07-22T07:34:45.000000Z,129.153,129.128
2015-07-22T07:34:50.000000Z,129.155,129.128
2015-07-22T07:35:00.000000Z,129.15,129.124
2015-07-22T07:35:05.000000Z,129.144,129.11
2015-07-22T07:35:10.000000Z,129.138,129.112
2015-07-22T07:35:15.000000Z,129.133,129.101
2015-07-22T07:35:20.000000Z,129.138,129.109
2015-07-22T07:35:25.000000Z,129.144,129.119
2015-07-22T07:35:30.000000Z,129.14,129.108
2015-07-22T07:35:35.000000Z,129.138,129.109
2015-07-22T07:35:40.000000Z,129.155,129.121
2015-07-22T07:35:45.000000Z,129.159,129.127
2015-07-22T07:35:50.000000Z,129.159,129.131
2015-07-22T07:35:55.000000Z,129.157,129.123
2015-07-22T07:36:00.000000Z,129.147,129.118
2015-07-22T07:36:05.000000Z,129.154,129.125
2015-07-22T07:36:10.000000Z,129.158,129.128
2015-07-22T07:36:15.000000Z,129.158,129.128
2015-07-22T07:36:20.000000Z,129.158,129.125
2015-07-22T07:36:25.000000Z,129.155,129.125
2015-07-22T07:36:30.000000Z,129.165,129.139
2015-07-22T07:36:35.000000Z,129.164,129.135
2015-07-22T07:36:40.000000Z,129.159,129.126
2015-07-22T07:36:45.000000Z,129.156,129.127
2015-07-22T07:36:50.000000Z,129.156,129.125
2015-07-22T07:36:55.000000Z,129.153,129.125
2015-07-22T07:37:00.000000Z,129.153,129.118
2015-07-22T07:37:05.000000Z,129.152,129.116
2015-07-22T07:37:10.000000Z,129.148,129.117
2015-07-22T07:37:15.000000Z,129.152,129.116
2015-07-22T07:37:20.000000Z,129.142,129.111
2015-07-22T07:37:25.000000Z,129.144,129.113
2015-07-22T07:37:30.000000Z,129.144,129.114
2015-07-22T07:37:35.000000Z,129.144,129.11
2015-07-22T07:37:40.000000Z,129.141,129.111
2015-07-22T07:37:45.000000Z,129.139,129.105
2015-07-22T07:37:50.000000Z,129.14,129.112
2015-07-22T07:37:55.000000Z,129.142,129.109
2015-07-22T07:38:00.000000Z,129.139,129.109
2015-07-22T07:38:05.000000Z,129.139,129.106
2015-07-22T07:38:10.000000Z,129.139,129.108
2015-07-22T07:38:15.000000Z,129.139,129.11
2015-07-22T07:38:20.000000Z,129.139,129.109
2015-07-22T07:38:25.000000Z,129.141,129.115
2015-07-22T07:38:30.000000Z,129.144,129.117
2015-07-22T07:38:35.000000Z,129.142,129.115
2015-07-22T07:38:40.000000Z,129.142,129.116
2015-07-22T07:38:45.000000Z,129.138,129.107
2015-07-22T07:38:50.000000Z,129.134,129.108
2015-07-22T07:38:55.000000Z,129.132,129.107
2015-07-22T07:39:00.000000Z,129.132,129.107
2015-07-22T07:39:05.000000Z,129.131,129.103
2015-07-22T07:39:10.000000Z,129.128,129.101
2015-07-22T07:39:15.000000Z,129.128,129.102
2015-07-22T07:39:20.000000Z,129.123,129.095
2015-07-22T07:39:25.000000Z,129.118,129.092
2015-07-22T07:39:30.000000Z,129.117,129.092
2015-07-22T07:39:35.000000Z,129.12,129.089
2015-07-22T07:39:40.000000Z,129.108,129.075
2015-07-22T07:39:45.000000Z,129.108,129.079
2015-07-22T07:39:50.000000Z,129.107,129.082
2015-07-22T07:39:55.000000Z,129.107,129.08
2015-07-22T07:40:00.000000Z,129.107,129.077
2015-07-22T07:40:05.000000Z,129.107,129.074
2015-07-22T07:40:10.000000Z,129.114,129.082
2015-07-22T07:40:15.000000Z,129.12,129.089
2015-07-22T07:40:20.000000Z,129.12,129.091
2015-07-22T07:40:25.000000Z,129.12,129.087
2015-07-22T07:40:30.000000Z,129.124,129.098
2015-07-22T07:40:35.000000Z,129.124,129.094
2015-07-22T07:40:40.000000Z,129.113,129.084
2015-07-22T07:40:45.000000Z,129.126,129.099
2015-07-22T07:40:50.000000Z,129.129,129.101
2015-07-22T07:40:55.000000Z,129.129,129.1
2015-07-22T07:41:00.000000Z,129.131,129.101
2015-07-22T07:41:05.000000Z,129.131,129.102
2015-07-22T07:41:10.000000Z,129.131,129.102
2015-07-22T07:41:15.000000Z,129.133,129.102
2015-07-22T07:41:20.000000Z,129.138,129.11
2015-07-22T07:41:25.000000Z,129.135,129.107
2015-07-22T07:41:30.000000Z,129.143,129.112
2015-07-22T07:41:35.000000Z,129.15,129.125
2015-07-22T07:41:40.000000Z,129.156,129.129
2015-07-22T07:41:45.000000Z,129.167,129.132
2015-07-22T07:41:50.000000Z,129.152,129.125
2015-07-22T07:41:55.000000Z,129.158,129.125
2015-07-22T07:42:00.000000Z,129.152,129.122
2015-07-22T07:42:05.000000Z,129.158,129.125
2015-07-22T07:42:10.000000Z,129.149,129.122
2015-07-22T07:42:15.000000Z,129.147,129.121
2015-07-22T07:42:20.000000Z,129.146,129.121
2015-07-22T07:42:25.000000Z,129.137,129.112
2015-07-22T07:42:30.000000Z,129.135,129.107
2015-07-22T07:42:35.000000Z,129.142,129.112
2015-07-22T07:42:40.000000Z,129.134,129.109
2015-07-22T07:42:45.000000Z,129.139,129.109
2015-07-22T07:42:50.000000Z,129.135,129.109
2015-07-22T07:42:55.000000Z,129.137,129.107
2015-07-22T07:43:00.000000Z,129.127,129.101
2015-07-22T07:43:05.000000Z,129.13,129.096
2015-07-22T07:43:10.000000Z,129.127,129.1
2015-07-22T07:43:15.000000Z,129.128,129.102
2015-07-22T07:43:20.000000Z,129.133,129.102
2015-07-22T07:43:25.000000Z,129.121,129.092
2015-07-22T07:43:30.000000Z,129.119,129.093
2015-07-22T07:43:35.000000Z,129.125,129.089
2015-07-22T07:43:40.000000Z,129.121,129.087
2015-07-22T07:43:45.000000Z,129.126,129.087
2015-07-22T07:43:50.000000Z,129.125,129.091
2015-07-22T07:43:55.000000Z,129.123,129.091
2015-07-22T07:44:00.000000Z,129.129,129.091
2015-07-22T07:44:05.000000Z,129.114,129.086
2015-07-22T07:44:10.000000Z,129.132,129.1
2015-07-22T07:44:15.000000Z,129.133,129.1
2015-07-22T07:44:20.000000Z,129.134,129.105
2015-07-22T07:44:25.000000Z,129.142,129.108
2015-07-22T07:44:30.000000Z,129.141,129.113
2015-07-22T07:44:35.000000Z,129.138,129.11
2015-07-22T07:44:40.000000Z,129.151,129.118
2015-07-22T07:44:45.000000Z,129.15,129.117
2015-07-22T07:44:50.000000Z,129.146,129.117
2015-07-22T07:44:55.000000Z,129.153,129.12
2015-07-22T07:45:00.000000Z,129.157,129.125
2015-07-22T07:45:05.000000Z,129.154,129.128
2015-07-22T07:45:10.000000Z,129.151,129.125
2015-07-22T07:45:15.000000Z,129.149,129.123
2015-07-22T07:45:20.000000Z,129.147,129.117
2015-07-22T07:45:25.000000Z,129.14,129.112
2015-07-22T07:45:30.000000Z,129.147,129.121
2015-07-22T07:45:35.000000Z,129.137,129.107
2015-07-22T07:45:40.000000Z,129.136,129.11
2015-07-22T07:45:45.000000Z,129.143,129.114
2015-07-22T07:45:50.000000Z,129.147,129.122
2015-07-22T07:45:55.000000Z,129.154,129.124
2015-07-22T07:46:00.000000Z,129.164,129.128
2015-07-22T07:46:05.000000Z,129.166,129.137
2015-07-22T07:46:10.000000Z,129.163,129.134
2015-07-22T07:46:15.000000Z,129.168,129.144
2015-07-22T07:46:20.000000Z,129.175,129.143
2015-07-22T07:46:25.000000Z,129.173,129.144
2015-07-22T07:46:30.000000Z,129.176,129.146
2015-07-22T07:46:35.000000Z,129.193,129.163
2015-07-22T07:46:40.000000Z,129.198,129.167
2015-07-22T07:46:45.000000Z,129.191,129.166
2015-07-22T07:46:50.000000Z,129.19,129.163
2015-07-22T07:46:55.000000Z,129.197,129.166
2015-07-22T07:47:00.000000Z,129.198,129.161
2015-07-22T07:47:05.000000Z,129.197,129.158
2015-07-22T07:47:10.000000Z,129.196,129.166
2015-07-22T07:47:15.000000Z,129.209,129.182
2015-07-22T07:47:20.000000Z,129.214,129.182
2015-07-22T07:47:25.000000Z,129.214,129.186
2015-07-22T07:47:30.000000Z,129.215,129.189
2015-07-22T07:47:35.000000Z,129.208,129.184
2015-07-22T07:47:45.000000Z,129.201,129.169
2015-07-22T07:47:50.000000Z,129.201,129.175
2015-07-22T07:47:55.000000Z,129.213,129.184
2015-07-22T07:48:00.000000Z,129.203,129.175
2015-07-22T07:48:05.000000Z,129.197,129.173
2015-07-22T07:48:10.000000Z,129.204,129.18
2015-07-22T07:48:15.000000Z,129.205,129.18
2015-07-22T07:48:25.000000Z,129.204,129.17
2015-07-22T07:48:30.000000Z,129.21,129.181
2015-07-22T07:48:35.000000Z,129.207,129.174
2015-07-22T07:48:40.000000Z,129.207,129.175
2015-07-22T07:48:45.000000Z,129.209,129.181
2015-07-22T07:48:50.000000Z,129.206,129.179
2015-07-22T07:48:55.000000Z,129.206,129.175
2015-07-22T07:49:00.000000Z,129.201,129.172
2015-07-22T07:49:05.000000Z,129.198,129.17
2015-07-22T07:49:10.000000Z,129.208,129.181
2015-07-22T07:49:15.000000Z,129.203,129.174
2015-07-22T07:49:20.000000Z,129.198,129.173
2015-07-22T07:49:25.000000Z,129.198,129.168
2015-07-22T07:49:30.000000Z,129.2,129.171
2015-07-22T07:49:35.000000Z,129.206,129.172
2015-07-22T07:49:40.000000Z,129.211,129.178
2015-07-22T07:49:45.000000Z,129.211,129.178
2015-07-22T07:49:50.000000Z,129.2,129.174
2015-07-22T07:49:55.000000Z,129.193,129.168
2015-07-22T07:50:00.000000Z,129.189,129.161
2015-07-22T07:50:05.000000Z,129.196,129.165
2015-07-22T07:50:10.000000Z,129.186,129.158
2015-07-22T07:50:15.000000Z,129.188,129.161
2015-07-22T07:50:20.000000Z,129.188,129.159
2015-07-22T07:50:25.000000Z,129.188,129.157
2015-07-22T07:50:30.000000Z,129.188,129.163
2015-07-22T07:50:35.000000Z,129.191,129.165
2015-07-22T07:50:40.000000Z,129.194,129.165
2015-07-22T07:50:45.000000Z,129.199,129.173
2015-07-22T07:50:50.000000Z,129.213,129.18
2015-07-22T07:50:55.000000Z,129.208,129.18
2015-07-22T07:51:00.000000Z,129.206,129.18
2015-07-22T07:51:05.000000Z,129.208,129.18
2015-07-22T07:51:10.000000Z,129.206,129.18
2015-07-22T07:51:15.000000Z,129.209,129.18
2015-07-22T07:51:20.000000Z,129.205,129.18
2015-07-22T07:51:25.000000Z,129.204,129.178
2015-07-22T07:51:30.000000Z,129.209,129.18
2015-07-22T07:51:35.000000Z,129.208,129.18
2015-07-22T07:51:40.000000Z,129.211,129.18
2015-07-22T07:51:45.000000Z,129.25,129.219
2015-07-22T07:51:50.000000Z,129.233,129.208
2015-07-22T07:51:55.000000Z,129.227,129.2
2015-07-22T07:52:00.000000Z,129.227,129.199
2015-07-22T07:52:05.000000Z,129.227,129.203
2015-07-22T07:52:10.000000Z,129.236,129.21
2015-07-22T07:52:15.000000Z,129.242,129.217
2015-07-22T07:52:20.000000Z,129.229,129.198
2015-07-22T07:52:25.000000Z,129.23,129.201
2015-07-22T07:52:30.000000Z,129.23,129.202
2015-07-22T07:52:35.000000Z,129.227,129.201
2015-07-22T07:52:40.000000Z,129.232,129.2
2015-07-22T07:52:45.000000Z,129.213,129.185
2015-07-22T07:52:50.000000Z,129.225,129.193
2015-07-22T07:52:55.000000Z,129.213,129.182
2015-07-22T07:53:00.000000Z,129.213,129.187
2015-07-22T07:53:05.000000Z,129.22,129.194
2015-07-22T07:53:10.000000Z,129.223,129.198
2015-07-22T07:53:15.000000Z,129.231,129.197
2015-07-22T07:53:20.000000Z,129.232,129.201
2015-07-22T07:53:25.000000Z,129.223,129.197
2015-07-22T07:53:30.000000Z,129.213,129.184
2015-07-22T07:53:35.000000Z,129.215,129.188
2015-07-22T07:53:40.000000Z,129.207,129.173
2015-07-22T07:53:45.000000Z,129.244,129.208
2015-07-22T07:53:50.000000Z,129.252,129.222
2015-07-22T07:53:55.000000Z,129.261,129.231
2015-07-22T07:54:00.000000Z,129.261,129.234
2015-07-22T07:54:05.000000Z,129.265,129.239
2015-07-22T07:54:10.000000Z,129.254,129.223
2015-07-22T07:54:15.000000Z,129.256,129.231
2015-07-22T07:54:25.000000Z,129.256,129.23
2015-07-22T07:54:30.000000Z,129.256,129.227
2015-07-22T07:54:35.000000Z,129.256,129.227
2015-07-22T07:54:40.000000Z,129.25,129.222
2015-07-22T07:54:45.000000Z,129.267,129.239
2015-07-22T07:54:50.000000Z,129.269,129.242
2015-07-22T07:54:55.000000Z,129.26,129.235
2015-07-22T07:55:00.000000Z,129.262,129.236
2015-07-22T07:55:05.000000Z,129.26,129.236
2015-07-22T07:55:10.000000Z,129.264,129.237
2015-07-22T07:55:15.000000Z,129.266,129.234
2015-07-22T07:55:20.000000Z,129.262,129.235
2015-07-22T07:55:25.000000Z,129.264,129.233
2015-07-22T07:55:30.000000Z,129.261,129.235
2015-07-22T07:55:40.000000Z,129.267,129.238
2015-07-22T07:55:45.000000Z,129.259,129.233
2015-07-22T07:55:50.000000Z,129.263,129.231
2015-07-22T07:55:55.000000Z,129.279,129.249
2015-07-22T07:56:00.000000Z,129.274,129.244
2015-07-22T07:56:05.000000Z,129.266,129.239
2015-07-22T07:56:10.000000Z,129.266,129.236
2015-07-22T07:56:15.000000Z,129.266,129.24
2015-07-22T07:56:20.000000Z,129.263,129.231
2015-07-22T07:56:25.000000Z,129.263,129.234
2015-07-22T07:56:30.000000Z,129.255,129.227
2015-07-22T07:56:35.000000Z,129.255,129.231
2015-07-22T07:56:40.000000Z,129.262,129.235
2015-07-22T07:56:45.000000Z,129.262,129.237
2015-07-22T07:56:50.000000Z,129.267,129.238
2015-07-22T07:57:00.000000Z,129.262,129.235
2015-07-22T07:57:05.000000Z,129.27,129.236
2015-07-22T07:57:10.000000Z,129.274,129.245
2015-07-22T07:57:15.000000Z,129.276,129.25
2015-07-22T07:57:25.000000Z,129.274,129.25
2015-07-22T07:57:30.000000Z,129.276,129.248
2015-07-22T07:57:35.000000Z,129.274,129.248
2015-07-22T07:57:40.000000Z,129.275,129.246
2015-07-22T07:57:45.000000Z,129.275,129.245
2015-07-22T07:57:50.000000Z,129.275,129.246
2015-07-22T07:58:00.000000Z,129.276,129.246
2015-07-22T07:58:05.000000Z,129.262,129.233
2015-07-22T07:58:10.000000Z,129.268,129.24
2015-07-22T07:58:15.000000Z,129.272,129.24
2015-07-22T07:58:20.000000Z,129.272,129.243
2015-07-22T07:58:25.000000Z,129.281,129.253
2015-07-22T07:58:30.000000Z,129.281,129.254
2015-07-22T07:58:35.000000Z,129.281,129.255
2015-07-22T07:58:45.000000Z,129.274,129.248
2015-07-22T07:58:50.000000Z,129.273,129.248
2015-07-22T07:59:05.000000Z,129.279,129.25
2015-07-22T07:59:10.000000Z,129.276,129.245
2015-07-22T07:59:15.000000Z,129.276,129.247
2015-07-22T07:59:20.000000Z,129.276,129.252
2015-07-22T07:59:30.000000Z,129.29,129.265
2015-07-22T07:59:35.000000Z,129.291,129.265
2015-07-22T07:59:40.000000Z,129.284,129.254
2015-07-22T07:59:45.000000Z,129.281,129.254
2015-07-22T07:59:50.000000Z,129.267,129.243
2015-07-22T07:59:55.000000Z,129.275,129.249
2015-07-22T08:00:00.000000Z,129.274,129.243
2015-07-22T08:00:10.000000Z,129.273,129.244
2015-07-22T08:00:15.000000Z,129.267,129.242
2015-07-22T08:00:20.000000Z,129.247,129.214
2015-07-22T08:00:25.000000Z,129.253,129.222
2015-07-22T08:00:30.000000Z,129.254,129.228
2015-07-22T08:00:35.000000Z,129.255,129.23
2015-07-22T08:00:40.000000Z,129.248,129.223
2015-07-22T08:00:45.000000Z,129.251,129.222
2015-07-22T08:00:50.000000Z,129.248,129.222
2015-07-22T08:00:55.000000Z,129.251,129.224
2015-07-22T08:01:00.000000Z,129.26,129.234
2015-07-22T08:01:05.000000Z,129.268,129.244
2015-07-22T08:01:10.000000Z,129.251,129.226
2015-07-22T08:01:15.000000Z,129.253,129.225
2015-07-22T08:01:20.000000Z,129.253,129.221
2015-07-22T08:01:25.000000Z,129.253,129.227
2015-07-22T08:01:30.000000Z,129.253,129.226
2015-07-22T08:01:35.000000Z,129.264,129.235
2015-07-22T08:01:40.000000Z,129.264,129.234
2015-07-22T08:01:45.000000Z,129.259,129.228
2015-07-22T08:01:50.000000Z,129.261,129.236
2015-07-22T08:01:55.000000Z,129.261,129.237
2015-07-22T08:02:00.000000Z,129.258,129.232
2015-07-22T08:02:05.000000Z,129.258,129.225
2015-07-22T08:02:10.000000Z,129.254,129.229
2015-07-22T08:02:15.000000Z,129.259,129.231
2015-07-22T08:02:20.000000Z,129.259,129.231
2015-07-22T08:02:25.000000Z,129.258,129.225
2015-07-22T08:02:35.000000Z,129.259,129.231
2015-07-22T08:02:40.000000Z,129.263,129.236
2015-07-22T08:02:45.000000Z,129.272,129.24
2015-07-22T08:02:50.000000Z,129.279,129.249
2015-07-22T08:02:55.000000Z,129.279,129.248
2015-07-22T08:03:00.000000Z,129.264,129.231
2015-07-22T08:03:05.000000Z,129.236,129.208
2015-07-22T08:03:10.000000Z,129.247,129.22
2015-07-22T08:03:15.000000Z,129.253,129.222
2015-07-22T08:03:25.000000Z,129.252,129.223
2015-07-22T08:03:30.000000Z,129.248,129.221
2015-07-22T08:03:35.000000Z,129.245,129.218
2015-07-22T08:03:40.000000Z,129.244,129.217
2015-07-22T08:03:45.000000Z,129.24,129.214
2015-07-22T08:03:50.000000Z,129.236,129.209
2015-07-22T08:03:55.000000Z,129.232,129.205
2015-07-22T08:04:00.000000Z,129.233,129.206
2015-07-22T08:04:05.000000Z,129.233,129.207
2015-07-22T08:04:10.000000Z,129.237,129.208
2015-07-22T08:04:15.000000Z,129.236,129.209
2015-07-22T08:04:20.000000Z,129.24,129.208
2015-07-22T08:04:25.000000Z,129.246,129.215
2015-07-22T08:04:30.000000Z,129.246,129.217
2015-07-22T08:04:35.000000Z,129.233,129.205
2015-07-22T08:04:40.000000Z,129.237,129.209
2015-07-22T08:04:45.000000Z,129.236,129.209
2015-07-22T08:04:50.000000Z,129.248,129.213
2015-07-22T08:04:55.000000Z,129.251,129.226
2015-07-22T08:05:00.000000Z,129.248,129.219
2015-07-22T08:05:05.000000Z,129.248,129.216
2015-07-22T08:05:10.000000Z,129.246,129.216
2015-07-22T08:05:15.000000Z,129.251,129.218
2015-07-22T08:05:20.000000Z,129.249,129.214
2015-07-22T08:05:25.000000Z,129.245,129.217
2015-07-22T08:05:30.000000Z,129.243,129.214
2015-07-22T08:05:35.000000Z,129.242,129.217
2015-07-22T08:05:45.000000Z,129.241,129.214
2015-07-22T08:05:50.000000Z,129.241,129.216
2015-07-22T08:05:55.000000Z,129.264,129.239
2015-07-22T08:06:00.000000Z,129.259,129.222
2015-07-22T08:06:05.000000Z,129.256,129.225
2015-07-22T08:06:10.000000Z,129.256,129.222
2015-07-22T08:06:15.000000Z,129.255,129.222
2015-07-22T08:06:20.000000Z,129.248,129.22
2015-07-22T08:06:25.000000Z,129.238,129.213
2015-07-22T08:06:30.000000Z,129.239,129.212
2015-07-22T08:06:35.000000Z,129.253,129.227
2015-07-22T08:06:40.000000Z,129.247,129.217
2015-07-22T08:06:45.000000Z,129.239,129.208
2015-07-22T08:06:50.000000Z,129.234,129.209
2015-07-22T08:06:55.000000Z,129.232,129.206
2015-07-22T08:07:00.000000Z,129.238,129.21
2015-07-22T08:07:05.000000Z,129.234,129.207
2015-07-22T08:07:10.000000Z,129.236,129.21
2015-07-22T08:07:15.000000Z,129.227,129.194
2015-07-22T08:07:20.000000Z,129.225,129.199
2015-07-22T08:07:25.000000Z,129.229,129.198
2015-07-22T08:07:30.000000Z,129.229,129.196
2015-07-22T08:07:35.000000Z,129.228,129.192
2015-07-22T08:07:40.000000Z,129.218,129.192
2015-07-22T08:07:45.000000Z,129.218,129.192
2015-07-22T08:07:50.000000Z,129.219,129.189
2015-07-22T08:07:55.000000Z,129.221,129.193
2015-07-22T08:08:00.000000Z,129.224,129.198
2015-07-22T08:08:05.000000Z,129.228,129.199
2015-07-22T08:08:10.000000Z,129.228,129.198
2015-07-22T08:08:15.000000Z,129.228,129.194
2015-07-22T08:08:20.000000Z,129.228,129.194
2015-07-22T08:08:25.000000Z,129.227,129.199
2015-07-22T08:08:30.000000Z,129.225,129.199
2015-07-22T08:08:45.000000Z,129.225,129.196
2015-07-22T08:08:50.000000Z,129.219,129.19
2015-07-22T08:08:55.000000Z,129.215,129.187
2015-07-22T08:09:00.000000Z,129.218,129.192
2015-07-22T08:09:05.000000Z,129.218,129.193
2015-07-22T08:09:10.000000Z,129.208,129.177
2015-07-22T08:09:15.000000Z,129.198,129.17
2015-07-22T08:09:20.000000Z,129.194,129.163
2015-07-22T08:09:25.000000Z,129.171,129.142
2015-07-22T08:09:35.000000Z,129.162,129.134
2015-07-22T08:09:40.000000Z,129.169,129.142
2015-07-22T08:09:45.000000Z,129.169,129.144
2015-07-22T08:10:10.000000Z,129.169,129.143
2015-07-22T08:10:15.000000Z,129.19,129.162
2015-07-22T08:10:20.000000Z,129.19,129.158
2015-07-22T08:10:25.000000Z,129.203,129.177
2015-07-22T08:10:30.000000Z,129.202,129.177
2015-07-22T08:10:35.000000Z,129.211,129.186
2015-07-22T08:10:40.000000Z,129.204,129.171
2015-07-22T08:10:45.000000Z,129.202,129.171
2015-07-22T08:10:50.000000Z,129.207,129.181
2015-07-22T08:10:55.000000Z,129.206,129.182
2015-07-22T08:11:00.000000Z,129.209,129.181
2015-07-22T08:11:10.000000Z,129.209,129.183
2015-07-22T08:11:15.000000Z,129.209,129.18
2015-07-22T08:11:20.000000Z,129.209,129.182
2015-07-22T08:11:40.000000Z,129.207,129.18
2015-07-22T08:11:45.000000Z,129.202,129.173
2015-07-22T08:11:55.000000Z,129.202,129.174
2015-07-22T08:12:05.000000Z,129.202,129.175
2015-07-22T08:12:10.000000Z,129.21,129.184
2015-07-22T08:12:15.000000Z,129.214,129.189
2015-07-22T08:12:20.000000Z,129.213,129.182
2015-07-22T08:12:25.000000Z,129.212,129.18
2015-07-22T08:12:30.000000Z,129.211,129.179
2015-07-22T08:12:35.000000Z,129.211,129.18
2015-07-22T08:12:40.000000Z,129.213,129.188
2015-07-22T08:12:45.000000Z,129.217,129.19
2015-07-22T08:12:50.000000Z,129.222,129.193
2015-07-22T08:12:55.000000Z,129.223,129.191
2015-07-22T08:13:05.000000Z,129.218,129.191
2015-07-22T08:13:10.000000Z,129.218,129.189
2015-07-22T08:13:15.000000Z,129.222,129.192
2015-07-22T08:13:20.000000Z,129.221,129.194
2015-07-22T08:13:25.000000Z,129.217,129.187
2015-07-22T08:13:30.000000Z,129.211,129.187
2015-07-22T08:13:35.000000Z,129.21,129.192
2015-07-22T08:13:40.000000Z,129.209,129.188
2015-07-22T08:13:45.000000Z,129.21,129.192
2015-07-22T08:13:50.000000Z,129.208,129.187
2015-07-22T08:13:55.000000Z,129.207,129.184
2015-07-22T08:14:00.000000Z,129.207,129.186
2015-07-22T08:14:05.000000Z,129.209,129.189
2015-07-22T08:14:10.000000Z,129.206,129.184
2015-07-22T08:14:15.000000Z,129.22,129.196
2015-07-22T08:14:20.000000Z,129.223,129.195
2015-07-22T08:14:25.000000Z,129.225,129.197
2015-07-22T08:14:30.000000Z,129.243,129.215
2015-07-22T08:14:35.000000Z,129.244,129.222
2015-07-22T08:14:40.000000Z,129.244,129.22
2015-07-22T08:14:45.000000Z,129.246,129.222
2015-07-22T08:14:50.000000Z,129.246,129.221
2015-07-22T08:14:55.000000Z,129.246,129.22
2015-07-22T08:15:00.000000Z,129.247,129.224
2015-07-22T08:15:05.000000Z,129.251,129.225
2015-07-22T08:15:10.000000Z,129.245,129.22
2015-07-22T08:15:15.000000Z,129.239,129.216
2015-07-22T08:15:20.000000Z,129.239,129.218
2015-07-22T08:15:25.000000Z,129.242,129.224
2015-07-22T08:15:30.000000Z,129.244,129.223
2015-07-22T08:15:40.000000Z,129.245,129.225
2015-07-22T08:15:45.000000Z,129.239,129.219
2015-07-22T08:15:50.000000Z,129.229,129.209
2015-07-22T08:15:55.000000Z,129.233,129.209
2015-07-22T08:16:00.000000Z,129.234,129.216
2015-07-22T08:16:05.000000Z,129.224,129.197
2015-07-22T08:16:10.000000Z,129.229,129.204
2015-07-22T08:16:15.000000Z,129.224,129.199
2015-07-22T08:16:20.000000Z,129.224,129.197
2015-07-22T08:16:25.000000Z,129.226,129.198
2015-07-22T08:16:30.000000Z,129.222,129.195
2015-07-22T08:16:35.000000Z,129.227,129.199
2015-07-22T08:16:40.000000Z,129.217,129.186
2015-07-22T08:16:45.000000Z,129.217,129.185
2015-07-22T08:16:50.000000Z,129.217,129.187
2015-07-22T08:16:55.000000Z,129.213,129.185
2015-07-22T08:17:00.000000Z,129.214,129.188
2015-07-22T08:17:05.000000Z,129.221,129.194
2015-07-22T08:17:10.000000Z,129.225,129.199
2015-07-22T08:17:15.000000Z,129.224,129.199
2015-07-22T08:17:20.000000Z,129.227,129.2
2015-07-22T08:17:25.000000Z,129.223,129.195
2015-07-22T08:17:30.000000Z,129.219,129.188
2015-07-22T08:17:35.000000Z,129.22,129.192
2015-07-22T08:17:40.000000Z,129.227,129.193
2015-07-22T08:17:45.000000Z,129.219,129.193
2015-07-22T08:17:55.000000Z,129.218,129.187
2015-07-22T08:18:00.000000Z,129.21,129.183
2015-07-22T08:18:05.000000Z,129.207,129.183
2015-07-22T08:18:10.000000Z,129.207,129.182
2015-07-22T08:18:15.000000Z,129.209,129.182
2015-07-22T08:18:20.000000Z,129.202,129.177
2015-07-22T08:18:25.000000Z,129.213,129.181
2015-07-22T08:18:30.000000Z,129.199,129.172
2015-07-22T08:18:35.000000Z,129.2,129.173
2015-07-22T08:18:40.000000Z,129.203,129.178
2015-07-22T08:18:45.000000Z,129.198,129.169
2015-07-22T08:18:50.000000Z,129.196,129.169
2015-07-22T08:18:55.000000Z,129.204,129.177
2015-07-22T08:19:00.000000Z,129.204,129.178
2015-07-22T08:19:05.000000Z,129.213,129.188
2015-07-22T08:19:10.000000Z,129.212,129.184
2015-07-22T08:19:15.000000Z,129.212,129.186
2015-07-22T08:19:20.000000Z,129.212,129.186
2015-07-22T08:19:25.000000Z,129.217,129.188
2015-07-22T08:19:30.000000Z,129.218,129.192
2015-07-22T08:19:35.000000Z,129.218,129.188
2015-07-22T08:19:40.000000Z,129.241,129.215
2015-07-22T08:19:45.000000Z,129.245,129.22
2015-07-22T08:19:50.000000Z,129.24,129.211
2015-07-22T08:19:55.000000Z,129.238,129.213
2015-07-22T08:20:00.000000Z,129.237,129.206
2015-07-22T08:20:05.000000Z,129.227,129.195
2015-07-22T08:20:10.000000Z,129.221,129.188
2015-07-22T08:20:15.000000Z,129.216,129.189
2015-07-22T08:20:25.000000Z,129.216,129.187
2015-07-22T08:20:30.000000Z,129.224,129.197
2015-07-22T08:20:35.000000Z,129.223,129.19
2015-07-22T08:20:40.000000Z,129.218,129.193
2015-07-22T08:20:45.000000Z,129.214,129.188
2015-07-22T08:20:50.000000Z,129.223,129.192
2015-07-22T08:20:55.000000Z,129.226,129.2
2015-07-22T08:21:00.000000Z,129.225,129.2
2015-07-22T08:21:05.000000Z,129.227,129.201
2015-07-22T08:21:10.000000Z,129.231,129.204
2015-07-22T08:21:15.000000Z,129.218,129.19
2015-07-22T08:21:20.000000Z,129.212,129.186
2015-07-22T08:21:25.000000Z,129.212,129.187
2015-07-22T08:21:30.000000Z,129.212,129.186
2015-07-22T08:21:35.000000Z,129.212,129.187
2015-07-22T08:21:40.000000Z,129.212,129.188
2015-07-22T08:21:45.000000Z,129.213,129.188
2015-07-22T08:21:55.000000Z,129.217,129.19
2015-07-22T08:22:00.000000Z,129.214,129.187
2015-07-22T08:22:05.000000Z,129.215,129.19
2015-07-22T08:22:10.000000Z,129.215,129.189
2015-07-22T08:22:20.000000Z,129.215,129.185
2015-07-22T08:22:25.000000Z,129.211,129.186
2015-07-22T08:22:30.000000Z,129.215,129.187
2015-07-22T08:22:40.000000Z,129.226,129.196
2015-07-22T08:22:45.000000Z,129.226,129.199
2015-07-22T08:22:50.000000Z,129.239,129.208
2015-07-22T08:22:55.000000Z,129.236,129.209
2015-07-22T08:23:00.000000Z,129.237,129.21
2015-07-22T08:23:05.000000Z,129.236,129.212
2015-07-22T08:23:10.000000Z,129.247,129.221
2015-07-22T08:23:15.000000Z,129.245,129.216
2015-07-22T08:23:20.000000Z,129.243,129.214
2015-07-22T08:23:25.000000Z,129.239,129.209
2015-07-22T08:23:30.000000Z,129.229,129.202
2015-07-22T08:23:35.000000Z,129.229,129.204
2015-07-22T08:23:40.000000Z,129.229,129.205
2015-07-22T08:23:45.000000Z,129.226,129.2
2015-07-22T08:23:50.000000Z,129.225,129.201
2015-07-22T08:23:55.000000Z,129.225,129.197
2015-07-22T08:24:00.000000Z,129.223,129.194
2015-07-22T08:24:05.000000Z,129.22,129.195
2015-07-22T08:24:10.000000Z,129.203,129.174
2015-07-22T08:24:15.000000Z,129.21,129.183
2015-07-22T08:24:20.000000Z,129.209,129.179
2015-07-22T08:24:25.000000Z,129.203,129.178
2015-07-22T08:24:30.000000Z,129.202,129.176
2015-07-22T08:24:35.000000Z,129.206,129.18
2015-07-22T08:24:40.000000Z,129.205,129.178
2015-07-22T08:24:50.000000Z,129.202,129.176
2015-07-22T08:24:55.000000Z,129.205,129.18
2015-07-22T08:25:00.000000Z,129.209,129.18
2015-07-22T08:25:05.000000Z,129.204,129.179
2015-07-22T08:25:10.000000Z,129.206,129.174
2015-07-22T08:25:15.000000Z,129.2,129.174
2015-07-22T08:25:20.000000Z,129.201,129.174
2015-07-22T08:25:25.000000Z,129.216,129.187
2015-07-22T08:25:30.000000Z,129.224,129.195
2015-07-22T08:25:35.000000Z,129.266,129.225
2015-07-22T08:25:40.000000Z,129.263,129.233
2015-07-22T08:25:45.000000Z,129.278,129.25
2015-07-22T08:25:50.000000Z,129.276,129.245
2015-07-22T08:25:55.000000Z,129.276,129.247
2015-07-22T08:26:00.000000Z,129.276,129.25
2015-07-22T08:26:05.000000Z,129.276,129.252
2015-07-22T08:26:10.000000Z,129.283,129.252
2015-07-22T08:26:15.000000Z,129.289,129.262
2015-07-22T08:26:20.000000Z,129.296,129.266
2015-07-22T08:26:25.000000Z,129.285,129.252
2015-07-22T08:26:30.000000Z,129.285,129.251
2015-07-22T08:26:35.000000Z,129.278,129.246
2015-07-22T08:26:40.000000Z,129.275,129.247
2015-07-22T08:26:45.000000Z,129.279,129.253
2015-07-22T08:26:50.000000Z,129.286,129.256
2015-07-22T08:26:55.000000Z,129.28,129.251
2015-07-22T08:27:00.000000Z,129.268,129.24
2015-07-22T08:27:05.000000Z,129.272,129.248
2015-07-22T08:27:10.000000Z,129.272,129.241
2015-07-22T08:27:15.000000Z,129.269,129.243
2015-07-22T08:27:20.000000Z,129.265,129.237
2015-07-22T08:27:30.000000Z,129.269,129.235
2015-07-22T08:27:35.000000Z,129.267,129.236
2015-07-22T08:27:40.000000Z,129.267,129.238
2015-07-22T08:27:45.000000Z,129.269,129.241
2015-07-22T08:27:50.000000Z,129.258,129.226
2015-07-22T08:27:55.000000Z,129.247,129.22
2015-07-22T08:28:00.000000Z,129.247,129.22
2015-07-22T08:28:05.000000Z,129.249,129.221
2015-07-22T08:28:10.000000Z,129.238,129.202
2015-07-22T08:28:15.000000Z,129.238,129.207
2015-07-22T08:28:20.000000Z,129.212,129.18
2015-07-22T08:28:25.000000Z,129.211,129.186
2015-07-22T08:28:30.000000Z,129.21,129.182
2015-07-22T08:28:35.000000Z,129.21,129.179
2015-07-22T08:28:40.000000Z,129.21,129.18
2015-07-22T08:28:50.000000Z,129.208,129.181
2015-07-22T08:28:55.000000Z,129.206,129.179
2015-07-22T08:29:00.000000Z,129.204,129.179
2015-07-22T08:29:05.000000Z,129.206,129.178
2015-07-22T08:29:10.000000Z,129.206,129.182
2015-07-22T08:29:15.000000Z,129.209,129.183
2015-07-22T08:29:20.000000Z,129.204,129.179
2015-07-22T08:29:25.000000Z,129.212,129.183
2015-07-22T08:29:30.000000Z,129.219,129.191
2015-07-22T08:29:35.000000Z,129.221,129.193
2015-07-22T08:29:40.000000Z,129.221,129.191
2015-07-22T08:29:45.000000Z,129.221,129.189
2015-07-22T08:29:50.000000Z,129.222,129.191
2015-07-22T08:29:55.000000Z,129.218,129.194
2015-07-22T08:30:00.000000Z,129.209,129.18
2015-07-22T08:30:05.000000Z,129.204,129.169
2015-07-22T08:30:10.000000Z,129.202,129.171
2015-07-22T08:30:15.000000Z,129.207,129.174
2015-07-22T08:30:20.000000Z,129.217,129.19
2015-07-22T08:30:25.000000Z,129.215,129.186
2015-07-22T08:30:30.000000Z,129.21,129.186
2015-07-22T08:30:35.000000Z,129.214,129.187
2015-07-22T08:30:40.000000Z,129.208,129.181
2015-07-22T08:30:45.000000Z,129.224,129.194
2015-07-22T08:30:50.000000Z,129.213,129.187
2015-07-22T08:30:55.000000Z,129.214,129.189
2015-07-22T08:31:00.000000Z,129.199,129.171
2015-07-22T08:31:05.000000Z,129.209,129.18
2015-07-22T08:31:10.000000Z,129.215,129.189
2015-07-22T08:31:15.000000Z,129.208,129.176
2015-07-22T08:31:20.000000Z,129.209,129.173
2015-07-22T08:31:25.000000Z,129.2,129.169
2015-07-22T08:31:30.000000Z,129.184,129.156
2015-07-22T08:31:35.000000Z,129.184,129.149
2015-07-22T08:31:40.000000Z,129.183,129.157
2015-07-22T08:31:45.000000Z,129.188,129.163
2015-07-22T08:31:50.000000Z,129.192,129.162
2015-07-22T08:31:55.000000Z,129.181,129.144
2015-07-22T08:32:00.000000Z,129.185,129.155
2015-07-22T08:32:05.000000Z,129.18,129.152
2015-07-22T08:32:10.000000Z,129.182,129.153
2015-07-22T08:32:15.000000Z,129.196,129.166
2015-07-22T08:32:20.000000Z,129.198,129.166
2015-07-22T08:32:25.000000Z,129.201,129.173
2015-07-22T08:32:30.000000Z,129.204,129.166
2015-07-22T08:32:35.000000Z,129.213,129.18
2015-07-22T08:32:40.000000Z,129.212,129.183
2015-07-22T08:32:45.000000Z,129.213,129.181
2015-07-22T08:32:50.000000Z,129.212,129.181
2015-07-22T08:32:55.000000Z,129.207,129.173
2015-07-22T08:33:00.000000Z,129.206,129.176
2015-07-22T08:33:05.000000Z,129.209,129.179
2015-07-22T08:33:10.000000Z,129.217,129.185
2015-07-22T08:33:15.000000Z,129.218,129.187
2015-07-22T08:33:20.000000Z,129.213,129.183
2015-07-22T08:33:25.000000Z,129.213,129.183
2015-07-22T08:33:30.000000Z,129.207,129.178
2015-07-22T08:33:35.000000Z,129.203,129.172
2015-07-22T08:33:40.000000Z,129.207,129.175
2015-07-22T08:33:45.000000Z,129.203,129.178
2015-07-22T08:33:50.000000Z,129.205,129.177
2015-07-22T08:33:55.000000Z,129.208,129.176
2015-07-22T08:34:00.000000Z,129.21,129.179
2015-07-22T08:34:05.000000Z,129.213,129.179
2015-07-22T08:34:10.000000Z,129.211,129.179
2015-07-22T08:34:15.000000Z,129.207,129.177
2015-07-22T08:34:20.000000Z,129.198,129.169
2015-07-22T08:34:25.000000Z,129.203,129.175
2015-07-22T08:34:30.000000Z,129.206,129.181
2015-07-22T08:34:35.000000Z,129.207,129.178
2015-07-22T08:34:40.000000Z,129.214,129.18
2015-07-22T08:34:45.000000Z,129.208,129.18
2015-07-22T08:34:50.000000Z,129.197,129.169
2015-07-22T08:34:55.000000Z,129.197,129.168
2015-07-22T08:35:00.000000Z,129.205,129.178
2015-07-22T08:35:05.000000Z,129.209,129.182
2015-07-22T08:35:10.000000Z,129.207,129.182
2015-07-22T08:35:15.000000Z,129.206,129.177
2015-07-22T08:35:20.000000Z,129.207,129.177
2015-07-22T08:35:25.000000Z,129.207,129.179
2015-07-22T08:35:30.000000Z,129.221,129.195
2015-07-22T08:35:35.000000Z,129.217,129.185
2015-07-22T08:35:40.000000Z,129.218,129.189
2015-07-22T08:35:45.000000Z,129.216,129.192
2015-07-22T08:35:50.000000Z,129.211,129.183
2015-07-22T08:35:55.000000Z,129.214,129.184
2015-07-22T08:36:00.000000Z,129.21,129.182
2015-07-22T08:36:05.000000Z,129.222,129.191
2015-07-22T08:36:10.000000Z,129.218,129.191
2015-07-22T08:36:15.000000Z,129.219,129.192
2015-07-22T08:36:20.000000Z,129.231,129.198
2015-07-22T08:36:25.000000Z,129.229,129.199
2015-07-22T08:36:30.000000Z,129.23,129.198
2015-07-22T08:36:35.000000Z,129.229,129.198
2015-07-22T08:36:40.000000Z,129.229,129.198
2015-07-22T08:36:45.000000Z,129.243,129.214
2015-07-22T08:36:50.000000Z,129.25,129.217
2015-07-22T08:36:55.000000Z,129.248,129.22
2015-07-22T08:37:00.000000Z,129.264,129.233
2015-07-22T08:37:05.000000Z,129.261,129.232
2015-07-22T08:37:10.000000Z,129.262,129.232
2015-07-22T08:37:15.000000Z,129.252,129.224
2015-07-22T08:37:20.000000Z,129.263,129.232
2015-07-22T08:37:25.000000Z,129.227,129.185
2015-07-22T08:37:30.000000Z,129.224,129.196
2015-07-22T08:37:35.000000Z,129.225,129.196
2015-07-22T08:37:40.000000Z,129.226,129.205
2015-07-22T08:37:45.000000Z,129.226,129.202
2015-07-22T08:37:55.000000Z,129.229,129.21
2015-07-22T08:38:00.000000Z,129.232,129.205
2015-07-22T08:38:10.000000Z,129.242,129.215
2015-07-22T08:38:15.000000Z,129.234,129.204
2015-07-22T08:38:20.000000Z,129.232,129.207
2015-07-22T08:38:30.000000Z,129.233,129.207
2015-07-22T08:38:35.000000Z,129.227,129.204
2015-07-22T08:38:40.000000Z,129.24,129.215
2015-07-22T08:38:45.000000Z,129.24,129.215
2015-07-22T08:38:50.000000Z,129.245,129.215
2015-07-22T08:38:55.000000Z,129.242,129.22
2015-07-22T08:39:00.000000Z,129.257,129.229
2015-07-22T08:39:05.000000Z,129.255,129.23
2015-07-22T08:39:15.000000Z,129.254,129.226
2015-07-22T08:39:20.000000Z,129.249,129.226
2015-07-22T08:39:25.000000Z,129.216,129.194
2015-07-22T08:39:30.000000Z,129.214,129.19
2015-07-22T08:39:35.000000Z,129.22,129.194
2015-07-22T08:39:40.000000Z,129.228,129.206
2015-07-22T08:39:45.000000Z,129.228,129.207
2015-07-22T08:39:50.000000Z,129.227,129.203
2015-07-22T08:39:55.000000Z,129.236,129.211
2015-07-22T08:40:00.000000Z,129.237,129.209
2015-07-22T08:40:05.000000Z,129.24,129.211
2015-07-22T08:40:10.000000Z,129.242,129.217
2015-07-22T08:40:15.000000Z,129.238,129.212
2015-07-22T08:40:25.000000Z,129.239,129.209
2015-07-22T08:40:30.000000Z,129.249,129.222
2015-07-22T08:40:35.000000Z,129.256,129.232
2015-07-22T08:40:40.000000Z,129.258,129.227
2015-07-22T08:40:45.000000Z,129.251,129.225
2015-07-22T08:40:50.000000Z,129.254,129.229
2015-07-22T08:40:55.000000Z,129.259,129.233
2015-07-22T08:41:00.000000Z,129.255,129.229
2015-07-22T08:41:05.000000Z,129.257,129.228
2015-07-22T08:41:10.000000Z,129.255,129.23
2015-07-22T08:41:15.000000Z,129.255,129.225
2015-07-22T08:41:20.000000Z,129.248,129.222
2015-07-22T08:41:30.000000Z,129.245,129.22
2015-07-22T08:41:40.000000Z,129.259,129.234
2015-07-22T08:41:45.000000Z,129.267,129.235
2015-07-22T08:41:50.000000Z,129.269,129.243
2015-07-22T08:41:55.000000Z,129.261,129.235
2015-07-22T08:42:00.000000Z,129.258,129.226
2015-07-22T08:42:05.000000Z,129.255,129.228
2015-07-22T08:42:10.000000Z,129.253,129.228
2015-07-22T08:42:15.000000Z,129.251,129.223
2015-07-22T08:42:20.000000Z,129.249,129.223
2015-07-22T08:42:25.000000Z,129.269,129.229
2015-07-22T08:42:30.000000Z,129.27,129.244
2015-07-22T08:42:35.000000Z,129.268,129.237
2015-07-22T08:42:40.000000Z,129.26,129.226
2015-07-22T08:42:45.000000Z,129.255,129.224
2015-07-22T08:42:50.000000Z,129.255,129.228
2015-07-22T08:42:55.000000Z,129.262,129.232
2015-07-22T08:43:00.000000Z,129.255,129.231
2015-07-22T08:43:05.000000Z,129.263,129.23
2015-07-22T08:43:10.000000Z,129.258,129.228
2015-07-22T08:43:15.000000Z,129.253,129.228
2015-07-22T08:43:20.000000Z,129.255,129.228
2015-07-22T08:43:25.000000Z,129.254,129.225
2015-07-22T08:43:30.000000Z,129.25,129.225
2015-07-22T08:43:35.000000Z,129.249,129.225
2015-07-22T08:43:40.000000Z,129.25,129.223
2015-07-22T08:43:45.000000Z,129.251,129.226
2015-07-22T08:43:50.000000Z,129.228,129.202
2015-07-22T08:43:55.000000Z,129.247,129.218
2015-07-22T08:44:00.000000Z,129.253,129.219
2015-07-22T08:44:05.000000Z,129.253,129.218
2015-07-22T08:44:10.000000Z,129.248,129.221
2015-07-22T08:44:15.000000Z,129.245,129.217
2015-07-22T08:44:20.000000Z,129.253,129.223
2015-07-22T08:44:25.000000Z,129.254,129.225
2015-07-22T08:44:30.000000Z,129.252,129.227
2015-07-22T08:44:35.000000Z,129.25,129.221
2015-07-22T08:44:40.000000Z,129.251,129.221
2015-07-22T08:44:50.000000Z,129.252,129.221
2015-07-22T08:44:55.000000Z,129.25,129.221
2015-07-22T08:45:00.000000Z,129.226,129.2
2015-07-22T08:45:05.000000Z,129.229,129.192
2015-07-22T08:45:10.000000Z,129.239,129.209
2015-07-22T08:45:15.000000Z,129.236,129.204
2015-07-22T08:45:20.000000Z,129.239,129.209
2015-07-22T08:45:25.000000Z,129.239,129.205
2015-07-22T08:45:30.000000Z,129.234,129.21
2015-07-22T08:45:35.000000Z,129.232,129.207
2015-07-22T08:45:40.000000Z,129.213,129.183
2015-07-22T08:45:45.000000Z,129.211,129.185
2015-07-22T08:45:50.000000Z,129.211,129.186
2015-07-22T08:45:55.000000Z,129.24,129.207
2015-07-22T08:46:00.000000Z,129.236,129.206
2015-07-22T08:46:05.000000Z,129.24,129.214
2015-07-22T08:46:10.000000Z,129.232,129.207
2015-07-22T08:46:15.000000Z,129.232,129.205
2015-07-22T08:46:20.000000Z,129.231,129.206
2015-07-22T08:46:25.000000Z,129.231,129.206
2015-07-22T08:46:30.000000Z,129.23,129.206
2015-07-22T08:46:35.000000Z,129.228,129.206
2015-07-22T08:46:40.000000Z,129.223,129.202
2015-07-22T08:46:45.000000Z,129.219,129.195
2015-07-22T08:46:50.000000Z,129.22,129.198
2015-07-22T08:46:55.000000Z,129.214,129.196
2015-07-22T08:47:00.000000Z,129.229,129.2
2015-07-22T08:47:05.000000Z,129.226,129.2
2015-07-22T08:47:15.000000Z,129.224,129.2
2015-07-22T08:47:20.000000Z,129.217,129.192
2015-07-22T08:47:25.000000Z,129.218,129.193
2015-07-22T08:47:30.000000Z,129.222,129.197
2015-07-22T08:47:35.000000Z,129.225,129.197
2015-07-22T08:47:40.000000Z,129.227,129.197
2015-07-22T08:47:45.000000Z,129.234,129.203
2015-07-22T08:47:50.000000Z,129.237,129.209
2015-07-22T08:47:55.000000Z,129.248,129.217
2015-07-22T08:48:00.000000Z,129.255,129.217
2015-07-22T08:48:05.000000Z,129.256,129.219
2015-07-22T08:48:10.000000Z,129.258,129.221
2015-07-22T08:48:15.000000Z,129.242,129.209
2015-07-22T08:48:20.000000Z,129.241,129.212
2015-07-22T08:48:25.000000Z,129.241,129.216
2015-07-22T08:48:30.000000Z,129.241,129.214
2015-07-22T08:48:35.000000Z,129.247,129.217
2015-07-22T08:48:40.000000Z,129.245,129.216
2015-07-22T08:48:45.000000Z,129.253,129.224
2015-07-22T08:48:50.000000Z,129.249,129.224
2015-07-22T08:48:55.000000Z,129.249,129.222
2015-07-22T08:49:05.000000Z,129.249,129.224
2015-07-22T08:49:10.000000Z,129.23,129.202
2015-07-22T08:49:15.000000Z,129.227,129.201
2015-07-22T08:49:20.000000Z,129.23,129.2
2015-07-22T08:49:25.000000Z,129.226,129.2
2015-07-22T08:49:30.000000Z,129.224,129.2
2015-07-22T08:49:35.000000Z,129.226,129.2
2015-07-22T08:49:40.000000Z,129.23,129.202
2015-07-22T08:49:45.000000Z,129.231,129.202
2015-07-22T08:49:50.000000Z,129.237,129.204
2015-07-22T08:49:55.000000Z,129.223,129.197
2015-07-22T08:50:00.000000Z,129.224,129.193
2015-07-22T08:50:05.000000Z,129.216,129.183
2015-07-22T08:50:10.000000Z,129.215,129.185
2015-07-22T08:50:15.000000Z,129.216,129.182
2015-07-22T08:50:20.000000Z,129.218,129.188
2015-07-22T08:50:25.000000Z,129.199,129.165
2015-07-22T08:50:30.000000Z,129.182,129.152
2015-07-22T08:50:35.000000Z,129.193,129.165
2015-07-22T08:50:40.000000Z,129.19,129.16
2015-07-22T08:50:45.000000Z,129.202,129.166
2015-07-22T08:50:50.000000Z,129.202,129.174
2015-07-22T08:50:55.000000Z,129.201,129.174
2015-07-22T08:51:00.000000Z,129.207,129.174
2015-07-22T08:51:05.000000Z,129.208,129.174
2015-07-22T08:51:10.000000Z,129.196,129.162
2015-07-22T08:51:15.000000Z,129.19,129.162
2015-07-22T08:51:20.000000Z,129.19,129.16
2015-07-22T08:51:25.000000Z,129.188,129.16
2015-07-22T08:51:30.000000Z,129.189,129.158
2015-07-22T08:51:35.000000Z,129.187,129.158
2015-07-22T08:51:40.000000Z,129.183,129.158
2015-07-22T08:51:45.000000Z,129.179,129.158
2015-07-22T08:51:50.000000Z,129.181,129.158
2015-07-22T08:51:55.000000Z,129.182,129.158
2015-07-22T08:52:00.000000Z,129.179,129.156
2015-07-22T08:52:10.000000Z,129.178,129.156
2015-07-22T08:52:15.000000Z,129.179,129.155
2015-07-22T08:52:20.000000Z,129.178,129.156
2015-07-22T08:52:25.000000Z,129.182,129.158
2015-07-22T08:52:30.000000Z,129.183,129.156
2015-07-22T08:52:35.000000Z,129.177,129.145
2015-07-22T08:52:40.000000Z,129.18,129.151
2015-07-22T08:52:45.000000Z,129.176,129.156
2015-07-22T08:52:55.000000Z,129.176,129.155
2015-07-22T08:53:00.000000Z,129.179,129.151
2015-07-22T08:53:05.000000Z,129.178,129.153
2015-07-22T08:53:10.000000Z,129.17,129.143
2015-07-22T08:53:15.000000Z,129.173,129.146
2015-07-22T08:53:20.000000Z,129.175,129.146
2015-07-22T08:53:25.000000Z,129.17,129.146
2015-07-22T08:53:30.000000Z,129.17,129.146
2015-07-22T08:53:35.000000Z,129.173,129.142
2015-07-22T08:53:40.000000Z,129.172,129.141
2015-07-22T08:53:45.000000Z,129.161,129.132
2015-07-22T08:53:50.000000Z,129.162,129.132
2015-07-22T08:54:00.000000Z,129.152,129.128
2015-07-22T08:54:05.000000Z,129.154,129.123
2015-07-22T08:54:10.000000Z,129.146,129.115
2015-07-22T08:54:15.000000Z,129.14,129.109
2015-07-22T08:54:20.000000Z,129.126,129.1
2015-07-22T08:54:25.000000Z,129.131,129.102
2015-07-22T08:54:30.000000Z,129.134,129.106
2015-07-22T08:54:35.000000Z,129.126,129.101
2015-07-22T08:54:40.000000Z,129.138,129.105
2015-07-22T08:54:50.000000Z,129.151,129.122
2015-07-22T08:54:55.000000Z,129.159,129.129
2015-07-22T08:55:00.000000Z,129.151,129.125
2015-07-22T08:55:05.000000Z,129.153,129.129
2015-07-22T08:55:10.000000Z,129.147,129.12
2015-07-22T08:55:15.000000Z,129.146,129.118
2015-07-22T08:55:20.000000Z,129.144,129.119
2015-07-22T08:55:25.000000Z,129.149,129.122
2015-07-22T08:55:30.000000Z,129.153,129.127
2015-07-22T08:55:35.000000Z,129.164,129.135
2015-07-22T08:55:40.000000Z,129.14,129.115
2015-07-22T08:55:45.000000Z,129.129,129.097
2015-07-22T08:55:50.000000Z,129.111,129.084
2015-07-22T08:55:55.000000Z,129.11,129.082
2015-07-22T08:56:00.000000Z,129.11,129.086
2015-07-22T08:56:05.000000Z,129.113,129.086
2015-07-22T08:56:10.000000Z,129.116,129.088
2015-07-22T08:56:15.000000Z,129.116,129.085
2015-07-22T08:56:20.000000Z,129.117,129.092
2015-07-22T08:56:25.000000Z,129.124,129.092
2015-07-22T08:56:30.000000Z,129.131,129.1
2015-07-22T08:56:35.000000Z,129.136,129.101
2015-07-22T08:56:40.000000Z,129.129,129.1
2015-07-22T08:56:45.000000Z,129.134,129.103
2015-07-22T08:56:50.000000Z,129.137,129.111
2015-07-22T08:56:55.000000Z,129.135,129.11
2015-07-22T08:57:00.000000Z,129.138,129.111
2015-07-22T08:57:05.000000Z,129.14,129.111
2015-07-22T08:57:10.000000Z,129.14,129.115
2015-07-22T08:57:15.000000Z,129.142,129.116
2015-07-22T08:57:20.000000Z,129.144,129.116
2015-07-22T08:57:25.000000Z,129.14,129.113
2015-07-22T08:57:30.000000Z,129.142,129.11
2015-07-22T08:57:35.000000Z,129.143,129.111
2015-07-22T08:57:40.000000Z,129.154,129.12
2015-07-22T08:57:45.000000Z,129.156,129.13
2015-07-22T08:57:50.000000Z,129.158,129.133
2015-07-22T08:58:00.000000Z,129.159,129.126
2015-07-22T08:58:05.000000Z,129.158,129.124
2015-07-22T08:58:10.000000Z,129.163,129.129
2015-07-22T08:58:15.000000Z,129.168,129.136
2015-07-22T08:58:20.000000Z,129.171,129.146
2015-07-22T08:58:25.000000Z,129.173,129.144
2015-07-22T08:58:30.000000Z,129.176,129.148
2015-07-22T08:58:35.000000Z,129.175,129.149
2015-07-22T08:58:40.000000Z,129.184,129.157
2015-07-22T08:58:45.000000Z,129.187,129.153
2015-07-22T08:58:50.000000Z,129.191,129.156
2015-07-22T08:58:55.000000Z,129.183,129.151
2015-07-22T08:59:00.000000Z,129.181,129.153
2015-07-22T08:59:05.000000Z,129.179,129.149
2015-07-22T08:59:10.000000Z,129.181,129.149
2015-07-22T08:59:15.000000Z,129.179,129.145
2015-07-22T08:59:20.000000Z,129.173,129.148
2015-07-22T08:59:25.000000Z,129.173,129.148
2015-07-22T08:59:30.000000Z,129.158,129.129
2015-07-22T08:59:35.000000Z,129.143,129.107
2015-07-22T08:59:40.000000Z,129.136,129.104
2015-07-22T08:59:45.000000Z,129.137,129.106
2015-07-22T08:59:50.000000Z,129.124,129.094
2015-07-22T08:59:55.000000Z,129.103,129.078
2015-07-22T09:00:00.000000Z,129.106,129.08
2015-07-22T09:00:05.000000Z,129.112,129.084
2015-07-22T09:00:10.000000Z,129.119,129.085
2015-07-22T09:00:15.000000Z,129.118,129.085
2015-07-22T09:00:20.000000Z,129.118,129.085
2015-07-22T09:00:25.000000Z,129.112,129.079
2015-07-22T09:00:30.000000Z,129.105,129.078
2015-07-22T09:00:35.000000Z,129.131,129.086
2015-07-22T09:00:40.000000Z,129.116,129.071
2015-07-22T09:00:45.000000Z,129.122,129.079
2015-07-22T09:00:50.000000Z,129.121,129.086
2015-07-22T09:00:55.000000Z,129.12,129.087
2015-07-22T09:01:00.000000Z,129.119,129.086
2015-07-22T09:01:05.000000Z,129.112,129.084
2015-07-22T09:01:10.000000Z,129.114,129.086
2015-07-22T09:01:15.000000Z,129.138,129.09
2015-07-22T09:01:20.000000Z,129.124,129.092
2015-07-22T09:01:25.000000Z,129.125,129.092
2015-07-22T09:01:30.000000Z,129.125,129.093
2015-07-22T09:01:35.000000Z,129.123,129.095
2015-07-22T09:01:40.000000Z,129.121,129.095
2015-07-22T09:01:45.000000Z,129.124,129.1
2015-07-22T09:01:50.000000Z,129.129,129.101
2015-07-22T09:02:00.000000Z,129.119,129.09
2015-07-22T09:02:05.000000Z,129.117,129.09
2015-07-22T09:02:10.000000Z,129.12,129.088
2015-07-22T09:02:15.000000Z,129.13,129.084
2015-07-22T09:02:20.000000Z,129.135,129.09
2015-07-22T09:02:25.000000Z,129.137,129.096
2015-07-22T09:02:30.000000Z,129.134,129.1
2015-07-22T09:02:35.000000Z,129.142,129.103
2015-07-22T09:02:40.000000Z,129.145,129.104
2015-07-22T09:02:45.000000Z,129.141,129.117
2015-07-22T09:02:50.000000Z,129.148,129.117
2015-07-22T09:02:55.000000Z,129.146,129.118
2015-07-22T09:03:00.000000Z,129.142,129.107
2015-07-22T09:03:05.000000Z,129.138,129.108
2015-07-22T09:03:10.000000Z,129.133,129.102
2015-07-22T09:03:15.000000Z,129.143,129.112
2015-07-22T09:03:20.000000Z,129.145,129.116
2015-07-22T09:03:25.000000Z,129.143,129.116
2015-07-22T09:03:30.000000Z,129.132,129.107
2015-07-22T09:03:35.000000Z,129.121,129.089
2015-07-22T09:03:40.000000Z,129.121,129.09
2015-07-22T09:03:45.000000Z,129.124,129.097
2015-07-22T09:03:50.000000Z,129.127,129.1
2015-07-22T09:03:55.000000Z,129.126,129.099
2015-07-22T09:04:00.000000Z,129.124,129.096
2015-07-22T09:04:05.000000Z,129.119,129.093
2015-07-22T09:04:10.000000Z,129.119,129.095
2015-07-22T09:04:15.000000Z,129.121,129.096
2015-07-22T09:04:20.000000Z,129.121,129.094
2015-07-22T09:04:25.000000Z,129.126,129.098
2015-07-22T09:04:30.000000Z,129.126,129.1
2015-07-22T09:04:35.000000Z,129.122,129.094
2015-07-22T09:04:40.000000Z,129.122,129.098
2015-07-22T09:04:50.000000Z,129.122,129.097
2015-07-22T09:04:55.000000Z,129.124,129.098
2015-07-22T09:05:00.000000Z,129.132,129.092
2015-07-22T09:05:05.000000Z,129.129,129.093
2015-07-22T09:05:10.000000Z,129.131,129.094
2015-07-22T09:05:20.000000Z,129.133,129.094
2015-07-22T09:05:25.000000Z,129.133,129.092
2015-07-22T09:05:30.000000Z,129.131,129.097
2015-07-22T09:05:35.000000Z,129.13,129.097
2015-07-22T09:05:40.000000Z,129.128,129.096
2015-07-22T09:05:45.000000Z,129.128,129.096
2015-07-22T09:05:50.000000Z,129.131,129.096
2015-07-22T09:05:55.000000Z,129.128,129.095
2015-07-22T09:06:00.000000Z,129.126,129.098
2015-07-22T09:06:05.000000Z,129.118,129.089
2015-07-22T09:06:10.000000Z,129.125,129.091
2015-07-22T09:06:15.000000Z,129.123,129.091
2015-07-22T09:06:20.000000Z,129.128,129.092
2015-07-22T09:06:25.000000Z,129.127,129.094
2015-07-22T09:06:30.000000Z,129.125,129.094
2015-07-22T09:06:35.000000Z,129.123,129.094
2015-07-22T09:06:40.000000Z,129.127,129.092
2015-07-22T09:06:45.000000Z,129.125,129.094
2015-07-22T09:06:50.000000Z,129.123,129.089
2015-07-22T09:07:00.000000Z,129.119,129.089
2015-07-22T09:07:05.000000Z,129.103,129.078
2015-07-22T09:07:10.000000Z,129.107,129.078
2015-07-22T09:07:15.000000Z,129.107,129.079
2015-07-22T09:07:20.000000Z,129.12,129.095
2015-07-22T09:07:25.000000Z,129.118,129.086
2015-07-22T09:07:30.000000Z,129.113,129.088
2015-07-22T09:07:35.000000Z,129.124,129.097
2015-07-22T09:07:40.000000Z,129.127,129.101
2015-07-22T09:07:45.000000Z,129.127,129.102
2015-07-22T09:07:50.000000Z,129.16,129.126
2015-07-22T09:07:55.000000Z,129.162,129.133
2015-07-22T09:08:00.000000Z,129.151,129.12
2015-07-22T09:08:05.000000Z,129.166,129.137
2015-07-22T09:08:10.000000Z,129.166,129.137
2015-07-22T09:08:15.000000Z,129.16,129.135
2015-07-22T09:08:20.000000Z,129.16,129.131
2015-07-22T09:08:25.000000Z,129.154,129.124
2015-07-22T09:08:30.000000Z,129.147,129.119
2015-07-22T09:08:35.000000Z,129.147,129.119
2015-07-22T09:08:40.000000Z,129.148,129.12
2015-07-22T09:08:45.000000Z,129.141,129.115
2015-07-22T09:08:55.000000Z,129.136,129.111
2015-07-22T09:09:00.000000Z,129.132,129.108
2015-07-22T09:09:05.000000Z,129.138,129.11
2015-07-22T09:09:10.000000Z,129.136,129.107
2015-07-22T09:09:15.000000Z,129.131,129.103
2015-07-22T09:09:20.000000Z,129.131,129.103
2015-07-22T09:09:25.000000Z,129.136,129.11
2015-07-22T09:09:30.000000Z,129.146,129.115
2015-07-22T09:09:35.000000Z,129.154,129.124
2015-07-22T09:09:40.000000Z,129.152,129.126
2015-07-22T09:09:50.000000Z,129.152,129.122
2015-07-22T09:09:55.000000Z,129.149,129.122
2015-07-22T09:10:00.000000Z,129.141,129.112
2015-07-22T09:10:05.000000Z,129.137,129.112
2015-07-22T09:10:10.000000Z,129.139,129.113
2015-07-22T09:10:15.000000Z,129.133,129.101
2015-07-22T09:10:20.000000Z,129.136,129.104
2015-07-22T09:10:25.000000Z,129.134,129.105
2015-07-22T09:10:30.000000Z,129.133,129.102
2015-07-22T09:10:35.000000Z,129.132,129.105
2015-07-22T09:10:40.000000Z,129.125,129.099
2015-07-22T09:10:45.000000Z,129.117,129.092
2015-07-22T09:10:50.000000Z,129.123,129.097
2015-07-22T09:10:55.000000Z,129.126,129.097
2015-07-22T09:11:05.000000Z,129.134,129.102
2015-07-22T09:11:10.000000Z,129.139,129.105
2015-07-22T09:11:15.000000Z,129.14,129.109
2015-07-22T09:11:20.000000Z,129.139,129.105
2015-07-22T09:11:25.000000Z,129.136,129.103
2015-07-22T09:11:30.000000Z,129.138,129.106
2015-07-22T09:11:35.000000Z,129.13,129.1
2015-07-22T09:11:40.000000Z,129.135,129.103
2015-07-22T09:11:45.000000Z,129.127,129.097
2015-07-22T09:11:50.000000Z,129.132,129.097
2015-07-22T09:11:55.000000Z,129.13,129.097
2015-07-22T09:12:00.000000Z,129.134,129.105
2015-07-22T09:12:05.000000Z,129.14,129.108
2015-07-22T09:12:10.000000Z,129.145,129.115
2015-07-22T09:12:15.000000Z,129.146,129.116
2015-07-22T09:12:20.000000Z,129.14,129.105
2015-07-22T09:12:25.000000Z,129.148,129.109
2015-07-22T09:12:30.000000Z,129.145,129.114
2015-07-22T09:12:40.000000Z,129.144,129.117
2015-07-22T09:12:45.000000Z,129.139,129.114
2015-07-22T09:12:50.000000Z,129.138,129.114
2015-07-22T09:12:55.000000Z,129.135,129.104
2015-07-22T09:13:00.000000Z,129.137,129.104
2015-07-22T09:13:05.000000Z,129.141,129.107
2015-07-22T09:13:10.000000Z,129.151,129.118
2015-07-22T09:13:15.000000Z,129.151,129.118
2015-07-22T09:13:20.000000Z,129.153,129.118
2015-07-22T09:13:30.000000Z,129.147,129.121
2015-07-22T09:13:35.000000Z,129.137,129.112
2015-07-22T09:13:45.000000Z,129.134,129.11
2015-07-22T09:13:55.000000Z,129.123,129.099
2015-07-22T09:14:00.000000Z,129.125,129.092
2015-07-22T09:14:05.000000Z,129.133,129.105
2015-07-22T09:14:10.000000Z,129.131,129.105
2015-07-22T09:14:20.000000Z,129.133,129.103
2015-07-22T09:14:25.000000Z,129.135,129.107
2015-07-22T09:14:30.000000Z,129.135,129.109
2015-07-22T09:14:40.000000Z,129.135,129.109
2015-07-22T09:14:45.000000Z,129.135,129.111
2015-07-22T09:14:50.000000Z,129.131,129.099
2015-07-22T09:14:55.000000Z,129.129,129.099
2015-07-22T09:15:00.000000Z,129.131,129.099
2015-07-22T09:15:05.000000Z,129.137,129.113
2015-07-22T09:15:10.000000Z,129.131,129.098
2015-07-22T09:15:15.000000Z,129.137,129.112
2015-07-22T09:15:20.000000Z,129.138,129.114
2015-07-22T09:15:25.000000Z,129.142,129.115
2015-07-22T09:15:30.000000Z,129.136,129.111
2015-07-22T09:15:35.000000Z,129.111,129.076
2015-07-22T09:15:40.000000Z,129.111,129.076
2015-07-22T09:15:45.000000Z,129.115,129.077
2015-07-22T09:15:50.000000Z,129.114,129.077
2015-07-22T09:15:55.000000Z,129.102,129.073
2015-07-22T09:16:00.000000Z,129.102,129.074
2015-07-22T09:16:05.000000Z,129.099,129.069
2015-07-22T09:16:10.000000Z,129.102,129.064
2015-07-22T09:16:15.000000Z,129.102,129.066
2015-07-22T09:16:20.000000Z,129.099,129.066
2015-07-22T09:16:25.000000Z,129.095,129.067
2015-07-22T09:16:30.000000Z,129.098,129.065
2015-07-22T09:16:35.000000Z,129.1,129.069
2015-07-22T09:16:40.000000Z,129.095,129.069
2015-07-22T09:16:45.000000Z,129.09,129.062
2015-07-22T09:16:50.000000Z,129.092,129.062
2015-07-22T09:16:55.000000Z,129.099,129.068
2015-07-22T09:17:00.000000Z,129.103,129.069
2015-07-22T09:17:05.000000Z,129.092,129.056
2015-07-22T09:17:10.000000Z,129.087,129.062
2015-07-22T09:17:15.000000Z,129.096,129.062
2015-07-22T09:17:20.000000Z,129.09,129.062
2015-07-22T09:17:25.000000Z,129.086,129.06
2015-07-22T09:17:40.000000Z,129.086,129.057
2015-07-22T09:17:45.000000Z,129.082,129.055
2015-07-22T09:17:50.000000Z,129.079,129.051
2015-07-22T09:17:55.000000Z,129.076,129.045
2015-07-22T09:18:00.000000Z,129.078,129.042
2015-07-22T09:18:05.000000Z,129.074,129.042
2015-07-22T09:18:10.000000Z,129.073,129.042
2015-07-22T09:18:15.000000Z,129.069,129.042
2015-07-22T09:18:20.000000Z,129.071,129.039
2015-07-22T09:18:25.000000Z,129.072,129.038
2015-07-22T09:18:30.000000Z,129.069,129.038
2015-07-22T09:18:35.000000Z,129.073,129.044
2015-07-22T09:18:40.000000Z,129.08,129.052
2015-07-22T09:18:45.000000Z,129.08,129.056
2015-07-22T09:18:50.000000Z,129.09,129.06
2015-07-22T09:18:55.000000Z,129.094,129.069
2015-07-22T09:19:00.000000Z,129.092,129.065
2015-07-22T09:19:05.000000Z,129.094,129.068
2015-07-22T09:19:10.000000Z,129.109,129.083
2015-07-22T09:19:15.000000Z,129.094,129.065
2015-07-22T09:19:20.000000Z,129.097,129.07
2015-07-22T09:19:25.000000Z,129.099,129.074
2015-07-22T09:19:30.000000Z,129.09,129.066
2015-07-22T09:19:35.000000Z,129.095,129.069
2015-07-22T09:19:40.000000Z,129.098,129.07
2015-07-22T09:19:45.000000Z,129.101,129.07
2015-07-22T09:19:50.000000Z,129.108,129.078
2015-07-22T09:19:55.000000Z,129.099,129.073
2015-07-22T09:20:05.000000Z,129.095,129.067
2015-07-22T09:20:10.000000Z,129.095,129.065
2015-07-22T09:20:15.000000Z,129.096,129.07
2015-07-22T09:20:20.000000Z,129.102,129.076
2015-07-22T09:20:25.000000Z,129.097,129.072
2015-07-22T09:20:30.000000Z,129.097,129.071
2015-07-22T09:20:35.000000Z,129.104,129.076
2015-07-22T09:20:40.000000Z,129.1,129.073
2015-07-22T09:20:45.000000Z,129.103,129.076
2015-07-22T09:20:50.000000Z,129.105,129.076
2015-07-22T09:20:55.000000Z,129.084,129.059
2015-07-22T09:21:00.000000Z,129.086,129.059
2015-07-22T09:21:05.000000Z,129.084,129.056
2015-07-22T09:21:10.000000Z,129.083,129.058
2015-07-22T09:21:15.000000Z,129.078,129.05
2015-07-22T09:21:20.000000Z,129.058,129.035
2015-07-22T09:21:25.000000Z,129.056,129.027
2015-07-22T09:21:30.000000Z,129.056,129.029
2015-07-22T09:21:35.000000Z,129.054,129.026
2015-07-22T09:21:40.000000Z,129.056,129.028
2015-07-22T09:21:45.000000Z,129.04,129.014
2015-07-22T09:21:50.000000Z,129.039,129.008
2015-07-22T09:21:55.000000Z,129.04,129.014
2015-07-22T09:22:00.000000Z,129.041,129.012
2015-07-22T09:22:05.000000Z,129.037,129.011
2015-07-22T09:22:10.000000Z,129.046,129.012
2015-07-22T09:22:15.000000Z,129.036,129.009
2015-07-22T09:22:20.000000Z,129.05,129.023
2015-07-22T09:22:25.000000Z,129.047,129.02
2015-07-22T09:22:30.000000Z,129.052,129.027
2015-07-22T09:22:35.000000Z,129.055,129.027
2015-07-22T09:22:40.000000Z,129.061,129.032
2015-07-22T09:22:45.000000Z,129.06,129.032
2015-07-22T09:22:50.000000Z,129.054,129.026
2015-07-22T09:22:55.000000Z,129.039,129.014
2015-07-22T09:23:00.000000Z,129.047,129.02
2015-07-22T09:23:05.000000Z,129.046,129.02
2015-07-22T09:23:10.000000Z,129.053,129.026
2015-07-22T09:23:15.000000Z,129.068,129.034
2015-07-22T09:23:20.000000Z,129.063,129.037
2015-07-22T09:23:30.000000Z,129.06,129.033
2015-07-22T09:23:35.000000Z,129.064,129.039
2015-07-22T09:23:40.000000Z,129.078,129.054
2015-07-22T09:23:45.000000Z,129.086,129.058
2015-07-22T09:23:50.000000Z,129.082,129.055
2015-07-22T09:23:55.000000Z,129.076,129.05
2015-07-22T09:24:00.000000Z,129.056,129.03
2015-07-22T09:24:05.000000Z,129.053,129.027
2015-07-22T09:24:10.000000Z,129.056,129.027
2015-07-22T09:24:15.000000Z,129.061,129.029
2015-07-22T09:24:20.000000Z,129.062,129.029
2015-07-22T09:24:25.000000Z,129.06,129.03
2015-07-22T09:24:30.000000Z,129.056,129.031
2015-07-22T09:24:40.000000Z,129.056,129.026
2015-07-22T09:24:45.000000Z,129.051,129.026
2015-07-22T09:24:50.000000Z,129.06,129.032
2015-07-22T09:24:55.000000Z,129.053,129.026
2015-07-22T09:25:00.000000Z,129.052,129.026
2015-07-22T09:25:05.000000Z,129.047,129.019
2015-07-22T09:25:10.000000Z,129.049,129.019
2015-07-22T09:25:20.000000Z,129.039,129.012
2015-07-22T09:25:25.000000Z,129.046,129.016
2015-07-22T09:25:30.000000Z,129.038,129.013
2015-07-22T09:25:35.000000Z,129.039,129.007
2015-07-22T09:25:40.000000Z,129.039,129.008
2015-07-22T09:25:45.000000Z,129.039,129.013
2015-07-22T09:25:55.000000Z,129.035,129.005
2015-07-22T09:26:00.000000Z,129.029,128.999
2015-07-22T09:26:15.000000Z,129.034,128.998
2015-07-22T09:26:20.000000Z,129.034,129.002
2015-07-22T09:26:25.000000Z,129.041,129.01
2015-07-22T09:26:30.000000Z,129.031,129.003
2015-07-22T09:26:35.000000Z,129.039,129.01
2015-07-22T09:26:40.000000Z,129.031,129.001
2015-07-22T09:26:45.000000Z,129.027,128.994
2015-07-22T09:26:50.000000Z,129.027,128.994
2015-07-22T09:26:55.000000Z,129.025,128.996
2015-07-22T09:27:00.000000Z,129.024,128.996
2015-07-22T09:27:10.000000Z,129.028,128.996
2015-07-22T09:27:20.000000Z,129.032,129.002
2015-07-22T09:27:25.000000Z,129.035,129.002
2015-07-22T09:27:30.000000Z,129.037,129.007
2015-07-22T09:27:35.000000Z,129.038,129.007
2015-07-22T09:27:40.000000Z,129.035,129.002
2015-07-22T09:27:45.000000Z,129.027,128.996
2015-07-22T09:27:50.000000Z,129.021,128.996
2015-07-22T09:27:55.000000Z,129.021,128.99
2015-07-22T09:28:00.000000Z,129.018,128.989
2015-07-22T09:28:05.000000Z,129.018,128.985
2015-07-22T09:28:10.000000Z,129.022,128.986
2015-07-22T09:28:15.000000Z,129.019,128.985
2015-07-22T09:28:20.000000Z,129.021,128.986
2015-07-22T09:28:25.000000Z,129.024,128.991
2015-07-22T09:28:30.000000Z,129.043,129.015
2015-07-22T09:28:35.000000Z,129.047,129.018
2015-07-22T09:28:40.000000Z,129.05,129.018
2015-07-22T09:28:45.000000Z,129.046,129.016
2015-07-22T09:28:50.000000Z,129.046,129.016
2015-07-22T09:28:55.000000Z,129.05,129.015
2015-07-22T09:29:00.000000Z,129.045,129.016
2015-07-22T09:29:10.000000Z,129.047,129.014
2015-07-22T09:29:15.000000Z,129.047,129.014
2015-07-22T09:29:20.000000Z,129.045,129.014
2015-07-22T09:29:25.000000Z,129.048,129.014
2015-07-22T09:29:30.000000Z,129.047,129.014
2015-07-22T09:29:35.000000Z,129.049,129.014
2015-07-22T09:29:40.000000Z,129.048,129.018
2015-07-22T09:29:45.000000Z,129.041,129.012
2015-07-22T09:29:50.000000Z,129.044,129.019
2015-07-22T09:29:55.000000Z,129.042,129.019
2015-07-22T09:30:00.000000Z,129.037,129.01
2015-07-22T09:30:05.000000Z,129.037,129.008
2015-07-22T09:30:10.000000Z,129.038,129.004
2015-07-22T09:30:15.000000Z,129.038,129.005
2015-07-22T09:30:20.000000Z,129.023,128.996
2015-07-22T09:30:25.000000Z,129.024,128.999
2015-07-22T09:30:30.000000Z,129.021,128.996
2015-07-22T09:30:35.000000Z,129.017,128.987
2015-07-22T09:30:40.000000Z,129.007,128.982
2015-07-22T09:30:45.000000Z,129.01,128.986
2015-07-22T09:30:55.000000Z,129.021,128.99
2015-07-22T09:31:00.000000Z,129.018,128.988
2015-07-22T09:31:05.000000Z,129.025,128.994
2015-07-22T09:31:10.000000Z,129.022,128.997
2015-07-22T09:31:15.000000Z,129.021,128.995
2015-07-22T09:31:20.000000Z,129.023,128.995
2015-07-22T09:31:30.000000Z,129.022,128.995
2015-07-22T09:31:35.000000Z,129.021,128.995
2015-07-22T09:31:40.000000Z,129.019,128.989
2015-07-22T09:31:45.000000Z,129.01,128.98
2015-07-22T09:31:50.000000Z,129.009,128.982
2015-07-22T09:31:55.000000Z,129.014,128.982
2015-07-22T09:32:00.000000Z,129.01,128.979
2015-07-22T09:32:05.000000Z,129.008,128.98
2015-07-22T09:32:10.000000Z,129.004,128.977
2015-07-22T09:32:15.000000Z,129.012,128.987
2015-07-22T09:32:20.000000Z,129.011,128.982
2015-07-22T09:32:25.000000Z,129.01,128.983
2015-07-22T09:32:30.000000Z,129.013,128.983
2015-07-22T09:32:35.000000Z,129.008,128.982
2015-07-22T09:32:40.000000Z,129.013,128.986
2015-07-22T09:32:45.000000Z,129.027,128.992
2015-07-22T09:32:50.000000Z,129.024,128.991
2015-07-22T09:32:55.000000Z,129.024,128.993
2015-07-22T09:33:00.000000Z,129.012,128.985
2015-07-22T09:33:05.000000Z,129.012,128.985
2015-07-22T09:33:10.000000Z,129.024,128.997
2015-07-22T09:33:15.000000Z,129.025,128.997
2015-07-22T09:33:25.000000Z,129.019,128.989
2015-07-22T09:33:30.000000Z,129.019,128.992
2015-07-22T09:33:35.000000Z,129.021,128.993
2015-07-22T09:33:40.000000Z,129.025,128.995
2015-07-22T09:33:45.000000Z,129.015,128.988
2015-07-22T09:33:50.000000Z,129.018,128.992
2015-07-22T09:33:55.000000Z,129.018,128.989
2015-07-22T09:34:00.000000Z,129.018,128.992
2015-07-22T09:34:05.000000Z,129.024,128.988
2015-07-22T09:34:10.000000Z,129.019,128.985
2015-07-22T09:34:20.000000Z,129.02,128.982
2015-07-22T09:34:25.000000Z,129.02,128.985
2015-07-22T09:34:30.000000Z,129.013,128.986
2015-07-22T09:34:35.000000Z,129.022,128.99
2015-07-22T09:34:40.000000Z,129.017,128.989
2015-07-22T09:34:45.000000Z,129.024,128.997
2015-07-22T09:34:50.000000Z,129.025,128.998
2015-07-22T09:34:55.000000Z,129.026,128.998
2015-07-22T09:35:00.000000Z,129.017,128.992
2015-07-22T09:35:05.000000Z,129.012,128.988
2015-07-22T09:35:10.000000Z,129.016,128.991
2015-07-22T09:35:15.000000Z,129.024,128.995
2015-07-22T09:35:20.000000Z,129.025,128.995
2015-07-22T09:35:25.000000Z,129.031,129.003
2015-07-22T09:35:30.000000Z,129.042,129.015
2015-07-22T09:35:35.000000Z,129.043,129.023
2015-07-22T09:35:40.000000Z,129.041,129.018
2015-07-22T09:35:45.000000Z,129.039,129.016
2015-07-22T09:35:50.000000Z,129.04,129.016
2015-07-22T09:35:55.000000Z,129.04,129.023
2015-07-22T09:36:00.000000Z,129.041,129.024
2015-07-22T09:36:05.000000Z,129.043,129.021
2015-07-22T09:36:10.000000Z,129.037,129.018
2015-07-22T09:36:15.000000Z,129.038,129.016
2015-07-22T09:36:20.000000Z,129.04,129.016
2015-07-22T09:36:25.000000Z,129.043,129.019
2015-07-22T09:36:30.000000Z,129.042,129.018
2015-07-22T09:36:35.000000Z,129.041,129.01
2015-07-22T09:36:40.000000Z,129.038,129.013
2015-07-22T09:36:50.000000Z,129.04,129.015
2015-07-22T09:36:55.000000Z,129.045,129.018
2015-07-22T09:37:00.000000Z,129.047,129.015
2015-07-22T09:37:05.000000Z,129.041,129.015
2015-07-22T09:37:15.000000Z,129.035,129.007
2015-07-22T09:37:20.000000Z,129.033,129.008
2015-07-22T09:37:25.000000Z,129.033,129.008
2015-07-22T09:37:30.000000Z,129.04,129.012
2015-07-22T09:37:35.000000Z,129.039,129.01
2015-07-22T09:37:40.000000Z,129.039,129.01
2015-07-22T09:37:45.000000Z,129.032,129.008
2015-07-22T09:37:50.000000Z,129.031,129.003
2015-07-22T09:37:55.000000Z,129.027,129.002
2015-07-22T09:38:05.000000Z,129.033,129.008
2015-07-22T09:38:10.000000Z,129.037,129.009
2015-07-22T09:38:15.000000Z,129.041,129.012
2015-07-22T09:38:20.000000Z,129.039,129.008
2015-07-22T09:38:25.000000Z,129.037,129.008
2015-07-22T09:38:35.000000Z,129.039,129.009
2015-07-22T09:38:40.000000Z,129.029,129.004
2015-07-22T09:38:45.000000Z,129.03,129.005
2015-07-22T09:38:50.000000Z,129.029,129.002
2015-07-22T09:38:55.000000Z,129.029,129.001
2015-07-22T09:39:05.000000Z,129.035,129.002
2015-07-22T09:39:10.000000Z,129.03,129.006
2015-07-22T09:39:25.000000Z,129.032,129.006
2015-07-22T09:39:45.000000Z,129.031,129.006
2015-07-22T09:40:00.000000Z,129.037,129.01
2015-07-22T09:40:05.000000Z,129.045,129.015
2015-07-22T09:40:10.000000Z,129.042,129.015
2015-07-22T09:40:15.000000Z,129.051,129.022
2015-07-22T09:40:25.000000Z,129.045,129.02
2015-07-22T09:40:30.000000Z,129.044,129.016
2015-07-22T09:40:35.000000Z,129.03,129.005
2015-07-22T09:40:40.000000Z,129.018,128.99
2015-07-22T09:40:45.000000Z,129.018,128.991
2015-07-22T09:40:50.000000Z,129.025,128.997
2015-07-22T09:40:55.000000Z,129.01,128.983
2015-07-22T09:41:00.000000Z,129.005,128.978
2015-07-22T09:41:05.000000Z,129.004,128.974
2015-07-22T09:41:10.000000Z,129.005,128.974
2015-07-22T09:41:15.000000Z,128.996,128.968
2015-07-22T09:41:20.000000Z,129.0,128.974
2015-07-22T09:41:25.000000Z,128.998,128.969
2015-07-22T09:41:30.000000Z,128.997,128.968
2015-07-22T09:41:35.000000Z,128.996,128.971
2015-07-22T09:41:40.000000Z,128.998,128.971
2015-07-22T09:41:45.000000Z,128.995,128.971
2015-07-22T09:41:50.000000Z,128.998,128.967
2015-07-22T09:42:00.000000Z,128.998,128.966
2015-07-22T09:42:05.000000Z,128.998,128.962
2015-07-22T09:42:10.000000Z,128.994,128.959
2015-07-22T09:42:20.000000Z,128.978,128.953
2015-07-22T09:42:25.000000Z,128.985,128.954
2015-07-22T09:42:30.000000Z,128.983,128.952
2015-07-22T09:42:35.000000Z,128.979,128.947
2015-07-22T09:42:40.000000Z,128.976,128.948
2015-07-22T09:42:45.000000Z,128.973,128.943
2015-07-22T09:42:50.000000Z,128.975,128.949
2015-07-22T09:42:55.000000Z,128.975,128.944
2015-07-22T09:43:00.000000Z,128.973,128.947
2015-07-22T09:43:05.000000Z,128.971,128.943
2015-07-22T09:43:10.000000Z,128.976,128.949
2015-07-22T09:43:15.000000Z,128.975,128.945
2015-07-22T09:43:20.000000Z,128.976,128.949
2015-07-22T09:43:25.000000Z,128.974,128.947
2015-07-22T09:43:30.000000Z,128.982,128.95
2015-07-22T09:43:35.000000Z,128.982,128.949
2015-07-22T09:43:40.000000Z,128.996,128.964
2015-07-22T09:43:45.000000Z,129.004,128.972
2015-07-22T09:43:50.000000Z,128.999,128.968
2015-07-22T09:43:55.000000Z,128.992,128.964
2015-07-22T09:44:00.000000Z,128.997,128.962
2015-07-22T09:44:05.000000Z,128.998,128.963
2015-07-22T09:44:10.000000Z,128.994,128.967
2015-07-22T09:44:15.000000Z,128.996,128.966
2015-07-22T09:44:20.000000Z,129.003,128.977
2015-07-22T09:44:25.000000Z,129.003,128.977
2015-07-22T09:44:30.000000Z,129.003,128.97
2015-07-22T09:44:35.000000Z,129.003,128.971
2015-07-22T09:44:40.000000Z,129.003,128.972
2015-07-22T09:44:45.000000Z,129.001,128.963
2015-07-22T09:44:50.000000Z,129.002,128.966
2015-07-22T09:44:55.000000Z,129.003,128.964
2015-07-22T09:45:00.000000Z,129.0,128.961
2015-07-22T09:45:10.000000Z,128.999,128.959
2015-07-22T09:45:15.000000Z,129.002,128.966
2015-07-22T09:45:20.000000Z,129.004,128.967
2015-07-22T09:45:30.000000Z,128.998,128.961
2015-07-22T09:45:35.000000Z,129.0,128.962
2015-07-22T09:45:40.000000Z,128.997,128.962
2015-07-22T09:45:45.000000Z,128.999,128.962
2015-07-22T09:45:55.000000Z,128.999,128.967
2015-07-22T09:46:00.000000Z,129.002,128.965
2015-07-22T09:46:05.000000Z,128.998,128.961
2015-07-22T09:46:10.000000Z,129.0,128.963
2015-07-22T09:46:15.000000Z,128.995,128.961
2015-07-22T09:46:20.000000Z,129.007,128.968
2015-07-22T09:46:35.000000Z,129.008,128.972
2015-07-22T09:46:40.000000Z,129.009,128.976
2015-07-22T09:46:45.000000Z,129.004,128.966
2015-07-22T09:46:50.000000Z,129.0,128.97
2015-07-22T09:46:55.000000Z,129.001,128.969
2015-07-22T09:47:00.000000Z,128.992,128.966
2015-07-22T09:47:05.000000Z,129.004,128.973
2015-07-22T09:47:10.000000Z,129.001,128.967
2015-07-22T09:47:15.000000Z,128.997,128.965
2015-07-22T09:47:20.000000Z,129.0,128.966
2015-07-22T09:47:25.000000Z,129.0,128.968
2015-07-22T09:47:30.000000Z,128.999,128.958
2015-07-22T09:47:35.000000Z,128.99,128.963
2015-07-22T09:47:40.000000Z,128.994,128.955
2015-07-22T09:47:45.000000Z,128.988,128.955
2015-07-22T09:47:50.000000Z,128.993,128.961
2015-07-22T09:47:55.000000Z,128.993,128.964
2015-07-22T09:48:00.000000Z,128.997,128.962
2015-07-22T09:48:05.000000Z,128.996,128.962
2015-07-22T09:48:10.000000Z,128.999,128.961
2015-07-22T09:48:15.000000Z,128.989,128.955
2015-07-22T09:48:20.000000Z,128.996,128.968
2015-07-22T09:48:25.000000Z,128.998,128.969
2015-07-22T09:48:30.000000Z,128.996,128.968
2015-07-22T09:48:35.000000Z,128.994,128.969
2015-07-22T09:48:40.000000Z,128.999,128.974
2015-07-22T09:48:45.000000Z,129.001,128.967
2015-07-22T09:48:50.000000Z,129.001,128.966
2015-07-22T09:48:55.000000Z,129.003,128.973
2015-07-22T09:49:00.000000Z,129.011,128.978
2015-07-22T09:49:05.000000Z,129.003,128.973
2015-07-22T09:49:10.000000Z,128.986,128.953
2015-07-22T09:49:15.000000Z,128.981,128.952
2015-07-22T09:49:20.000000Z,128.983,128.952
2015-07-22T09:49:25.000000Z,128.985,128.955
2015-07-22T09:49:30.000000Z,128.989,128.962
2015-07-22T09:49:35.000000Z,128.981,128.956
2015-07-22T09:49:45.000000Z,128.979,128.953
2015-07-22T09:49:55.000000Z,128.983,128.957
2015-07-22T09:50:00.000000Z,128.997,128.971
2015-07-22T09:50:05.000000Z,128.995,128.969
2015-07-22T09:50:10.000000Z,128.995,128.967
2015-07-22T09:50:15.000000Z,128.995,128.966
2015-07-22T09:50:20.000000Z,128.986,128.954
2015-07-22T09:50:25.000000Z,128.984,128.954
2015-07-22T09:50:30.000000Z,128.986,128.954
2015-07-22T09:50:35.000000Z,128.982,128.95
2015-07-22T09:50:40.000000Z,128.982,128.95
2015-07-22T09:50:45.000000Z,128.98,128.955
2015-07-22T09:50:50.000000Z,128.982,128.957
2015-07-22T09:50:55.000000Z,128.978,128.951
2015-07-22T09:51:00.000000Z,128.976,128.947
2015-07-22T09:51:05.000000Z,128.978,128.95
2015-07-22T09:51:10.000000Z,128.977,128.945
2015-07-22T09:51:15.000000Z,128.971,128.937
2015-07-22T09:51:20.000000Z,128.965,128.938
2015-07-22T09:51:25.000000Z,128.963,128.937
2015-07-22T09:51:30.000000Z,128.967,128.942
2015-07-22T09:51:35.000000Z,128.966,128.94
2015-07-22T09:51:40.000000Z,128.971,128.94
2015-07-22T09:51:45.000000Z,128.971,128.944
2015-07-22T09:51:50.000000Z,128.967,128.939
2015-07-22T09:51:55.000000Z,128.967,128.939
2015-07-22T09:52:00.000000Z,128.988,128.95
2015-07-22T09:52:05.000000Z,128.994,128.958
2015-07-22T09:52:10.000000Z,128.992,128.956
2015-07-22T09:52:15.000000Z,128.999,128.961
2015-07-22T09:52:20.000000Z,128.996,128.964
2015-07-22T09:52:25.000000Z,129.004,128.97
2015-07-22T09:52:30.000000Z,129.007,128.972
2015-07-22T09:52:35.000000Z,129.008,128.974
2015-07-22T09:52:40.000000Z,129.012,128.974
2015-07-22T09:52:45.000000Z,129.012,128.976
2015-07-22T09:52:50.000000Z,129.015,128.979
2015-07-22T09:52:55.000000Z,129.016,128.978
2015-07-22T09:53:00.000000Z,129.016,128.978
2015-07-22T09:53:05.000000Z,129.013,128.977
2015-07-22T09:53:10.000000Z,129.01,128.977
2015-07-22T09:53:15.000000Z,129.01,128.976
2015-07-22T09:53:20.000000Z,129.029,128.994
2015-07-22T09:53:25.000000Z,129.038,129.002
2015-07-22T09:53:30.000000Z,129.037,129.004
2015-07-22T09:53:35.000000Z,129.037,129.002
2015-07-22T09:53:40.000000Z,129.037,129.0
2015-07-22T09:53:45.000000Z,129.031,128.995
2015-07-22T09:53:50.000000Z,129.029,128.993
2015-07-22T09:53:55.000000Z,129.023,128.987
2015-07-22T09:54:00.000000Z,129.031,128.994
2015-07-22T09:54:05.000000Z,129.031,128.994
2015-07-22T09:54:25.000000Z,129.029,128.992
2015-07-22T09:54:30.000000Z,129.027,128.991
2015-07-22T09:54:35.000000Z,129.017,128.981
2015-07-22T09:54:45.000000Z,129.018,128.983
2015-07-22T09:54:50.000000Z,129.022,128.989
2015-07-22T09:54:55.000000Z,129.022,128.988
2015-07-22T09:55:00.000000Z,129.021,128.983
2015-07-22T09:55:05.000000Z,129.022,128.987
2015-07-22T09:55:10.000000Z,129.022,128.986
2015-07-22T09:55:20.000000Z,129.017,128.981
2015-07-22T09:55:25.000000Z,129.017,128.986
2015-07-22T09:55:30.000000Z,129.016,128.982
2015-07-22T09:55:35.000000Z,129.015,128.979
2015-07-22T09:55:40.000000Z,129.008,128.976
2015-07-22T09:55:45.000000Z,129.013,128.979
2015-07-22T09:55:50.000000Z,129.018,128.982
2015-07-22T09:55:55.000000Z,129.015,128.981
2015-07-22T09:56:00.000000Z,129.009,128.977
2015-07-22T09:56:10.000000Z,128.997,128.967
2015-07-22T09:56:15.000000Z,128.999,128.968
2015-07-22T09:56:20.000000Z,129.003,128.972
2015-07-22T09:56:25.000000Z,129.003,128.971
2015-07-22T09:56:30.000000Z,129.004,128.97
2015-07-22T09:56:35.000000Z,129.001,128.972
2015-07-22T09:56:45.000000Z,128.998,128.97
2015-07-22T09:56:50.000000Z,129.001,128.974
2015-07-22T09:56:55.000000Z,129.001,128.972
2015-07-22T09:57:00.000000Z,129.001,128.971
2015-07-22T09:57:05.000000Z,129.001,128.969
2015-07-22T09:57:10.000000Z,129.001,128.967
2015-07-22T09:57:15.000000Z,129.001,128.968
2015-07-22T09:57:20.000000Z,129.001,128.97
2015-07-22T09:57:25.000000Z,129.001,128.967
2015-07-22T09:57:30.000000Z,129.01,128.977
2015-07-22T09:57:35.000000Z,129.01,128.976
2015-07-22T09:57:40.000000Z,129.01,128.977
2015-07-22T09:57:45.000000Z,129.013,128.98
2015-07-22T09:57:50.000000Z,129.013,128.98
2015-07-22T09:57:55.000000Z,129.012,128.979
2015-07-22T09:58:15.000000Z,129.013,128.982
2015-07-22T09:58:20.000000Z,129.013,128.98
2015-07-22T09:58:25.000000Z,129.013,128.983
2015-07-22T09:58:30.000000Z,129.014,128.982
2015-07-22T09:58:45.000000Z,129.017,128.986
2015-07-22T09:58:50.000000Z,129.023,128.991
2015-07-22T09:58:55.000000Z,129.023,128.993
2015-07-22T09:59:00.000000Z,129.025,128.992
2015-07-22T09:59:05.000000Z,129.025,128.993
2015-07-22T09:59:10.000000Z,129.026,128.997
2015-07-22T09:59:15.000000Z,129.028,128.996
2015-07-22T09:59:20.000000Z,129.028,128.997
2015-07-22T09:59:25.000000Z,129.028,128.997
2015-07-22T09:59:30.000000Z,129.022,128.994
2015-07-22T09:59:35.000000Z,129.019,128.992
2015-07-22T09:59:40.000000Z,129.021,128.992
2015-07-22T09:59:45.000000Z,129.018,128.991
2015-07-22T09:59:50.000000Z,129.016,128.989
2015-07-22T09:59:55.000000Z,129.007,128.968
2015-07-22T10:00:00.000000Z,129.011,128.982
2015-07-22T10:00:05.000000Z,129.016,128.983
2015-07-22T10:00:10.000000Z,129.013,128.982
2015-07-22T10:00:15.000000Z,129.015,128.983
2015-07-22T10:00:20.000000Z,129.016,128.984
2015-07-22T10:00:25.000000Z,129.015,128.982
2015-07-22T10:00:30.000000Z,129.018,128.984
2015-07-22T10:00:35.000000Z,129.015,128.983
2015-07-22T10:00:40.000000Z,129.007,128.974
2015-07-22T10:00:45.000000Z,129.004,128.973
2015-07-22T10:01:00.000000Z,129.007,128.971
2015-07-22T10:01:05.000000Z,129.005,128.972
2015-07-22T10:01:10.000000Z,129.007,128.971
2015-07-22T10:01:15.000000Z,129.007,128.972
2015-07-22T10:01:20.000000Z,129.013,128.978
2015-07-22T10:01:25.000000Z,129.013,128.977
2015-07-22T10:01:45.000000Z,129.013,128.978
2015-07-22T10:01:50.000000Z,129.009,128.976
2015-07-22T10:01:55.000000Z,129.01,128.982
2015-07-22T10:02:00.000000Z,129.015,128.982
2015-07-22T10:02:10.000000Z,129.012,128.979
2015-07-22T10:02:15.000000Z,129.011,128.977
2015-07-22T10:02:20.000000Z,129.015,128.978
2015-07-22T10:02:30.000000Z,129.015,128.98
2015-07-22T10:02:40.000000Z,129.009,128.977
2015-07-22T10:02:55.000000Z,129.012,128.981
2015-07-22T10:03:00.000000Z,129.014,128.982
2015-07-22T10:03:05.000000Z,129.014,128.984
2015-07-22T10:03:10.000000Z,129.014,128.985
2015-07-22T10:03:15.000000Z,129.016,128.983
2015-07-22T10:03:20.000000Z,129.016,128.984
2015-07-22T10:03:25.000000Z,129.016,128.98
2015-07-22T10:03:30.000000Z,129.016,128.981
2015-07-22T10:03:35.000000Z,129.016,128.983
2015-07-22T10:03:40.000000Z,129.024,128.987
2015-07-22T10:03:45.000000Z,129.02,128.984
2015-07-22T10:03:55.000000Z,129.025,128.99
2015-07-22T10:04:00.000000Z,129.025,128.99
2015-07-22T10:04:05.000000Z,129.025,128.989
2015-07-22T10:04:10.000000Z,129.025,128.988
2015-07-22T10:04:15.000000Z,129.021,128.984
2015-07-22T10:04:20.000000Z,129.021,128.986
2015-07-22T10:04:25.000000Z,129.021,128.985
2015-07-22T10:04:35.000000Z,129.022,128.99
2015-07-22T10:04:40.000000Z,129.024,128.989
2015-07-22T10:04:45.000000Z,129.023,128.989
2015-07-22T10:04:50.000000Z,129.021,128.99
2015-07-22T10:04:55.000000Z,129.021,128.986
2015-07-22T10:05:00.000000Z,129.026,128.996
2015-07-22T10:05:05.000000Z,129.026,128.997
2015-07-22T10:05:10.000000Z,129.031,128.995
2015-07-22T10:05:15.000000Z,129.032,128.994
2015-07-22T10:05:20.000000Z,129.03,128.999
2015-07-22T10:05:35.000000Z,129.032,129.006
2015-07-22T10:05:40.000000Z,129.036,129.002
2015-07-22T10:05:45.000000Z,129.018,128.991
2015-07-22T10:05:50.000000Z,129.033,129.002
2015-07-22T10:05:55.000000Z,129.031,128.999
2015-07-22T10:06:00.000000Z,129.029,129.001
2015-07-22T10:06:05.000000Z,129.031,128.999
2015-07-22T10:06:10.000000Z,129.028,128.996
2015-07-22T10:06:15.000000Z,129.037,129.0
2015-07-22T10:06:20.000000Z,129.028,128.995
2015-07-22T10:06:25.000000Z,129.028,128.996
2015-07-22T10:06:30.000000Z,129.014,128.984
2015-07-22T10:06:35.000000Z,129.035,129.002
2015-07-22T10:06:40.000000Z,129.034,129.002
2015-07-22T10:06:45.000000Z,129.034,129.005
2015-07-22T10:06:50.000000Z,129.028,128.999
2015-07-22T10:06:55.000000Z,129.033,129.005
2015-07-22T10:07:00.000000Z,129.035,129.001
2015-07-22T10:07:05.000000Z,129.029,128.997
2015-07-22T10:07:10.000000Z,129.016,128.988
2015-07-22T10:07:15.000000Z,129.014,128.984
2015-07-22T10:07:20.000000Z,129.018,128.986
2015-07-22T10:07:30.000000Z,129.018,128.988
2015-07-22T10:07:35.000000Z,129.018,128.989
2015-07-22T10:07:40.000000Z,129.015,128.989
2015-07-22T10:07:45.000000Z,129.014,128.982
2015-07-22T10:07:55.000000Z,129.013,128.982
2015-07-22T10:08:00.000000Z,129.015,128.98
2015-07-22T10:08:05.000000Z,129.017,128.983
2015-07-22T10:08:10.000000Z,129.017,128.985
2015-07-22T10:08:15.000000Z,129.018,128.991
2015-07-22T10:08:20.000000Z,128.998,128.972
2015-07-22T10:08:25.000000Z,128.989,128.961
2015-07-22T10:08:30.000000Z,128.992,128.967
2015-07-22T10:08:35.000000Z,128.994,128.967
2015-07-22T10:08:40.000000Z,128.995,128.967
2015-07-22T10:08:45.000000Z,129.002,128.977
2015-07-22T10:08:50.000000Z,129.004,128.978
2015-07-22T10:08:55.000000Z,129.0,128.971
2015-07-22T10:09:00.000000Z,128.995,128.968
2015-07-22T10:09:10.000000Z,128.989,128.962
2015-07-22T10:09:15.000000Z,128.982,128.958
2015-07-22T10:09:20.000000Z,128.981,128.955
2015-07-22T10:09:30.000000Z,128.98,128.953
2015-07-22T10:09:35.000000Z,128.978,128.954
2015-07-22T10:09:40.000000Z,128.977,128.951
2015-07-22T10:09:45.000000Z,128.977,128.95
2015-07-22T10:09:50.000000Z,128.976,128.952
2015-07-22T10:09:55.000000Z,128.976,128.95
2015-07-22T10:10:00.000000Z,128.976,128.952
2015-07-22T10:10:05.000000Z,128.976,128.95
2015-07-22T10:10:10.000000Z,128.975,128.95
2015-07-22T10:10:15.000000Z,128.975,128.949
2015-07-22T10:10:25.000000Z,128.974,128.949
2015-07-22T10:10:30.000000Z,128.973,128.945
2015-07-22T10:10:35.000000Z,128.973,128.945
2015-07-22T10:10:40.000000Z,128.972,128.946
2015-07-22T10:10:45.000000Z,128.981,128.955
2015-07-22T10:10:50.000000Z,128.982,128.957
2015-07-22T10:10:55.000000Z,128.987,128.96
2015-07-22T10:11:00.000000Z,128.986,128.961
2015-07-22T10:11:05.000000Z,129.0,128.969
2015-07-22T10:11:15.000000Z,128.996,128.964
2015-07-22T10:11:20.000000Z,128.995,128.964
2015-07-22T10:11:25.000000Z,128.986,128.96
2015-07-22T10:11:30.000000Z,128.987,128.959
2015-07-22T10:11:35.000000Z,128.987,128.959
2015-07-22T10:11:40.000000Z,128.987,128.96
2015-07-22T10:11:45.000000Z,128.99,128.962
2015-07-22T10:11:50.000000Z,128.983,128.955
2015-07-22T10:11:55.000000Z,128.98,128.948
2015-07-22T10:12:00.000000Z,128.98,128.95
2015-07-22T10:12:05.000000Z,128.976,128.948
2015-07-22T10:12:10.000000Z,128.976,128.949
2015-07-22T10:12:20.000000Z,128.981,128.957
2015-07-22T10:12:25.000000Z,128.979,128.951
2015-07-22T10:12:30.000000Z,128.979,128.954
2015-07-22T10:12:40.000000Z,128.969,128.944
2015-07-22T10:12:50.000000Z,128.971,128.943
2015-07-22T10:12:55.000000Z,128.975,128.943
2015-07-22T10:13:00.000000Z,128.976,128.943
2015-07-22T10:13:05.000000Z,128.974,128.942
2015-07-22T10:13:10.000000Z,128.972,128.942
2015-07-22T10:13:15.000000Z,128.972,128.942
2015-07-22T10:13:20.000000Z,128.973,128.942
2015-07-22T10:13:30.000000Z,128.971,128.942
2015-07-22T10:13:35.000000Z,128.969,128.945
2015-07-22T10:13:45.000000Z,128.971,128.945
2015-07-22T10:13:50.000000Z,128.97,128.943
2015-07-22T10:13:55.000000Z,128.969,128.943
2015-07-22T10:14:00.000000Z,128.968,128.944
2015-07-22T10:14:05.000000Z,128.97,128.944
2015-07-22T10:14:15.000000Z,128.972,128.944
2015-07-22T10:14:25.000000Z,128.97,128.944
2015-07-22T10:14:40.000000Z,128.968,128.944
2015-07-22T10:14:50.000000Z,128.973,128.944
2015-07-22T10:14:55.000000Z,128.976,128.945
2015-07-22T10:15:00.000000Z,128.978,128.949
2015-07-22T10:15:05.000000Z,128.982,128.95
2015-07-22T10:15:10.000000Z,128.98,128.95
2015-07-22T10:15:20.000000Z,128.982,128.953
2015-07-22T10:15:25.000000Z,128.974,128.945
2015-07-22T10:15:30.000000Z,128.972,128.947
2015-07-22T10:15:35.000000Z,128.981,128.952
2015-07-22T10:15:40.000000Z,128.985,128.958
2015-07-22T10:15:45.000000Z,128.984,128.958
2015-07-22T10:15:50.000000Z,128.985,128.958
2015-07-22T10:16:00.000000Z,128.986,128.958
2015-07-22T10:16:05.000000Z,128.989,128.959
2015-07-22T10:16:10.000000Z,128.991,128.963
2015-07-22T10:16:15.000000Z,128.992,128.964
2015-07-22T10:16:20.000000Z,128.991,128.965
2015-07-22T10:16:25.000000Z,128.99,128.965
2015-07-22T10:16:35.000000Z,129.002,128.971
2015-07-22T10:16:40.000000Z,128.998,128.972
2015-07-22T10:16:45.000000Z,128.998,128.971
2015-07-22T10:16:50.000000Z,129.002,128.974
2015-07-22T10:16:55.000000Z,129.005,128.977
2015-07-22T10:17:00.000000Z,129.004,128.977
2015-07-22T10:17:05.000000Z,129.003,128.968
2015-07-22T10:17:10.000000Z,128.996,128.971
2015-07-22T10:17:15.000000Z,128.996,128.971
2015-07-22T10:17:20.000000Z,129.001,128.972
2015-07-22T10:17:25.000000Z,129.0,128.971
2015-07-22T10:17:30.000000Z,129.004,128.975
2015-07-22T10:17:35.000000Z,129.001,128.975
2015-07-22T10:17:40.000000Z,129.003,128.975
2015-07-22T10:17:45.000000Z,129.008,128.979
2015-07-22T10:17:50.000000Z,129.006,128.979
2015-07-22T10:17:55.000000Z,129.01,128.981
2015-07-22T10:18:00.000000Z,129.027,129.0
2015-07-22T10:18:05.000000Z,129.023,128.995
2015-07-22T10:18:10.000000Z,129.015,128.987
2015-07-22T10:18:15.000000Z,129.02,128.993
2015-07-22T10:18:20.000000Z,129.016,128.987
2015-07-22T10:18:25.000000Z,129.017,128.986
2015-07-22T10:18:30.000000Z,129.015,128.985
2015-07-22T10:18:35.000000Z,129.007,128.979
2015-07-22T10:18:40.000000Z,129.009,128.984
2015-07-22T10:19:00.000000Z,129.018,128.991
2015-07-22T10:19:05.000000Z,129.017,128.991
2015-07-22T10:19:10.000000Z,129.014,128.988
2015-07-22T10:19:15.000000Z,129.001,128.977
2015-07-22T10:19:20.000000Z,129.002,128.976
2015-07-22T10:19:25.000000Z,129.005,128.979
2015-07-22T10:19:30.000000Z,129.007,128.98
2015-07-22T10:19:35.000000Z,129.002,128.977
2015-07-22T10:19:40.000000Z,128.996,128.97
2015-07-22T10:19:45.000000Z,129.007,128.976
2015-07-22T10:19:50.000000Z,129.0,128.974
2015-07-22T10:19:55.000000Z,128.99,128.962
2015-07-22T10:20:00.000000Z,128.986,128.96
2015-07-22T10:20:05.000000Z,128.983,128.958
2015-07-22T10:20:10.000000Z,128.988,128.961
2015-07-22T10:20:15.000000Z,128.986,128.96
2015-07-22T10:20:20.000000Z,128.976,128.951
2015-07-22T10:20:25.000000Z,128.972,128.945
2015-07-22T10:20:30.000000Z,128.977,128.949
2015-07-22T10:20:35.000000Z,128.98,128.946
2015-07-22T10:20:40.000000Z,128.968,128.944
2015-07-22T10:20:45.000000Z,128.971,128.944
2015-07-22T10:20:50.000000Z,128.978,128.948
2015-07-22T10:21:00.000000Z,128.976,128.948
2015-07-22T10:21:10.000000Z,128.974,128.948
2015-07-22T10:21:15.000000Z,128.975,128.946
2015-07-22T10:21:20.000000Z,128.972,128.945
2015-07-22T10:21:25.000000Z,128.969,128.944
2015-07-22T10:21:30.000000Z,128.975,128.943
2015-07-22T10:21:35.000000Z,128.977,128.948
2015-07-22T10:21:40.000000Z,128.978,128.949
2015-07-22T10:21:45.000000Z,128.978,128.951
2015-07-22T10:21:50.000000Z,128.982,128.955
2015-07-22T10:21:55.000000Z,128.988,128.959
2015-07-22T10:22:00.000000Z,128.99,128.956
2015-07-22T10:22:05.000000Z,128.988,128.959
2015-07-22T10:22:10.000000Z,128.991,128.959
2015-07-22T10:22:15.000000Z,128.99,128.958
2015-07-22T10:22:25.000000Z,128.985,128.958
2015-07-22T10:22:30.000000Z,128.981,128.956
2015-07-22T10:22:35.000000Z,128.98,128.956
2015-07-22T10:22:40.000000Z,128.983,128.957
2015-07-22T10:22:45.000000Z,128.985,128.958
2015-07-22T10:22:50.000000Z,128.978,128.953
2015-07-22T10:22:55.000000Z,128.981,128.953
2015-07-22T10:23:00.000000Z,128.979,128.953
2015-07-22T10:23:05.000000Z,128.979,128.954
2015-07-22T10:23:10.000000Z,128.979,128.952
2015-07-22T10:23:15.000000Z,128.982,128.954
2015-07-22T10:23:20.000000Z,128.982,128.954
2015-07-22T10:23:25.000000Z,128.98,128.952
2015-07-22T10:23:30.000000Z,128.984,128.955
2015-07-22T10:23:35.000000Z,128.985,128.955
2015-07-22T10:23:40.000000Z,128.986,128.953
2015-07-22T10:23:50.000000Z,128.985,128.954
2015-07-22T10:23:55.000000Z,128.984,128.955
2015-07-22T10:24:00.000000Z,128.993,128.964
2015-07-22T10:24:05.000000Z,128.992,128.964
2015-07-22T10:24:10.000000Z,128.991,128.964
2015-07-22T10:24:15.000000Z,128.996,128.966
2015-07-22T10:24:20.000000Z,128.993,128.962
2015-07-22T10:24:30.000000Z,129.002,128.967
2015-07-22T10:24:35.000000Z,129.004,128.973
2015-07-22T10:24:40.000000Z,129.007,128.977
2015-07-22T10:24:45.000000Z,129.007,128.978
2015-07-22T10:24:50.000000Z,129.008,128.978
2015-07-22T10:24:55.000000Z,129.005,128.978
2015-07-22T10:25:00.000000Z,129.007,128.975
2015-07-22T10:25:05.000000Z,129.005,128.976
2015-07-22T10:25:10.000000Z,129.004,128.976
2015-07-22T10:25:15.000000Z,129.002,128.972
2015-07-22T10:25:20.000000Z,128.983,128.954
2015-07-22T10:25:25.000000Z,128.972,128.945
2015-07-22T10:25:30.000000Z,128.984,128.956
2015-07-22T10:25:35.000000Z,128.982,128.954
2015-07-22T10:25:40.000000Z,128.99,128.959
2015-07-22T10:25:45.000000Z,128.992,128.959
2015-07-22T10:25:50.000000Z,128.987,128.962
2015-07-22T10:25:55.000000Z,128.998,128.968
2015-07-22T10:26:00.000000Z,128.996,128.969
2015-07-22T10:26:05.000000Z,128.998,128.969
2015-07-22T10:26:10.000000Z,128.996,128.965
2015-07-22T10:26:15.000000Z,129.005,128.975
2015-07-22T10:26:20.000000Z,129.003,128.976
2015-07-22T10:26:25.000000Z,128.997,128.967
2015-07-22T10:26:30.000000Z,129.01,128.98
2015-07-22T10:26:35.000000Z,128.995,128.959
2015-07-22T10:26:40.000000Z,128.993,128.962
2015-07-22T10:26:45.000000Z,128.989,128.961
2015-07-22T10:26:50.000000Z,128.992,128.964
2015-07-22T10:26:55.000000Z,128.998,128.967
2015-07-22T10:27:00.000000Z,129.005,128.979
2015-07-22T10:27:05.000000Z,129.018,128.991
2015-07-22T10:27:10.000000Z,129.022,128.998
2015-07-22T10:27:15.000000Z,129.032,129.006
2015-07-22T10:27:20.000000Z,129.04,129.01
2015-07-22T10:27:25.000000Z,129.037,129.014
2015-07-22T10:27:30.000000Z,129.04,129.013
2015-07-22T10:27:35.000000Z,129.041,129.013
2015-07-22T10:27:40.000000Z,129.043,129.015
2015-07-22T10:27:45.000000Z,129.045,129.018
2015-07-22T10:27:50.000000Z,129.049,129.021
2015-07-22T10:27:55.000000Z,129.056,129.026
2015-07-22T10:28:00.000000Z,129.055,129.024
2015-07-22T10:28:05.000000Z,129.057,129.032
2015-07-22T10:28:10.000000Z,129.049,129.024
2015-07-22T10:28:15.000000Z,129.071,129.041
2015-07-22T10:28:20.000000Z,129.076,129.044
2015-07-22T10:28:25.000000Z,129.067,129.039
2015-07-22T10:28:30.000000Z,129.089,129.062
2015-07-22T10:28:35.000000Z,129.088,129.061
2015-07-22T10:28:40.000000Z,129.087,129.06
2015-07-22T10:28:45.000000Z,129.076,129.045
2015-07-22T10:28:50.000000Z,129.091,129.065
2015-07-22T10:28:55.000000Z,129.091,129.061
2015-07-22T10:29:00.000000Z,129.081,129.049
2015-07-22T10:29:05.000000Z,129.08,129.053
2015-07-22T10:29:10.000000Z,129.089,129.057
2015-07-22T10:29:15.000000Z,129.079,129.048
2015-07-22T10:29:20.000000Z,129.073,129.047
2015-07-22T10:29:25.000000Z,129.076,129.049
2015-07-22T10:29:30.000000Z,129.078,129.049
2015-07-22T10:29:35.000000Z,129.079,129.05
2015-07-22T10:29:40.000000Z,129.077,129.05
2015-07-22T10:29:45.000000Z,129.07,129.042
2015-07-22T10:29:50.000000Z,129.06,129.035
2015-07-22T10:29:55.000000Z,129.069,129.041
2015-07-22T10:30:05.000000Z,129.075,129.048
2015-07-22T10:30:10.000000Z,129.058,129.03
2015-07-22T10:30:15.000000Z,129.054,129.026
2015-07-22T10:30:20.000000Z,129.045,129.018
2015-07-22T10:30:25.000000Z,129.048,129.018
2015-07-22T10:30:30.000000Z,129.05,129.018
2015-07-22T10:30:35.000000Z,129.053,129.02
2015-07-22T10:30:40.000000Z,129.047,129.02
2015-07-22T10:30:45.000000Z,129.05,129.021
2015-07-22T10:30:50.000000Z,129.063,129.034
2015-07-22T10:30:55.000000Z,129.063,129.036
2015-07-22T10:31:00.000000Z,129.057,129.031
2015-07-22T10:31:05.000000Z,129.058,129.034
2015-07-22T10:31:10.000000Z,129.066,129.038
2015-07-22T10:31:15.000000Z,129.065,129.038
2015-07-22T10:31:20.000000Z,129.059,129.034
2015-07-22T10:31:30.000000Z,129.066,129.041
2015-07-22T10:31:35.000000Z,129.071,129.04
2015-07-22T10:31:40.000000Z,129.076,129.043
2015-07-22T10:31:45.000000Z,129.078,129.049
2015-07-22T10:31:50.000000Z,129.077,129.047
2015-07-22T10:31:55.000000Z,129.076,129.047
2015-07-22T10:32:00.000000Z,129.078,129.047
2015-07-22T10:32:05.000000Z,129.06,129.032
2015-07-22T10:32:10.000000Z,129.053,129.026
2015-07-22T10:32:15.000000Z,129.051,129.02
2015-07-22T10:32:20.000000Z,129.051,129.022
2015-07-22T10:32:25.000000Z,129.06,129.031
2015-07-22T10:32:30.000000Z,129.059,129.034
2015-07-22T10:32:35.000000Z,129.056,129.036
2015-07-22T10:32:40.000000Z,129.067,129.043
2015-07-22T10:32:45.000000Z,129.071,129.045
2015-07-22T10:32:50.000000Z,129.061,129.032
2015-07-22T10:32:55.000000Z,129.057,129.033
2015-07-22T10:33:00.000000Z,129.057,129.033
2015-07-22T10:33:05.000000Z,129.065,129.039
2015-07-22T10:33:10.000000Z,129.042,129.01
2015-07-22T10:33:15.000000Z,129.034,129.008
2015-07-22T10:33:20.000000Z,129.033,129.008
2015-07-22T10:33:25.000000Z,129.03,129.002
2015-07-22T10:33:30.000000Z,129.024,128.996
2015-07-22T10:33:35.000000Z,129.024,128.994
2015-07-22T10:33:40.000000Z,129.016,128.985
2015-07-22T10:33:45.000000Z,129.025,129.0
2015-07-22T10:33:55.000000Z,129.03,129.001
2015-07-22T10:34:00.000000Z,129.033,129.005
2015-07-22T10:34:05.000000Z,129.032,129.006
2015-07-22T10:34:10.000000Z,129.009,128.989
2015-07-22T10:34:15.000000Z,129.008,128.984
2015-07-22T10:34:20.000000Z,129.008,128.987
2015-07-22T10:34:25.000000Z,129.001,128.986
2015-07-22T10:34:30.000000Z,128.998,128.97
2015-07-22T10:34:35.000000Z,129.001,128.972
2015-07-22T10:34:40.000000Z,129.003,128.983
2015-07-22T10:34:45.000000Z,129.004,128.977
2015-07-22T10:34:50.000000Z,129.0,128.97
2015-07-22T10:34:55.000000Z,128.994,128.963
2015-07-22T10:35:00.000000Z,128.994,128.964
2015-07-22T10:35:05.000000Z,128.987,128.961
2015-07-22T10:35:10.000000Z,128.986,128.961
2015-07-22T10:35:20.000000Z,128.973,128.946
2015-07-22T10:35:25.000000Z,128.975,128.947
2015-07-22T10:35:30.000000Z,128.973,128.946
2015-07-22T10:35:35.000000Z,128.973,128.947
2015-07-22T10:35:40.000000Z,128.973,128.948
2015-07-22T10:35:45.000000Z,128.981,128.951
2015-07-22T10:35:50.000000Z,128.98,128.952
2015-07-22T10:35:55.000000Z,128.983,128.954
2015-07-22T10:36:00.000000Z,128.969,128.944
2015-07-22T10:36:05.000000Z,128.973,128.947
2015-07-22T10:36:10.000000Z,128.977,128.946
2015-07-22T10:36:15.000000Z,128.969,128.938
2015-07-22T10:36:20.000000Z,128.958,128.93
2015-07-22T10:36:25.000000Z,128.957,128.93
2015-07-22T10:36:30.000000Z,128.956,128.93
2015-07-22T10:36:35.000000Z,128.955,128.927
2015-07-22T10:36:40.000000Z,128.963,128.936
2015-07-22T10:36:45.000000Z,128.96,128.934
2015-07-22T10:36:50.000000Z,128.961,128.934
2015-07-22T10:36:55.000000Z,128.97,128.939
2015-07-22T10:37:00.000000Z,128.973,128.945
2015-07-22T10:37:05.000000Z,128.986,128.954
2015-07-22T10:37:10.000000Z,128.975,128.945
2015-07-22T10:37:15.000000Z,128.976,128.95
2015-07-22T10:37:20.000000Z,128.984,128.953
2015-07-22T10:37:25.000000Z,128.986,128.954
2015-07-22T10:37:30.000000Z,128.986,128.954
2015-07-22T10:37:35.000000Z,128.98,128.952
2015-07-22T10:37:40.000000Z,128.975,128.945
2015-07-22T10:37:45.000000Z,128.971,128.94
2015-07-22T10:37:50.000000Z,128.961,128.936
2015-07-22T10:37:55.000000Z,128.959,128.933
2015-07-22T10:38:00.000000Z,128.958,128.927
2015-07-22T10:38:05.000000Z,128.958,128.928
2015-07-22T10:38:10.000000Z,128.968,128.94
2015-07-22T10:38:15.000000Z,128.969,128.94
2015-07-22T10:38:20.000000Z,128.96,128.934
2015-07-22T10:38:25.000000Z,128.961,128.934
2015-07-22T10:38:30.000000Z,128.952,128.923
2015-07-22T10:38:35.000000Z,128.955,128.924
2015-07-22T10:38:40.000000Z,128.957,128.929
2015-07-22T10:38:45.000000Z,128.959,128.934
2015-07-22T10:38:50.000000Z,128.96,128.934
2015-07-22T10:38:55.000000Z,128.958,128.933
2015-07-22T10:39:00.000000Z,128.961,128.934
2015-07-22T10:39:10.000000Z,128.963,128.932
2015-07-22T10:39:15.000000Z,128.959,128.929
2015-07-22T10:39:20.000000Z,128.958,128.933
2015-07-22T10:39:25.000000Z,128.963,128.933
2015-07-22T10:39:30.000000Z,128.963,128.933
2015-07-22T10:39:35.000000Z,128.965,128.933
2015-07-22T10:39:40.000000Z,129.037,128.99
2015-07-22T10:39:45.000000Z,129.029,129.0
2015-07-22T10:39:50.000000Z,129.052,129.016
2015-07-22T10:39:55.000000Z,129.046,129.011
2015-07-22T10:40:00.000000Z,129.041,129.012
2015-07-22T10:40:05.000000Z,129.042,129.01
2015-07-22T10:40:10.000000Z,129.039,129.011
2015-07-22T10:40:15.000000Z,129.04,129.014
2015-07-22T10:40:20.000000Z,129.04,129.014
2015-07-22T10:40:25.000000Z,129.047,129.02
2015-07-22T10:40:35.000000Z,129.045,129.021
2015-07-22T10:40:40.000000Z,129.033,129.008
2015-07-22T10:40:45.000000Z,129.041,129.014
2015-07-22T10:40:50.000000Z,129.044,129.017
2015-07-22T10:40:55.000000Z,129.042,129.017
2015-07-22T10:41:00.000000Z,129.044,129.017
2015-07-22T10:41:05.000000Z,129.041,129.016
2015-07-22T10:41:10.000000Z,129.049,129.025
2015-07-22T10:41:15.000000Z,129.045,129.018
2015-07-22T10:41:20.000000Z,129.04,129.014
2015-07-22T10:41:25.000000Z,129.038,129.014
2015-07-22T10:41:30.000000Z,129.035,129.01
2015-07-22T10:41:35.000000Z,129.024,128.997
2015-07-22T10:41:40.000000Z,129.05,129.025
2015-07-22T10:41:45.000000Z,129.048,129.023
2015-07-22T10:41:50.000000Z,129.046,129.017
2015-07-22T10:41:55.000000Z,129.04,129.014
2015-07-22T10:42:00.000000Z,129.04,129.013
2015-07-22T10:42:05.000000Z,129.032,129.004
2015-07-22T10:42:10.000000Z,129.06,129.035
2015-07-22T10:42:20.000000Z,129.059,129.033
2015-07-22T10:42:30.000000Z,129.053,129.028
2015-07-22T10:42:35.000000Z,129.044,129.019
2015-07-22T10:42:40.000000Z,129.046,129.019
2015-07-22T10:42:45.000000Z,129.039,129.013
2015-07-22T10:42:50.000000Z,129.044,129.017
2015-07-22T10:42:55.000000Z,129.045,129.02
2015-07-22T10:43:00.000000Z,129.031,129.003
2015-07-22T10:43:05.000000Z,129.056,129.025
2015-07-22T10:43:10.000000Z,129.059,129.028
2015-07-22T10:43:15.000000Z,129.05,129.017
2015-07-22T10:43:20.000000Z,129.058,129.032
2015-07-22T10:43:25.000000Z,129.054,129.024
2015-07-22T10:43:30.000000Z,129.051,129.022
2015-07-22T10:43:35.000000Z,129.063,129.034
2015-07-22T10:43:40.000000Z,129.049,129.022
2015-07-22T10:43:45.000000Z,129.057,129.03
2015-07-22T10:43:50.000000Z,129.055,129.03
2015-07-22T10:43:55.000000Z,129.052,129.026
2015-07-22T10:44:00.000000Z,129.047,129.019
2015-07-22T10:44:05.000000Z,129.044,129.018
2015-07-22T10:44:10.000000Z,129.046,129.02
2015-07-22T10:44:15.000000Z,129.046,129.016
2015-07-22T10:44:20.000000Z,129.045,129.017
2015-07-22T10:44:25.000000Z,129.043,129.018
2015-07-22T10:44:30.000000Z,129.044,129.017
2015-07-22T10:44:35.000000Z,129.044,129.017
2015-07-22T10:44:40.000000Z,129.043,129.011
2015-07-22T10:44:45.000000Z,129.055,129.027
2015-07-22T10:44:50.000000Z,129.049,129.019
2015-07-22T10:44:55.000000Z,129.051,129.021
2015-07-22T10:45:00.000000Z,129.035,129.003
2015-07-22T10:45:05.000000Z,129.032,129.001
2015-07-22T10:45:10.000000Z,129.03,129.002
2015-07-22T10:45:15.000000Z,129.031,129.001
2015-07-22T10:45:20.000000Z,129.032,129.001
2015-07-22T10:45:25.000000Z,129.026,129.001
2015-07-22T10:45:30.000000Z,129.037,129.003
2015-07-22T10:45:35.000000Z,129.036,129.003
2015-07-22T10:45:40.000000Z,129.036,129.003
2015-07-22T10:45:45.000000Z,129.038,129.003
2015-07-22T10:45:50.000000Z,129.036,129.003
2015-07-22T10:45:55.000000Z,129.035,129.003
2015-07-22T10:46:00.000000Z,129.037,129.003
2015-07-22T10:46:05.000000Z,129.038,129.003
2015-07-22T10:46:10.000000Z,129.03,129.003
2015-07-22T10:46:15.000000Z,129.03,129.001
2015-07-22T10:46:20.000000Z,129.029,129.001
2015-07-22T10:46:25.000000Z,129.027,129.001
2015-07-22T10:46:35.000000Z,129.037,129.013
2015-07-22T10:46:40.000000Z,129.042,129.016
2015-07-22T10:46:45.000000Z,129.042,129.017
2015-07-22T10:46:50.000000Z,129.041,129.017
2015-07-22T10:46:55.000000Z,129.044,129.02
2015-07-22T10:47:00.000000Z,129.047,129.021
2015-07-22T10:47:05.000000Z,129.029,129.003
2015-07-22T10:47:20.000000Z,129.036,129.008
2015-07-22T10:47:25.000000Z,129.037,129.008
2015-07-22T10:47:30.000000Z,129.026,128.996
2015-07-22T10:47:35.000000Z,129.021,128.994
2015-07-22T10:47:40.000000Z,129.017,128.992
2015-07-22T10:47:45.000000Z,129.023,128.996
2015-07-22T10:47:50.000000Z,129.022,128.996
2015-07-22T10:47:55.000000Z,129.022,128.996
2015-07-22T10:48:00.000000Z,129.015,128.988
2015-07-22T10:48:05.000000Z,129.014,128.987
2015-07-22T10:48:10.000000Z,129.018,128.993
2015-07-22T10:48:15.000000Z,129.015,128.989
2015-07-22T10:48:20.000000Z,129.015,128.989
2015-07-22T10:48:25.000000Z,129.016,128.989
2015-07-22T10:48:30.000000Z,129.021,128.989
2015-07-22T10:48:35.000000Z,129.023,128.988
2015-07-22T10:48:40.000000Z,129.023,128.989
2015-07-22T10:48:45.000000Z,129.023,128.988
2015-07-22T10:48:50.000000Z,129.022,128.989
2015-07-22T10:48:55.000000Z,129.026,128.989
2015-07-22T10:49:00.000000Z,129.024,128.994
2015-07-22T10:49:05.000000Z,129.021,128.989
2015-07-22T10:49:10.000000Z,129.015,128.985
2015-07-22T10:49:15.000000Z,129.01,128.985
2015-07-22T10:49:20.000000Z,129.011,128.982
2015-07-22T10:49:25.000000Z,129.009,128.982
2015-07-22T10:49:30.000000Z,129.008,128.979
2015-07-22T10:49:35.000000Z,129.013,128.981
2015-07-22T10:49:40.000000Z,129.018,128.986
2015-07-22T10:49:45.000000Z,129.016,128.989
2015-07-22T10:49:50.000000Z,129.021,128.991
2015-07-22T10:50:00.000000Z,129.022,128.991
2015-07-22T10:50:05.000000Z,129.027,128.996
2015-07-22T10:50:15.000000Z,129.027,128.997
2015-07-22T10:50:20.000000Z,129.023,128.992
2015-07-22T10:50:25.000000Z,129.018,128.985
2015-07-22T10:50:30.000000Z,128.996,128.964
2015-07-22T10:50:35.000000Z,128.992,128.961
2015-07-22T10:50:40.000000Z,128.995,128.963
2015-07-22T10:50:45.000000Z,128.989,128.961
2015-07-22T10:50:55.000000Z,128.991,128.961
2015-07-22T10:51:00.000000Z,128.991,128.961
2015-07-22T10:51:05.000000Z,128.986,128.958
2015-07-22T10:51:20.000000Z,128.986,128.956
2015-07-22T10:51:30.000000Z,128.988,128.956
2015-07-22T10:51:35.000000Z,128.982,128.951
2015-07-22T10:51:40.000000Z,128.984,128.954
2015-07-22T10:51:45.000000Z,128.985,128.954
2015-07-22T10:51:50.000000Z,128.992,128.964
2015-07-22T10:51:55.000000Z,128.999,128.97
2015-07-22T10:52:00.000000Z,128.999,128.971
2015-07-22T10:52:05.000000Z,128.999,128.966
2015-07-22T10:52:10.000000Z,129.002,128.966
2015-07-22T10:52:15.000000Z,128.994,128.965
2015-07-22T10:52:20.000000Z,128.999,128.966
2015-07-22T10:52:25.000000Z,129.001,128.97
2015-07-22T10:52:30.000000Z,129.0,128.97
2015-07-22T10:52:35.000000Z,129.0,128.97
2015-07-22T10:52:45.000000Z,129.0,128.966
2015-07-22T10:52:50.000000Z,128.993,128.964
2015-07-22T10:52:55.000000Z,128.994,128.965
2015-07-22T10:53:00.000000Z,128.995,128.965
2015-07-22T10:53:10.000000Z,128.998,128.965
2015-07-22T10:53:20.000000Z,129.013,128.98
2015-07-22T10:53:25.000000Z,129.011,128.984
2015-07-22T10:53:30.000000Z,129.014,128.984
2015-07-22T10:53:35.000000Z,129.012,128.984
2015-07-22T10:53:40.000000Z,129.01,128.984
2015-07-22T10:53:45.000000Z,129.006,128.98
2015-07-22T10:53:50.000000Z,129.01,128.98
2015-07-22T10:53:55.000000Z,129.011,128.98
2015-07-22T10:54:00.000000Z,129.01,128.98
