time,closeAsk,closeBid
2015-07-29T03:48:50.000000Z,1.5113,1.51065
2015-07-29T03:49:00.000000Z,1.51123,1.51058
2015-07-29T03:49:10.000000Z,1.51125,1.51056
2015-07-29T03:49:20.000000Z,1.51126,1.5106
2015-07-29T03:49:30.000000Z,1.51129,1.51062
2015-07-29T03:50:00.000000Z,1.51132,1.51063
2015-07-29T03:50:10.000000Z,1.51128,1.51063
2015-07-29T03:50:20.000000Z,1.51128,1.51063
2015-07-29T03:50:30.000000Z,1.51127,1.51063
2015-07-29T03:50:50.000000Z,1.51127,1.51065
2015-07-29T03:51:00.000000Z,1.51128,1.51065
2015-07-29T03:51:10.000000Z,1.51129,1.51062
2015-07-29T03:51:20.000000Z,1.5113,1.51065
2015-07-29T03:51:40.000000Z,1.51133,1.51071
2015-07-29T03:51:50.000000Z,1.51133,1.51072
2015-07-29T03:52:00.000000Z,1.51135,1.51072
2015-07-29T03:52:20.000000Z,1.51144,1.51083
2015-07-29T03:52:40.000000Z,1.51142,1.5108
2015-07-29T03:53:20.000000Z,1.51142,1.51074
2015-07-29T03:53:50.000000Z,1.51128,1.51062
2015-07-29T03:54:00.000000Z,1.5113,1.51066
2015-07-29T03:54:10.000000Z,1.51129,1.51066
2015-07-29T03:54:30.000000Z,1.51137,1.51073
2015-07-29T03:54:50.000000Z,1.51136,1.51073
2015-07-29T03:55:00.000000Z,1.51134,1.51069
2015-07-29T03:55:10.000000Z,1.51136,1.5107
2015-07-29T03:55:20.000000Z,1.51135,1.51072
2015-07-29T03:55:30.000000Z,1.51133,1.51068
2015-07-29T03:55:40.000000Z,1.51127,1.51064
2015-07-29T03:55:50.000000Z,1.51119,1.51057
2015-07-29T03:56:00.000000Z,1.51103,1.51047
2015-07-29T03:56:10.000000Z,1.51109,1.51044
2015-07-29T03:56:20.000000Z,1.51114,1.51047
2015-07-29T03:56:30.000000Z,1.5112,1.51058
2015-07-29T03:56:40.000000Z,1.51118,1.51057
2015-07-29T03:57:10.000000Z,1.51124,1.51062
2015-07-29T03:57:20.000000Z,1.51127,1.51065
2015-07-29T03:58:00.000000Z,1.51121,1.51057
2015-07-29T03:58:10.000000Z,1.5112,1.51056
2015-07-29T03:58:30.000000Z,1.51122,1.51058
2015-07-29T03:58:40.000000Z,1.51119,1.51057
2015-07-29T03:59:00.000000Z,1.51125,1.51064
2015-07-29T03:59:40.000000Z,1.5113,1.51067
2015-07-29T04:00:00.000000Z,1.51132,1.51069
2015-07-29T04:00:20.000000Z,1.51131,1.51067
2015-07-29T04:00:30.000000Z,1.51132,1.51069
2015-07-29T04:01:00.000000Z,1.51125,1.51059
2015-07-29T04:01:10.000000Z,1.51117,1.51054
2015-07-29T04:01:20.000000Z,1.51126,1.51058
2015-07-29T04:01:30.000000Z,1.51124,1.51055
2015-07-29T04:01:50.000000Z,1.51124,1.51053
2015-07-29T04:02:00.000000Z,1.51124,1.51055
2015-07-29T04:02:10.000000Z,1.51127,1.5106
2015-07-29T04:02:30.000000Z,1.51114,1.51048
2015-07-29T04:02:40.000000Z,1.51112,1.51043
2015-07-29T04:02:50.000000Z,1.51119,1.51056
2015-07-29T04:03:00.000000Z,1.51111,1.51047
2015-07-29T04:03:30.000000Z,1.51115,1.51055
2015-07-29T04:03:40.000000Z,1.51137,1.51067
2015-07-29T04:03:50.000000Z,1.51149,1.51079
2015-07-29T04:04:00.000000Z,1.51146,1.51078
2015-07-29T04:04:10.000000Z,1.51125,1.5106
2015-07-29T04:04:20.000000Z,1.51134,1.51066
2015-07-29T04:04:30.000000Z,1.51123,1.5106
2015-07-29T04:04:40.000000Z,1.51119,1.51055
2015-07-29T04:04:50.000000Z,1.51118,1.51053
2015-07-29T04:05:00.000000Z,1.5113,1.51064
2015-07-29T04:05:10.000000Z,1.51127,1.51062
2015-07-29T04:05:20.000000Z,1.51128,1.51061
2015-07-29T04:05:30.000000Z,1.51128,1.51062
2015-07-29T04:05:40.000000Z,1.51125,1.5106
2015-07-29T04:05:50.000000Z,1.51123,1.51062
2015-07-29T04:06:00.000000Z,1.51118,1.51051
2015-07-29T04:06:10.000000Z,1.51115,1.51046
2015-07-29T04:06:20.000000Z,1.51117,1.51055
2015-07-29T04:06:30.000000Z,1.51122,1.51055
2015-07-29T04:06:40.000000Z,1.51123,1.51058
2015-07-29T04:06:50.000000Z,1.51124,1.51057
2015-07-29T04:07:00.000000Z,1.51132,1.51062
2015-07-29T04:07:10.000000Z,1.51129,1.51063
2015-07-29T04:07:20.000000Z,1.51126,1.51063
2015-07-29T04:07:30.000000Z,1.51135,1.51074
2015-07-29T04:07:40.000000Z,1.51137,1.51074
2015-07-29T04:08:00.000000Z,1.51124,1.51066
2015-07-29T04:08:10.000000Z,1.51131,1.51066
2015-07-29T04:08:20.000000Z,1.51127,1.51064
2015-07-29T04:08:40.000000Z,1.51136,1.51073
2015-07-29T04:09:00.000000Z,1.51123,1.51059
2015-07-29T04:09:20.000000Z,1.51117,1.51052
2015-07-29T04:09:30.000000Z,1.51109,1.51045
2015-07-29T04:09:40.000000Z,1.51114,1.51045
2015-07-29T04:09:50.000000Z,1.51109,1.51043
2015-07-29T04:10:00.000000Z,1.5111,1.51042
2015-07-29T04:10:10.000000Z,1.51099,1.51037
2015-07-29T04:10:20.000000Z,1.51098,1.51031
2015-07-29T04:10:30.000000Z,1.51095,1.51029
2015-07-29T04:10:40.000000Z,1.51095,1.5103
2015-07-29T04:11:10.000000Z,1.51094,1.5103
2015-07-29T04:12:00.000000Z,1.51087,1.5102
2015-07-29T04:12:20.000000Z,1.51083,1.51016
2015-07-29T04:12:30.000000Z,1.51082,1.51019
2015-07-29T04:12:40.000000Z,1.51086,1.51023
2015-07-29T04:12:50.000000Z,1.51083,1.51019
2015-07-29T04:13:00.000000Z,1.51087,1.51019
2015-07-29T04:13:10.000000Z,1.51088,1.51022
2015-07-29T04:13:20.000000Z,1.51082,1.51018
2015-07-29T04:13:30.000000Z,1.51087,1.51023
2015-07-29T04:13:50.000000Z,1.51075,1.51013
2015-07-29T04:14:00.000000Z,1.51102,1.51034
2015-07-29T04:14:10.000000Z,1.51089,1.51023
2015-07-29T04:14:20.000000Z,1.51085,1.51021
2015-07-29T04:14:30.000000Z,1.51075,1.51009
2015-07-29T04:14:40.000000Z,1.51065,1.51
2015-07-29T04:14:50.000000Z,1.51053,1.5099
2015-07-29T04:15:00.000000Z,1.51061,1.50994
2015-07-29T04:15:10.000000Z,1.51056,1.50994
2015-07-29T04:15:20.000000Z,1.51059,1.50995
2015-07-29T04:15:30.000000Z,1.51055,1.50988
2015-07-29T04:15:40.000000Z,1.51061,1.50994
2015-07-29T04:15:50.000000Z,1.51057,1.5099
2015-07-29T04:16:00.000000Z,1.51052,1.5099
2015-07-29T04:16:10.000000Z,1.51061,1.50997
2015-07-29T04:16:20.000000Z,1.51057,1.5099
2015-07-29T04:16:30.000000Z,1.51055,1.50987
2015-07-29T04:16:40.000000Z,1.51069,1.51002
2015-07-29T04:16:50.000000Z,1.51073,1.51006
2015-07-29T04:17:00.000000Z,1.51086,1.51017
2015-07-29T04:17:10.000000Z,1.51075,1.5101
2015-07-29T04:17:20.000000Z,1.51079,1.51013
2015-07-29T04:17:40.000000Z,1.51073,1.51007
2015-07-29T04:17:50.000000Z,1.51081,1.51013
2015-07-29T04:18:00.000000Z,1.5108,1.51015
2015-07-29T04:18:10.000000Z,1.51066,1.51001
2015-07-29T04:18:20.000000Z,1.51074,1.51001
2015-07-29T04:18:30.000000Z,1.5108,1.51006
2015-07-29T04:18:40.000000Z,1.51039,1.50972
2015-07-29T04:18:50.000000Z,1.51017,1.50952
2015-07-29T04:19:00.000000Z,1.51012,1.50934
2015-07-29T04:19:10.000000Z,1.51005,1.50944
2015-07-29T04:19:20.000000Z,1.51018,1.50953
2015-07-29T04:19:30.000000Z,1.51002,1.5094
2015-07-29T04:19:40.000000Z,1.51004,1.50947
2015-07-29T04:19:50.000000Z,1.51009,1.50942
2015-07-29T04:20:00.000000Z,1.51012,1.50937
2015-07-29T04:20:10.000000Z,1.51009,1.50948
2015-07-29T04:20:20.000000Z,1.51009,1.50946
2015-07-29T04:20:30.000000Z,1.51007,1.50943
2015-07-29T04:20:40.000000Z,1.51003,1.50943
2015-07-29T04:20:50.000000Z,1.50992,1.50928
2015-07-29T04:21:00.000000Z,1.50992,1.50928
2015-07-29T04:21:10.000000Z,1.50992,1.50929
2015-07-29T04:21:20.000000Z,1.51005,1.50941
2015-07-29T04:21:30.000000Z,1.51007,1.50944
2015-07-29T04:21:40.000000Z,1.51025,1.50959
2015-07-29T04:21:50.000000Z,1.51036,1.50967
2015-07-29T04:22:00.000000Z,1.51017,1.50952
2015-07-29T04:22:10.000000Z,1.51014,1.5095
2015-07-29T04:22:20.000000Z,1.51017,1.50952
2015-07-29T04:22:30.000000Z,1.51017,1.50951
2015-07-29T04:22:40.000000Z,1.51019,1.50949
2015-07-29T04:22:50.000000Z,1.51018,1.5095
2015-07-29T04:23:00.000000Z,1.51025,1.5096
2015-07-29T04:23:10.000000Z,1.51015,1.50951
2015-07-29T04:23:20.000000Z,1.51022,1.50955
2015-07-29T04:23:30.000000Z,1.51018,1.50951
2015-07-29T04:24:00.000000Z,1.51013,1.50949
2015-07-29T04:24:10.000000Z,1.51013,1.50948
2015-07-29T04:24:20.000000Z,1.51001,1.50933
2015-07-29T04:24:30.000000Z,1.51003,1.50934
2015-07-29T04:24:40.000000Z,1.51003,1.50932
2015-07-29T04:24:50.000000Z,1.50982,1.50919
2015-07-29T04:25:00.000000Z,1.50977,1.50913
2015-07-29T04:25:10.000000Z,1.5098,1.50916
2015-07-29T04:25:20.000000Z,1.50975,1.50911
2015-07-29T04:25:30.000000Z,1.50967,1.50901
2015-07-29T04:25:40.000000Z,1.50965,1.50896
2015-07-29T04:25:50.000000Z,1.50968,1.50902
2015-07-29T04:26:00.000000Z,1.50979,1.50911
2015-07-29T04:26:10.000000Z,1.50979,1.50912
2015-07-29T04:26:20.000000Z,1.50976,1.5091
2015-07-29T04:26:40.000000Z,1.50966,1.50899
2015-07-29T04:26:50.000000Z,1.50957,1.50891
2015-07-29T04:27:00.000000Z,1.50937,1.50872
2015-07-29T04:27:10.000000Z,1.50956,1.50887
2015-07-29T04:27:20.000000Z,1.50956,1.50878
2015-07-29T04:27:30.000000Z,1.50948,1.5088
2015-07-29T04:27:40.000000Z,1.50941,1.50875
2015-07-29T04:27:50.000000Z,1.50941,1.50873
2015-07-29T04:28:00.000000Z,1.5094,1.50876
2015-07-29T04:28:10.000000Z,1.50941,1.50874
2015-07-29T04:28:20.000000Z,1.50925,1.50863
2015-07-29T04:28:30.000000Z,1.50921,1.50856
2015-07-29T04:28:40.000000Z,1.50921,1.5086
2015-07-29T04:28:50.000000Z,1.50915,1.50853
2015-07-29T04:29:00.000000Z,1.50904,1.50842
2015-07-29T04:29:10.000000Z,1.509,1.50837
2015-07-29T04:29:20.000000Z,1.509,1.50837
2015-07-29T04:29:30.000000Z,1.50904,1.50842
2015-07-29T04:30:10.000000Z,1.50905,1.50842
2015-07-29T04:30:30.000000Z,1.50905,1.50843
2015-07-29T04:30:40.000000Z,1.50898,1.50836
2015-07-29T04:30:50.000000Z,1.50905,1.50846
2015-07-29T04:31:00.000000Z,1.50912,1.50852
2015-07-29T04:31:10.000000Z,1.5093,1.50862
2015-07-29T04:31:20.000000Z,1.50936,1.50871
2015-07-29T04:31:30.000000Z,1.5093,1.50868
2015-07-29T04:31:40.000000Z,1.5094,1.50882
2015-07-29T04:32:10.000000Z,1.50951,1.50887
2015-07-29T04:32:20.000000Z,1.50952,1.50889
2015-07-29T04:32:30.000000Z,1.5095,1.50886
2015-07-29T04:32:40.000000Z,1.50954,1.5089
2015-07-29T04:32:50.000000Z,1.50942,1.5088
2015-07-29T04:33:10.000000Z,1.50942,1.50881
2015-07-29T04:33:20.000000Z,1.50934,1.50875
2015-07-29T04:34:00.000000Z,1.50934,1.50873
2015-07-29T04:34:10.000000Z,1.50935,1.50876
2015-07-29T04:34:20.000000Z,1.5094,1.50881
2015-07-29T04:35:20.000000Z,1.50932,1.5087
2015-07-29T04:35:30.000000Z,1.50922,1.50866
2015-07-29T04:35:40.000000Z,1.50923,1.50865
2015-07-29T04:35:50.000000Z,1.50924,1.50867
2015-07-29T04:36:00.000000Z,1.50923,1.50864
2015-07-29T04:36:10.000000Z,1.50909,1.5085
2015-07-29T04:36:20.000000Z,1.50914,1.50856
2015-07-29T04:36:30.000000Z,1.50927,1.50868
2015-07-29T04:36:40.000000Z,1.50908,1.5085
2015-07-29T04:36:50.000000Z,1.50907,1.50846
2015-07-29T04:37:00.000000Z,1.50915,1.50849
2015-07-29T04:37:10.000000Z,1.50913,1.50851
2015-07-29T04:37:20.000000Z,1.5092,1.50857
2015-07-29T04:37:30.000000Z,1.50923,1.50859
2015-07-29T04:37:40.000000Z,1.50919,1.50858
2015-07-29T04:37:50.000000Z,1.50932,1.50867
2015-07-29T04:38:10.000000Z,1.50933,1.50867
2015-07-29T04:38:20.000000Z,1.50932,1.50868
2015-07-29T04:38:30.000000Z,1.50933,1.50867
2015-07-29T04:39:10.000000Z,1.50932,1.50867
2015-07-29T04:39:30.000000Z,1.50932,1.50869
2015-07-29T04:39:40.000000Z,1.50923,1.50864
2015-07-29T04:39:50.000000Z,1.50922,1.50864
2015-07-29T04:40:00.000000Z,1.50933,1.5087
2015-07-29T04:40:10.000000Z,1.50919,1.50856
2015-07-29T04:40:20.000000Z,1.50925,1.5086
2015-07-29T04:40:30.000000Z,1.50918,1.50849
2015-07-29T04:40:40.000000Z,1.50919,1.50851
2015-07-29T04:40:50.000000Z,1.50931,1.50867
2015-07-29T04:41:00.000000Z,1.50931,1.50868
2015-07-29T04:41:10.000000Z,1.50925,1.50861
2015-07-29T04:41:20.000000Z,1.50922,1.50859
2015-07-29T04:41:30.000000Z,1.50919,1.50858
2015-07-29T04:41:50.000000Z,1.50916,1.50856
2015-07-29T04:42:00.000000Z,1.50924,1.50862
2015-07-29T04:42:10.000000Z,1.50924,1.5086
2015-07-29T04:42:20.000000Z,1.5092,1.50857
2015-07-29T04:42:30.000000Z,1.50911,1.50849
2015-07-29T04:42:40.000000Z,1.50905,1.50846
2015-07-29T04:42:50.000000Z,1.50909,1.50845
2015-07-29T04:43:00.000000Z,1.50904,1.50842
2015-07-29T04:43:10.000000Z,1.50905,1.50842
2015-07-29T04:43:20.000000Z,1.50909,1.50845
2015-07-29T04:43:30.000000Z,1.5091,1.50845
2015-07-29T04:43:40.000000Z,1.5091,1.50849
2015-07-29T04:43:50.000000Z,1.50916,1.50857
2015-07-29T04:44:00.000000Z,1.50915,1.50854
2015-07-29T04:44:10.000000Z,1.50916,1.50851
2015-07-29T04:44:20.000000Z,1.50914,1.50849
2015-07-29T04:44:40.000000Z,1.5092,1.50857
2015-07-29T04:44:50.000000Z,1.5092,1.50859
2015-07-29T04:45:00.000000Z,1.50927,1.50862
2015-07-29T04:45:10.000000Z,1.50924,1.50861
2015-07-29T04:45:20.000000Z,1.50921,1.50862
2015-07-29T04:45:40.000000Z,1.50951,1.5089
2015-07-29T04:45:50.000000Z,1.50936,1.50874
2015-07-29T04:46:10.000000Z,1.5094,1.50871
2015-07-29T04:46:20.000000Z,1.50935,1.50867
2015-07-29T04:46:40.000000Z,1.50939,1.50875
2015-07-29T04:46:50.000000Z,1.50941,1.50879
2015-07-29T04:47:00.000000Z,1.50941,1.50875
2015-07-29T04:47:10.000000Z,1.50924,1.50862
2015-07-29T04:47:20.000000Z,1.5093,1.50866
2015-07-29T04:47:30.000000Z,1.50931,1.50865
2015-07-29T04:47:40.000000Z,1.50929,1.50866
2015-07-29T04:47:50.000000Z,1.50942,1.50875
2015-07-29T04:48:00.000000Z,1.50939,1.50875
2015-07-29T04:48:20.000000Z,1.50939,1.50876
2015-07-29T04:48:30.000000Z,1.50939,1.50877
2015-07-29T04:48:40.000000Z,1.50948,1.5088
2015-07-29T04:49:00.000000Z,1.50949,1.50879
2015-07-29T04:49:10.000000Z,1.50941,1.50871
2015-07-29T04:49:20.000000Z,1.50898,1.50828
2015-07-29T04:49:30.000000Z,1.509,1.50832
2015-07-29T04:49:40.000000Z,1.50893,1.50828
2015-07-29T04:49:50.000000Z,1.50905,1.50843
2015-07-29T04:50:00.000000Z,1.50909,1.50846
2015-07-29T04:50:10.000000Z,1.50918,1.50848
2015-07-29T04:50:20.000000Z,1.50903,1.50836
2015-07-29T04:50:30.000000Z,1.50894,1.50828
2015-07-29T04:50:40.000000Z,1.50896,1.50826
2015-07-29T04:50:50.000000Z,1.50903,1.50842
2015-07-29T04:51:00.000000Z,1.50893,1.50827
2015-07-29T04:51:10.000000Z,1.509,1.50834
2015-07-29T04:51:20.000000Z,1.509,1.5083
2015-07-29T04:51:30.000000Z,1.509,1.50823
2015-07-29T04:51:40.000000Z,1.50906,1.50832
2015-07-29T04:51:50.000000Z,1.50906,1.50832
2015-07-29T04:52:00.000000Z,1.50912,1.50842
2015-07-29T04:52:10.000000Z,1.50908,1.50838
2015-07-29T04:52:20.000000Z,1.50887,1.50823
2015-07-29T04:52:30.000000Z,1.50883,1.50821
2015-07-29T04:52:40.000000Z,1.50891,1.50827
2015-07-29T04:52:50.000000Z,1.50888,1.50825
2015-07-29T04:53:00.000000Z,1.50892,1.50828
2015-07-29T04:53:10.000000Z,1.50893,1.50828
2015-07-29T04:53:30.000000Z,1.50892,1.50829
2015-07-29T04:53:40.000000Z,1.5089,1.50829
2015-07-29T04:53:50.000000Z,1.50888,1.50829
2015-07-29T04:54:00.000000Z,1.5089,1.50832
2015-07-29T04:54:10.000000Z,1.50889,1.50828
2015-07-29T04:54:20.000000Z,1.50897,1.50833
2015-07-29T04:54:30.000000Z,1.50891,1.5083
2015-07-29T04:54:40.000000Z,1.50889,1.50824
2015-07-29T04:54:50.000000Z,1.50891,1.50828
2015-07-29T04:55:00.000000Z,1.50893,1.50829
2015-07-29T04:55:20.000000Z,1.50899,1.50834
2015-07-29T04:55:30.000000Z,1.50904,1.50838
2015-07-29T04:55:40.000000Z,1.5089,1.50822
2015-07-29T04:56:00.000000Z,1.50903,1.50838
2015-07-29T04:56:10.000000Z,1.50902,1.50834
2015-07-29T04:56:20.000000Z,1.50902,1.50837
2015-07-29T04:56:30.000000Z,1.50893,1.50828
2015-07-29T04:56:40.000000Z,1.50902,1.50838
2015-07-29T04:56:50.000000Z,1.50906,1.50842
2015-07-29T04:57:10.000000Z,1.50898,1.50834
2015-07-29T04:57:20.000000Z,1.50891,1.50827
2015-07-29T04:57:30.000000Z,1.50885,1.50823
2015-07-29T04:58:00.000000Z,1.50891,1.50829
2015-07-29T04:58:10.000000Z,1.50887,1.50822
2015-07-29T04:58:20.000000Z,1.5089,1.50826
2015-07-29T04:58:30.000000Z,1.5088,1.50816
2015-07-29T04:58:40.000000Z,1.50868,1.50795
2015-07-29T04:58:50.000000Z,1.50865,1.50795
2015-07-29T04:59:00.000000Z,1.50886,1.50814
2015-07-29T04:59:10.000000Z,1.50878,1.50803
2015-07-29T04:59:20.000000Z,1.50874,1.50802
2015-07-29T04:59:30.000000Z,1.50868,1.50793
2015-07-29T04:59:50.000000Z,1.5086,1.5079
2015-07-29T05:00:00.000000Z,1.50857,1.50793
2015-07-29T05:00:10.000000Z,1.50854,1.50789
2015-07-29T05:00:20.000000Z,1.50866,1.50794
2015-07-29T05:00:30.000000Z,1.50866,1.50793
2015-07-29T05:00:40.000000Z,1.50884,1.50814
2015-07-29T05:00:50.000000Z,1.50888,1.50818
2015-07-29T05:01:00.000000Z,1.50896,1.50817
2015-07-29T05:01:10.000000Z,1.5089,1.50811
2015-07-29T05:01:20.000000Z,1.50889,1.50817
2015-07-29T05:01:30.000000Z,1.50889,1.50818
2015-07-29T05:01:40.000000Z,1.50889,1.50816
2015-07-29T05:01:50.000000Z,1.5089,1.50815
2015-07-29T05:02:00.000000Z,1.50892,1.5082
2015-07-29T05:02:10.000000Z,1.50894,1.50827
2015-07-29T05:02:20.000000Z,1.50909,1.50841
2015-07-29T05:02:30.000000Z,1.50909,1.50842
2015-07-29T05:02:40.000000Z,1.50903,1.50841
2015-07-29T05:02:50.000000Z,1.50908,1.50841
2015-07-29T05:03:00.000000Z,1.5091,1.50839
2015-07-29T05:03:10.000000Z,1.50916,1.50846
2015-07-29T05:03:20.000000Z,1.50921,1.50849
2015-07-29T05:03:30.000000Z,1.50924,1.50852
2015-07-29T05:04:00.000000Z,1.50915,1.50849
2015-07-29T05:04:10.000000Z,1.5091,1.50841
2015-07-29T05:04:20.000000Z,1.50916,1.50847
2015-07-29T05:04:30.000000Z,1.50903,1.50836
2015-07-29T05:04:40.000000Z,1.50898,1.50833
2015-07-29T05:04:50.000000Z,1.50911,1.5085
2015-07-29T05:05:00.000000Z,1.50903,1.50838
2015-07-29T05:05:10.000000Z,1.5091,1.5084
2015-07-29T05:05:20.000000Z,1.50908,1.50841
2015-07-29T05:05:30.000000Z,1.50913,1.50843
2015-07-29T05:05:40.000000Z,1.50904,1.50839
2015-07-29T05:05:50.000000Z,1.50898,1.50836
2015-07-29T05:06:00.000000Z,1.50901,1.50837
2015-07-29T05:06:10.000000Z,1.50901,1.50837
2015-07-29T05:06:20.000000Z,1.50899,1.50834
2015-07-29T05:06:30.000000Z,1.50899,1.50835
2015-07-29T05:06:40.000000Z,1.509,1.50834
2015-07-29T05:06:50.000000Z,1.50908,1.5084
2015-07-29T05:07:00.000000Z,1.50913,1.50848
2015-07-29T05:07:10.000000Z,1.50916,1.50848
2015-07-29T05:07:20.000000Z,1.50916,1.5085
2015-07-29T05:07:30.000000Z,1.50912,1.50848
2015-07-29T05:07:50.000000Z,1.50919,1.50854
2015-07-29T05:08:00.000000Z,1.50914,1.5085
2015-07-29T05:08:10.000000Z,1.50909,1.50846
2015-07-29T05:08:20.000000Z,1.50921,1.50859
2015-07-29T05:08:30.000000Z,1.509,1.50838
2015-07-29T05:08:40.000000Z,1.5089,1.50828
2015-07-29T05:08:50.000000Z,1.50915,1.50852
2015-07-29T05:09:00.000000Z,1.50915,1.50851
2015-07-29T05:09:10.000000Z,1.50908,1.50848
2015-07-29T05:09:20.000000Z,1.5091,1.50848
2015-07-29T05:09:30.000000Z,1.50909,1.50847
2015-07-29T05:09:40.000000Z,1.50909,1.50844
2015-07-29T05:09:50.000000Z,1.50896,1.50835
2015-07-29T05:10:00.000000Z,1.50901,1.50835
2015-07-29T05:10:10.000000Z,1.50907,1.50842
2015-07-29T05:10:20.000000Z,1.50898,1.50835
2015-07-29T05:10:30.000000Z,1.50897,1.50835
2015-07-29T05:10:40.000000Z,1.509,1.50837
2015-07-29T05:10:50.000000Z,1.50884,1.50821
2015-07-29T05:11:00.000000Z,1.50898,1.50836
2015-07-29T05:11:10.000000Z,1.50891,1.50827
2015-07-29T05:11:20.000000Z,1.50889,1.50829
2015-07-29T05:11:40.000000Z,1.50892,1.50828
2015-07-29T05:11:50.000000Z,1.50889,1.50827
2015-07-29T05:12:10.000000Z,1.50891,1.50826
2015-07-29T05:12:20.000000Z,1.50889,1.50828
2015-07-29T05:12:30.000000Z,1.50888,1.50826
2015-07-29T05:12:40.000000Z,1.50879,1.50817
2015-07-29T05:12:50.000000Z,1.50889,1.50822
2015-07-29T05:13:00.000000Z,1.50889,1.50823
2015-07-29T05:13:10.000000Z,1.50882,1.50822
2015-07-29T05:13:20.000000Z,1.50878,1.5082
2015-07-29T05:13:30.000000Z,1.50883,1.5082
2015-07-29T05:13:40.000000Z,1.50875,1.50814
2015-07-29T05:13:50.000000Z,1.50875,1.50816
2015-07-29T05:14:00.000000Z,1.50876,1.5081
2015-07-29T05:14:10.000000Z,1.50875,1.5081
2015-07-29T05:14:20.000000Z,1.50885,1.50819
2015-07-29T05:14:30.000000Z,1.50868,1.50802
2015-07-29T05:14:40.000000Z,1.50871,1.50805
2015-07-29T05:14:50.000000Z,1.50872,1.50807
2015-07-29T05:15:10.000000Z,1.50863,1.50799
2015-07-29T05:15:20.000000Z,1.5086,1.50796
2015-07-29T05:15:30.000000Z,1.50864,1.50807
2015-07-29T05:15:40.000000Z,1.50869,1.50812
2015-07-29T05:15:50.000000Z,1.5088,1.5082
2015-07-29T05:16:00.000000Z,1.50881,1.50824
2015-07-29T05:16:10.000000Z,1.50875,1.50818
2015-07-29T05:16:20.000000Z,1.50875,1.50818
2015-07-29T05:16:40.000000Z,1.50863,1.50806
2015-07-29T05:16:50.000000Z,1.50865,1.50805
2015-07-29T05:17:00.000000Z,1.50873,1.50816
2015-07-29T05:17:20.000000Z,1.50873,1.50814
2015-07-29T05:17:30.000000Z,1.50868,1.5081
2015-07-29T05:17:40.000000Z,1.5087,1.50813
2015-07-29T05:17:50.000000Z,1.50871,1.50813
2015-07-29T05:18:00.000000Z,1.50876,1.50813
2015-07-29T05:18:10.000000Z,1.50874,1.50815
2015-07-29T05:18:20.000000Z,1.50882,1.50817
2015-07-29T05:18:30.000000Z,1.50884,1.50817
2015-07-29T05:18:40.000000Z,1.5089,1.50822
2015-07-29T05:18:50.000000Z,1.50883,1.50816
2015-07-29T05:19:00.000000Z,1.5089,1.50819
2015-07-29T05:19:10.000000Z,1.50897,1.50833
2015-07-29T05:19:20.000000Z,1.50887,1.50827
2015-07-29T05:19:30.000000Z,1.50895,1.50825
2015-07-29T05:19:40.000000Z,1.50903,1.50838
2015-07-29T05:20:00.000000Z,1.50892,1.50829
2015-07-29T05:20:10.000000Z,1.50893,1.50828
2015-07-29T05:20:20.000000Z,1.5089,1.50829
2015-07-29T05:20:30.000000Z,1.5088,1.50817
2015-07-29T05:20:50.000000Z,1.50868,1.50804
2015-07-29T05:21:10.000000Z,1.50871,1.5081
2015-07-29T05:21:20.000000Z,1.50873,1.50811
2015-07-29T05:21:30.000000Z,1.50867,1.50809
2015-07-29T05:21:40.000000Z,1.50871,1.50809
2015-07-29T05:21:50.000000Z,1.50871,1.50803
2015-07-29T05:22:00.000000Z,1.50868,1.50805
2015-07-29T05:22:10.000000Z,1.50864,1.50804
2015-07-29T05:22:30.000000Z,1.50863,1.50806
2015-07-29T05:22:40.000000Z,1.50868,1.50808
2015-07-29T05:22:50.000000Z,1.50868,1.50811
2015-07-29T05:23:10.000000Z,1.5088,1.50819
2015-07-29T05:23:20.000000Z,1.50865,1.50804
2015-07-29T05:23:40.000000Z,1.50859,1.50804
2015-07-29T05:23:50.000000Z,1.50875,1.5082
2015-07-29T05:24:00.000000Z,1.50863,1.50807
2015-07-29T05:24:10.000000Z,1.50849,1.50793
2015-07-29T05:24:20.000000Z,1.50855,1.50799
2015-07-29T05:24:30.000000Z,1.5089,1.50828
2015-07-29T05:24:40.000000Z,1.50859,1.50802
2015-07-29T05:24:50.000000Z,1.50851,1.50794
2015-07-29T05:25:00.000000Z,1.50853,1.50794
2015-07-29T05:25:10.000000Z,1.50862,1.50801
2015-07-29T05:25:20.000000Z,1.50863,1.50801
2015-07-29T05:25:30.000000Z,1.50863,1.50804
2015-07-29T05:25:50.000000Z,1.50861,1.50799
2015-07-29T05:26:00.000000Z,1.5086,1.50791
2015-07-29T05:26:10.000000Z,1.50861,1.50798
2015-07-29T05:26:20.000000Z,1.50855,1.50792
2015-07-29T05:26:30.000000Z,1.50862,1.50793
2015-07-29T05:26:40.000000Z,1.50852,1.50784
2015-07-29T05:26:50.000000Z,1.50841,1.50772
2015-07-29T05:27:00.000000Z,1.50858,1.50794
2015-07-29T05:27:10.000000Z,1.50845,1.50782
2015-07-29T05:27:20.000000Z,1.50853,1.50788
2015-07-29T05:27:30.000000Z,1.50851,1.50788
2015-07-29T05:27:40.000000Z,1.50849,1.50787
2015-07-29T05:27:50.000000Z,1.50834,1.50773
2015-07-29T05:28:00.000000Z,1.50844,1.50777
2015-07-29T05:28:10.000000Z,1.50843,1.50776
2015-07-29T05:28:20.000000Z,1.5083,1.50764
2015-07-29T05:28:30.000000Z,1.50843,1.50776
2015-07-29T05:28:50.000000Z,1.50845,1.50776
2015-07-29T05:29:10.000000Z,1.50849,1.5078
2015-07-29T05:29:30.000000Z,1.50848,1.50781
2015-07-29T05:29:40.000000Z,1.50849,1.5078
2015-07-29T05:29:50.000000Z,1.50849,1.50782
2015-07-29T05:30:00.000000Z,1.50848,1.50783
2015-07-29T05:30:20.000000Z,1.50848,1.50782
2015-07-29T05:30:30.000000Z,1.50851,1.50781
2015-07-29T05:30:40.000000Z,1.50837,1.50773
2015-07-29T05:30:50.000000Z,1.50842,1.50774
2015-07-29T05:31:00.000000Z,1.50842,1.50776
2015-07-29T05:31:10.000000Z,1.50835,1.50778
2015-07-29T05:31:20.000000Z,1.50838,1.50772
2015-07-29T05:31:30.000000Z,1.5083,1.50765
2015-07-29T05:31:40.000000Z,1.50829,1.50765
2015-07-29T05:31:50.000000Z,1.50829,1.50767
2015-07-29T05:32:10.000000Z,1.50828,1.50769
2015-07-29T05:32:20.000000Z,1.50826,1.50765
2015-07-29T05:32:30.000000Z,1.50807,1.5075
2015-07-29T05:32:40.000000Z,1.50809,1.50752
2015-07-29T05:32:50.000000Z,1.50817,1.50747
2015-07-29T05:33:00.000000Z,1.50816,1.5075
2015-07-29T05:33:10.000000Z,1.50813,1.50753
2015-07-29T05:33:20.000000Z,1.50808,1.5074
2015-07-29T05:33:30.000000Z,1.50803,1.50733
2015-07-29T05:33:40.000000Z,1.50762,1.50699
2015-07-29T05:33:50.000000Z,1.50778,1.50712
2015-07-29T05:34:00.000000Z,1.50759,1.50681
2015-07-29T05:34:10.000000Z,1.5075,1.50686
2015-07-29T05:34:20.000000Z,1.50731,1.50664
2015-07-29T05:34:30.000000Z,1.50748,1.50683
2015-07-29T05:34:40.000000Z,1.50745,1.5068
2015-07-29T05:34:50.000000Z,1.50735,1.50675
2015-07-29T05:35:00.000000Z,1.50729,1.50667
2015-07-29T05:35:10.000000Z,1.50732,1.50671
2015-07-29T05:35:20.000000Z,1.50749,1.50687
2015-07-29T05:35:30.000000Z,1.50757,1.50702
2015-07-29T05:35:40.000000Z,1.50754,1.50698
2015-07-29T05:35:50.000000Z,1.50754,1.50697
2015-07-29T05:36:00.000000Z,1.5076,1.50698
2015-07-29T05:36:10.000000Z,1.50764,1.50702
2015-07-29T05:36:20.000000Z,1.50755,1.50696
2015-07-29T05:36:30.000000Z,1.5076,1.50697
2015-07-29T05:36:40.000000Z,1.50758,1.50698
2015-07-29T05:36:50.000000Z,1.50757,1.50695
2015-07-29T05:37:00.000000Z,1.50732,1.50667
2015-07-29T05:37:10.000000Z,1.50729,1.50666
2015-07-29T05:37:20.000000Z,1.50736,1.50673
2015-07-29T05:37:30.000000Z,1.50732,1.50671
2015-07-29T05:38:10.000000Z,1.50726,1.50662
2015-07-29T05:38:20.000000Z,1.50711,1.50635
2015-07-29T05:38:30.000000Z,1.50723,1.50656
2015-07-29T05:38:40.000000Z,1.50732,1.50665
2015-07-29T05:38:50.000000Z,1.50723,1.50658
2015-07-29T05:39:00.000000Z,1.50732,1.50667
2015-07-29T05:39:10.000000Z,1.50731,1.50668
2015-07-29T05:39:20.000000Z,1.5073,1.5067
2015-07-29T05:39:30.000000Z,1.50732,1.50673
2015-07-29T05:39:40.000000Z,1.50727,1.50667
2015-07-29T05:39:50.000000Z,1.5074,1.50678
2015-07-29T05:40:00.000000Z,1.50739,1.50679
2015-07-29T05:40:10.000000Z,1.50745,1.50686
2015-07-29T05:40:20.000000Z,1.50751,1.50692
2015-07-29T05:40:30.000000Z,1.50728,1.50676
2015-07-29T05:40:40.000000Z,1.50731,1.50676
2015-07-29T05:41:00.000000Z,1.50754,1.50697
2015-07-29T05:41:10.000000Z,1.50751,1.50695
2015-07-29T05:41:20.000000Z,1.50745,1.50686
2015-07-29T05:41:30.000000Z,1.50743,1.50687
2015-07-29T05:41:40.000000Z,1.50749,1.50689
2015-07-29T05:41:50.000000Z,1.50759,1.50697
2015-07-29T05:42:00.000000Z,1.50752,1.50697
2015-07-29T05:42:10.000000Z,1.50756,1.50699
2015-07-29T05:42:20.000000Z,1.50755,1.50699
2015-07-29T05:42:40.000000Z,1.50773,1.50717
2015-07-29T05:42:50.000000Z,1.50774,1.50714
2015-07-29T05:43:00.000000Z,1.50773,1.50716
2015-07-29T05:43:10.000000Z,1.50767,1.5071
2015-07-29T05:43:20.000000Z,1.5077,1.50713
2015-07-29T05:43:30.000000Z,1.50767,1.50708
2015-07-29T05:43:40.000000Z,1.50778,1.50718
2015-07-29T05:43:50.000000Z,1.50779,1.50721
2015-07-29T05:44:00.000000Z,1.50781,1.50722
2015-07-29T05:44:10.000000Z,1.50781,1.50723
2015-07-29T05:44:20.000000Z,1.5078,1.50721
2015-07-29T05:44:30.000000Z,1.50781,1.50722
2015-07-29T05:44:40.000000Z,1.5078,1.50723
2015-07-29T05:44:50.000000Z,1.50775,1.50722
2015-07-29T05:45:00.000000Z,1.5078,1.50723
2015-07-29T05:45:10.000000Z,1.5078,1.50722
2015-07-29T05:45:20.000000Z,1.50791,1.50731
2015-07-29T05:45:30.000000Z,1.50791,1.50734
2015-07-29T05:45:50.000000Z,1.50788,1.50729
2015-07-29T05:46:00.000000Z,1.50789,1.50726
2015-07-29T05:46:10.000000Z,1.50787,1.50727
2015-07-29T05:46:40.000000Z,1.50789,1.50729
2015-07-29T05:46:50.000000Z,1.50778,1.50725
2015-07-29T05:47:00.000000Z,1.50778,1.50725
2015-07-29T05:47:10.000000Z,1.5078,1.50723
2015-07-29T05:47:30.000000Z,1.50775,1.50717
2015-07-29T05:47:40.000000Z,1.50783,1.50723
2015-07-29T05:47:50.000000Z,1.50781,1.5072
2015-07-29T05:48:00.000000Z,1.50779,1.5072
2015-07-29T05:48:20.000000Z,1.50781,1.5072
2015-07-29T05:48:30.000000Z,1.50758,1.50702
2015-07-29T05:48:40.000000Z,1.50773,1.5071
2015-07-29T05:48:50.000000Z,1.50767,1.50704
2015-07-29T05:49:00.000000Z,1.50763,1.50698
2015-07-29T05:49:10.000000Z,1.50763,1.50703
2015-07-29T05:49:20.000000Z,1.50764,1.50704
2015-07-29T05:49:30.000000Z,1.50772,1.50712
2015-07-29T05:49:40.000000Z,1.50773,1.50713
2015-07-29T05:49:50.000000Z,1.50782,1.50728
2015-07-29T05:50:00.000000Z,1.50783,1.50726
2015-07-29T05:50:10.000000Z,1.50783,1.50727
2015-07-29T05:50:30.000000Z,1.50786,1.50727
2015-07-29T05:50:40.000000Z,1.50788,1.5073
2015-07-29T05:50:50.000000Z,1.50792,1.5073
2015-07-29T05:51:00.000000Z,1.5079,1.5073
2015-07-29T05:51:10.000000Z,1.50785,1.50726
2015-07-29T05:51:20.000000Z,1.50781,1.50723
2015-07-29T05:51:30.000000Z,1.50773,1.50709
2015-07-29T05:51:40.000000Z,1.50767,1.50701
2015-07-29T05:52:00.000000Z,1.50748,1.50684
2015-07-29T05:52:10.000000Z,1.50749,1.50685
2015-07-29T05:52:20.000000Z,1.50757,1.5069
2015-07-29T05:52:30.000000Z,1.50758,1.50696
2015-07-29T05:52:40.000000Z,1.50758,1.50695
2015-07-29T05:52:50.000000Z,1.50759,1.50694
2015-07-29T05:53:00.000000Z,1.50771,1.50706
2015-07-29T05:53:10.000000Z,1.5077,1.50706
2015-07-29T05:53:20.000000Z,1.50766,1.50707
2015-07-29T05:53:30.000000Z,1.50767,1.50706
2015-07-29T05:53:40.000000Z,1.5077,1.50707
2015-07-29T05:53:50.000000Z,1.50767,1.50704
2015-07-29T05:54:00.000000Z,1.50773,1.50706
2015-07-29T05:54:10.000000Z,1.50775,1.5071
2015-07-29T05:54:20.000000Z,1.50772,1.50712
2015-07-29T05:54:40.000000Z,1.50777,1.50715
2015-07-29T05:54:50.000000Z,1.50785,1.50719
2015-07-29T05:55:00.000000Z,1.50784,1.5072
2015-07-29T05:55:30.000000Z,1.5078,1.50716
2015-07-29T05:55:40.000000Z,1.50778,1.50715
2015-07-29T05:55:50.000000Z,1.50782,1.50717
2015-07-29T05:56:00.000000Z,1.50774,1.50706
2015-07-29T05:56:10.000000Z,1.50775,1.50708
2015-07-29T05:56:20.000000Z,1.50775,1.50709
2015-07-29T05:56:40.000000Z,1.50773,1.50712
2015-07-29T05:56:50.000000Z,1.50773,1.50711
2015-07-29T05:57:00.000000Z,1.5078,1.50711
2015-07-29T05:57:10.000000Z,1.5078,1.50711
2015-07-29T05:57:20.000000Z,1.50771,1.50708
2015-07-29T05:57:30.000000Z,1.50769,1.50704
2015-07-29T05:57:40.000000Z,1.50773,1.50705
2015-07-29T05:57:50.000000Z,1.50771,1.50708
2015-07-29T05:58:00.000000Z,1.50759,1.50697
2015-07-29T05:58:10.000000Z,1.50757,1.50693
2015-07-29T05:58:20.000000Z,1.50747,1.50679
2015-07-29T05:58:30.000000Z,1.50733,1.50662
2015-07-29T05:58:40.000000Z,1.50723,1.50655
2015-07-29T05:58:50.000000Z,1.5072,1.50652
2015-07-29T05:59:00.000000Z,1.50731,1.5066
2015-07-29T05:59:10.000000Z,1.5075,1.50683
2015-07-29T05:59:20.000000Z,1.50763,1.5069
2015-07-29T05:59:30.000000Z,1.50761,1.5069
2015-07-29T05:59:40.000000Z,1.50758,1.50691
2015-07-29T05:59:50.000000Z,1.5077,1.50697
2015-07-29T06:00:00.000000Z,1.50784,1.5071
2015-07-29T06:00:10.000000Z,1.50789,1.50722
2015-07-29T06:00:30.000000Z,1.50794,1.50725
2015-07-29T06:00:40.000000Z,1.50792,1.50724
2015-07-29T06:00:50.000000Z,1.50799,1.50734
2015-07-29T06:01:00.000000Z,1.50806,1.50736
2015-07-29T06:01:10.000000Z,1.50795,1.50728
2015-07-29T06:01:20.000000Z,1.50795,1.50728
2015-07-29T06:01:30.000000Z,1.50806,1.50737
2015-07-29T06:01:40.000000Z,1.50802,1.50733
2015-07-29T06:01:50.000000Z,1.5079,1.50727
2015-07-29T06:02:00.000000Z,1.50796,1.50732
2015-07-29T06:02:10.000000Z,1.50801,1.50731
2015-07-29T06:02:20.000000Z,1.50784,1.50714
2015-07-29T06:02:30.000000Z,1.50777,1.50713
2015-07-29T06:02:40.000000Z,1.50773,1.50709
2015-07-29T06:02:50.000000Z,1.50765,1.507
2015-07-29T06:03:00.000000Z,1.50763,1.50699
2015-07-29T06:03:10.000000Z,1.50759,1.50692
2015-07-29T06:03:20.000000Z,1.50769,1.50706
2015-07-29T06:03:30.000000Z,1.50773,1.50706
2015-07-29T06:03:40.000000Z,1.50784,1.50717
2015-07-29T06:03:50.000000Z,1.50773,1.50704
2015-07-29T06:04:00.000000Z,1.50785,1.50713
2015-07-29T06:04:10.000000Z,1.50785,1.50717
2015-07-29T06:04:20.000000Z,1.50783,1.50715
2015-07-29T06:04:30.000000Z,1.50789,1.5072
2015-07-29T06:04:40.000000Z,1.50788,1.5072
2015-07-29T06:04:50.000000Z,1.50791,1.50726
2015-07-29T06:05:00.000000Z,1.50791,1.50727
2015-07-29T06:05:10.000000Z,1.50797,1.50731
2015-07-29T06:05:20.000000Z,1.50776,1.50708
2015-07-29T06:05:30.000000Z,1.50776,1.50709
2015-07-29T06:05:40.000000Z,1.50789,1.50721
2015-07-29T06:05:50.000000Z,1.50802,1.50736
2015-07-29T06:06:00.000000Z,1.50773,1.50706
2015-07-29T06:06:10.000000Z,1.50775,1.50716
2015-07-29T06:06:20.000000Z,1.50778,1.5072
2015-07-29T06:06:30.000000Z,1.50779,1.50715
2015-07-29T06:06:40.000000Z,1.50775,1.5071
2015-07-29T06:06:50.000000Z,1.50775,1.50708
2015-07-29T06:07:00.000000Z,1.50776,1.50713
2015-07-29T06:07:10.000000Z,1.50767,1.50701
2015-07-29T06:07:20.000000Z,1.50763,1.50693
2015-07-29T06:07:30.000000Z,1.50767,1.50698
2015-07-29T06:07:40.000000Z,1.50781,1.5071
2015-07-29T06:07:50.000000Z,1.50784,1.50712
2015-07-29T06:08:00.000000Z,1.50784,1.50721
2015-07-29T06:08:20.000000Z,1.50796,1.50732
2015-07-29T06:08:30.000000Z,1.50795,1.50728
2015-07-29T06:08:40.000000Z,1.50795,1.50732
2015-07-29T06:08:50.000000Z,1.50795,1.50732
2015-07-29T06:09:00.000000Z,1.5079,1.50717
2015-07-29T06:09:10.000000Z,1.50781,1.50716
2015-07-29T06:09:20.000000Z,1.50724,1.50633
2015-07-29T06:09:30.000000Z,1.50725,1.50657
2015-07-29T06:09:40.000000Z,1.5071,1.50643
2015-07-29T06:09:50.000000Z,1.50712,1.50639
2015-07-29T06:10:00.000000Z,1.50696,1.50624
2015-07-29T06:10:10.000000Z,1.50706,1.50639
2015-07-29T06:10:20.000000Z,1.50706,1.50633
2015-07-29T06:10:30.000000Z,1.50706,1.50638
2015-07-29T06:10:40.000000Z,1.50699,1.50633
2015-07-29T06:10:50.000000Z,1.50707,1.50642
2015-07-29T06:11:00.000000Z,1.50714,1.50653
2015-07-29T06:11:10.000000Z,1.50728,1.50661
2015-07-29T06:11:30.000000Z,1.50743,1.50672
2015-07-29T06:11:40.000000Z,1.50748,1.50682
2015-07-29T06:11:50.000000Z,1.50735,1.50675
2015-07-29T06:12:00.000000Z,1.50731,1.50658
2015-07-29T06:12:10.000000Z,1.50734,1.50671
2015-07-29T06:12:20.000000Z,1.50738,1.50672
2015-07-29T06:12:30.000000Z,1.50743,1.50676
2015-07-29T06:13:00.000000Z,1.50756,1.50691
2015-07-29T06:13:10.000000Z,1.50754,1.50686
2015-07-29T06:13:20.000000Z,1.50736,1.50671
2015-07-29T06:13:30.000000Z,1.50736,1.50669
2015-07-29T06:13:40.000000Z,1.50684,1.50616
2015-07-29T06:13:50.000000Z,1.50697,1.5063
2015-07-29T06:14:00.000000Z,1.50693,1.50624
2015-07-29T06:14:10.000000Z,1.50689,1.50617
2015-07-29T06:14:20.000000Z,1.50702,1.50635
2015-07-29T06:14:30.000000Z,1.50716,1.50647
2015-07-29T06:14:40.000000Z,1.50715,1.50644
2015-07-29T06:14:50.000000Z,1.50712,1.50644
2015-07-29T06:15:00.000000Z,1.50701,1.50635
2015-07-29T06:15:10.000000Z,1.50698,1.50636
2015-07-29T06:15:20.000000Z,1.50687,1.50624
2015-07-29T06:15:30.000000Z,1.50685,1.5062
2015-07-29T06:15:40.000000Z,1.50689,1.50627
2015-07-29T06:15:50.000000Z,1.50696,1.50631
2015-07-29T06:16:10.000000Z,1.50687,1.50627
2015-07-29T06:16:30.000000Z,1.50686,1.50624
2015-07-29T06:16:40.000000Z,1.50686,1.50625
2015-07-29T06:17:00.000000Z,1.50687,1.50625
2015-07-29T06:17:10.000000Z,1.50671,1.50607
2015-07-29T06:17:20.000000Z,1.5069,1.50625
2015-07-29T06:17:30.000000Z,1.50681,1.50615
2015-07-29T06:17:40.000000Z,1.50685,1.50618
2015-07-29T06:17:50.000000Z,1.50704,1.50635
2015-07-29T06:18:00.000000Z,1.50709,1.50636
2015-07-29T06:18:10.000000Z,1.5072,1.50647
2015-07-29T06:18:20.000000Z,1.50707,1.50634
2015-07-29T06:18:30.000000Z,1.50679,1.5061
2015-07-29T06:18:40.000000Z,1.50693,1.50625
2015-07-29T06:19:00.000000Z,1.50684,1.50615
2015-07-29T06:19:10.000000Z,1.50684,1.50621
2015-07-29T06:19:20.000000Z,1.50695,1.50618
2015-07-29T06:19:30.000000Z,1.50704,1.5063
2015-07-29T06:19:40.000000Z,1.50707,1.5063
2015-07-29T06:19:50.000000Z,1.50702,1.50634
2015-07-29T06:20:00.000000Z,1.5073,1.50661
2015-07-29T06:20:10.000000Z,1.50729,1.50663
2015-07-29T06:20:20.000000Z,1.50729,1.50658
2015-07-29T06:20:30.000000Z,1.50717,1.50647
2015-07-29T06:20:40.000000Z,1.50723,1.50654
2015-07-29T06:20:50.000000Z,1.50724,1.50656
2015-07-29T06:21:00.000000Z,1.50711,1.50641
2015-07-29T06:21:10.000000Z,1.50712,1.50641
2015-07-29T06:21:20.000000Z,1.50712,1.50643
2015-07-29T06:21:30.000000Z,1.50703,1.5064
2015-07-29T06:21:40.000000Z,1.50687,1.50624
2015-07-29T06:21:50.000000Z,1.5067,1.50607
2015-07-29T06:22:00.000000Z,1.50677,1.50614
2015-07-29T06:22:10.000000Z,1.5067,1.50605
2015-07-29T06:22:20.000000Z,1.50688,1.50619
2015-07-29T06:22:30.000000Z,1.50699,1.50634
2015-07-29T06:22:40.000000Z,1.50687,1.50618
2015-07-29T06:22:50.000000Z,1.5069,1.50623
2015-07-29T06:23:00.000000Z,1.50716,1.50652
2015-07-29T06:23:10.000000Z,1.50707,1.50642
2015-07-29T06:23:20.000000Z,1.50715,1.50648
2015-07-29T06:23:30.000000Z,1.50714,1.50643
2015-07-29T06:23:40.000000Z,1.5073,1.50661
2015-07-29T06:23:50.000000Z,1.50724,1.50658
2015-07-29T06:24:10.000000Z,1.50746,1.50672
2015-07-29T06:24:20.000000Z,1.50741,1.50668
2015-07-29T06:24:30.000000Z,1.50738,1.50668
2015-07-29T06:24:40.000000Z,1.50734,1.50671
2015-07-29T06:24:50.000000Z,1.50748,1.50685
2015-07-29T06:25:00.000000Z,1.50723,1.50656
2015-07-29T06:25:10.000000Z,1.50732,1.50665
2015-07-29T06:25:20.000000Z,1.5074,1.50675
2015-07-29T06:25:30.000000Z,1.50741,1.50676
2015-07-29T06:25:40.000000Z,1.50759,1.50695
2015-07-29T06:25:50.000000Z,1.50731,1.50662
2015-07-29T06:26:00.000000Z,1.50724,1.50655
2015-07-29T06:26:10.000000Z,1.5072,1.50651
2015-07-29T06:26:20.000000Z,1.5072,1.50657
2015-07-29T06:26:30.000000Z,1.50724,1.50659
2015-07-29T06:26:40.000000Z,1.50732,1.50666
2015-07-29T06:26:50.000000Z,1.50736,1.50674
2015-07-29T06:27:00.000000Z,1.50721,1.50663
2015-07-29T06:27:10.000000Z,1.50721,1.50653
2015-07-29T06:27:20.000000Z,1.50718,1.50653
2015-07-29T06:27:30.000000Z,1.50738,1.50672
2015-07-29T06:28:00.000000Z,1.50733,1.5067
2015-07-29T06:28:10.000000Z,1.50744,1.50678
2015-07-29T06:28:20.000000Z,1.50753,1.50688
2015-07-29T06:28:30.000000Z,1.50749,1.50687
2015-07-29T06:28:40.000000Z,1.50745,1.50683
2015-07-29T06:28:50.000000Z,1.50742,1.50679
2015-07-29T06:29:00.000000Z,1.50742,1.50678
2015-07-29T06:29:10.000000Z,1.50743,1.50683
2015-07-29T06:29:50.000000Z,1.50738,1.50671
2015-07-29T06:30:00.000000Z,1.50723,1.50657
2015-07-29T06:30:10.000000Z,1.50727,1.50661
2015-07-29T06:30:20.000000Z,1.5072,1.50654
2015-07-29T06:30:30.000000Z,1.50728,1.50665
2015-07-29T06:30:40.000000Z,1.50731,1.50666
2015-07-29T06:30:50.000000Z,1.50726,1.5066
2015-07-29T06:31:00.000000Z,1.50728,1.50662
2015-07-29T06:31:10.000000Z,1.50729,1.50667
2015-07-29T06:31:20.000000Z,1.50744,1.50684
2015-07-29T06:31:30.000000Z,1.50744,1.50682
2015-07-29T06:31:40.000000Z,1.50729,1.50668
2015-07-29T06:31:50.000000Z,1.5074,1.50675
2015-07-29T06:32:00.000000Z,1.5074,1.50672
2015-07-29T06:32:10.000000Z,1.50733,1.50665
2015-07-29T06:32:20.000000Z,1.50729,1.50662
2015-07-29T06:32:30.000000Z,1.50724,1.50659
2015-07-29T06:32:40.000000Z,1.5074,1.50675
2015-07-29T06:32:50.000000Z,1.50738,1.50671
2015-07-29T06:33:00.000000Z,1.50745,1.50677
2015-07-29T06:33:10.000000Z,1.50751,1.50688
2015-07-29T06:33:20.000000Z,1.50749,1.50684
2015-07-29T06:33:30.000000Z,1.50744,1.5068
2015-07-29T06:33:40.000000Z,1.5073,1.50663
2015-07-29T06:33:50.000000Z,1.50737,1.50674
2015-07-29T06:34:00.000000Z,1.50741,1.5068
2015-07-29T06:34:10.000000Z,1.50748,1.50681
2015-07-29T06:34:20.000000Z,1.50748,1.50682
2015-07-29T06:34:30.000000Z,1.50753,1.50687
2015-07-29T06:34:40.000000Z,1.50764,1.50696
2015-07-29T06:34:50.000000Z,1.50763,1.50697
2015-07-29T06:35:00.000000Z,1.5076,1.50698
2015-07-29T06:35:10.000000Z,1.50771,1.50707
2015-07-29T06:35:20.000000Z,1.50769,1.507
2015-07-29T06:35:40.000000Z,1.50762,1.50697
2015-07-29T06:35:50.000000Z,1.50758,1.50693
2015-07-29T06:36:00.000000Z,1.50768,1.507
2015-07-29T06:36:10.000000Z,1.50795,1.50731
2015-07-29T06:36:20.000000Z,1.50796,1.50729
2015-07-29T06:36:40.000000Z,1.50794,1.50732
2015-07-29T06:36:50.000000Z,1.50791,1.50731
2015-07-29T06:37:00.000000Z,1.5077,1.50708
2015-07-29T06:37:10.000000Z,1.50759,1.5069
2015-07-29T06:37:20.000000Z,1.50758,1.50693
2015-07-29T06:37:30.000000Z,1.50764,1.50701
2015-07-29T06:37:40.000000Z,1.50764,1.50701
2015-07-29T06:38:30.000000Z,1.50764,1.50694
2015-07-29T06:38:40.000000Z,1.50774,1.50701
2015-07-29T06:38:50.000000Z,1.50772,1.50703
2015-07-29T06:39:00.000000Z,1.50767,1.50698
2015-07-29T06:39:10.000000Z,1.50755,1.50687
2015-07-29T06:39:20.000000Z,1.5076,1.50689
2015-07-29T06:39:40.000000Z,1.50756,1.50688
2015-07-29T06:39:50.000000Z,1.50756,1.5069
2015-07-29T06:40:00.000000Z,1.50752,1.50687
2015-07-29T06:40:20.000000Z,1.50767,1.50703
2015-07-29T06:40:30.000000Z,1.50768,1.50703
2015-07-29T06:40:50.000000Z,1.50766,1.50699
2015-07-29T06:41:00.000000Z,1.50783,1.50715
2015-07-29T06:41:10.000000Z,1.50784,1.5072
2015-07-29T06:41:20.000000Z,1.50784,1.5072
2015-07-29T06:41:30.000000Z,1.50773,1.50706
2015-07-29T06:41:40.000000Z,1.50773,1.50703
2015-07-29T06:41:50.000000Z,1.50787,1.5072
2015-07-29T06:42:00.000000Z,1.50787,1.50719
2015-07-29T06:42:10.000000Z,1.50785,1.50722
2015-07-29T06:42:20.000000Z,1.50788,1.50719
2015-07-29T06:42:30.000000Z,1.50787,1.5072
2015-07-29T06:42:50.000000Z,1.50786,1.50722
2015-07-29T06:43:10.000000Z,1.50765,1.507
2015-07-29T06:43:20.000000Z,1.5078,1.50712
2015-07-29T06:43:30.000000Z,1.5077,1.50702
2015-07-29T06:43:40.000000Z,1.50795,1.50727
2015-07-29T06:43:50.000000Z,1.50794,1.50728
2015-07-29T06:44:00.000000Z,1.508,1.5073
2015-07-29T06:44:10.000000Z,1.50793,1.50722
2015-07-29T06:44:20.000000Z,1.50777,1.5071
2015-07-29T06:44:30.000000Z,1.50767,1.50698
2015-07-29T06:44:40.000000Z,1.50773,1.50696
2015-07-29T06:44:50.000000Z,1.50771,1.50695
2015-07-29T06:45:00.000000Z,1.50756,1.50679
2015-07-29T06:45:10.000000Z,1.50761,1.50686
2015-07-29T06:45:20.000000Z,1.50772,1.50701
2015-07-29T06:45:30.000000Z,1.50773,1.507
2015-07-29T06:45:40.000000Z,1.50775,1.50704
2015-07-29T06:45:50.000000Z,1.5078,1.50712
2015-07-29T06:46:00.000000Z,1.50781,1.507
2015-07-29T06:46:10.000000Z,1.50776,1.50712
2015-07-29T06:46:20.000000Z,1.50773,1.50705
2015-07-29T06:46:30.000000Z,1.50796,1.50726
2015-07-29T06:46:40.000000Z,1.50797,1.50732
2015-07-29T06:46:50.000000Z,1.50808,1.50735
2015-07-29T06:47:00.000000Z,1.50801,1.50734
2015-07-29T06:47:10.000000Z,1.50802,1.50735
2015-07-29T06:47:30.000000Z,1.50799,1.50734
2015-07-29T06:47:40.000000Z,1.50791,1.5072
2015-07-29T06:47:50.000000Z,1.50792,1.50724
2015-07-29T06:48:00.000000Z,1.50794,1.50734
2015-07-29T06:48:10.000000Z,1.50805,1.50738
2015-07-29T06:48:20.000000Z,1.50807,1.50743
2015-07-29T06:48:30.000000Z,1.50827,1.50764
2015-07-29T06:48:40.000000Z,1.50821,1.50759
2015-07-29T06:48:50.000000Z,1.50823,1.50762
2015-07-29T06:49:00.000000Z,1.50831,1.50767
2015-07-29T06:49:10.000000Z,1.50834,1.50765
2015-07-29T06:49:20.000000Z,1.50831,1.5076
2015-07-29T06:49:30.000000Z,1.50821,1.50749
2015-07-29T06:49:40.000000Z,1.50821,1.50752
2015-07-29T06:49:50.000000Z,1.50831,1.50769
2015-07-29T06:50:00.000000Z,1.50831,1.50771
2015-07-29T06:50:10.000000Z,1.50838,1.50773
2015-07-29T06:50:20.000000Z,1.50831,1.50768
2015-07-29T06:50:30.000000Z,1.50831,1.50769
2015-07-29T06:50:40.000000Z,1.50826,1.5076
2015-07-29T06:50:50.000000Z,1.50825,1.50759
2015-07-29T06:51:00.000000Z,1.50825,1.50754
2015-07-29T06:51:10.000000Z,1.50817,1.50754
2015-07-29T06:51:20.000000Z,1.50815,1.50755
2015-07-29T06:51:30.000000Z,1.50798,1.50738
2015-07-29T06:51:40.000000Z,1.50802,1.5074
2015-07-29T06:51:50.000000Z,1.50797,1.50735
2015-07-29T06:52:00.000000Z,1.5081,1.50749
2015-07-29T06:52:10.000000Z,1.5081,1.50749
2015-07-29T06:52:20.000000Z,1.50836,1.50775
2015-07-29T06:52:30.000000Z,1.5083,1.50772
2015-07-29T06:52:40.000000Z,1.50828,1.50771
2015-07-29T06:52:50.000000Z,1.50831,1.50771
2015-07-29T06:53:00.000000Z,1.50796,1.5073
2015-07-29T06:53:10.000000Z,1.50786,1.5072
2015-07-29T06:53:20.000000Z,1.50782,1.50717
2015-07-29T06:53:30.000000Z,1.50808,1.50736
2015-07-29T06:53:40.000000Z,1.50813,1.50752
2015-07-29T06:53:50.000000Z,1.50836,1.50774
2015-07-29T06:54:00.000000Z,1.50847,1.50783
2015-07-29T06:54:10.000000Z,1.50841,1.50781
2015-07-29T06:54:20.000000Z,1.50832,1.50769
2015-07-29T06:54:30.000000Z,1.50831,1.50768
2015-07-29T06:54:40.000000Z,1.50842,1.50779
2015-07-29T06:54:50.000000Z,1.50864,1.50806
2015-07-29T06:55:00.000000Z,1.50867,1.50802
2015-07-29T06:55:10.000000Z,1.50868,1.50805
2015-07-29T06:55:20.000000Z,1.50873,1.50808
2015-07-29T06:55:30.000000Z,1.50871,1.50808
2015-07-29T06:55:40.000000Z,1.50874,1.50806
2015-07-29T06:55:50.000000Z,1.50869,1.50807
2015-07-29T06:56:00.000000Z,1.50855,1.5078
2015-07-29T06:56:10.000000Z,1.50863,1.50801
2015-07-29T06:56:20.000000Z,1.5087,1.50808
2015-07-29T06:56:30.000000Z,1.5087,1.50808
2015-07-29T06:56:40.000000Z,1.50866,1.50804
2015-07-29T06:57:00.000000Z,1.50866,1.50803
2015-07-29T06:57:20.000000Z,1.50861,1.50801
2015-07-29T06:57:30.000000Z,1.50866,1.50801
2015-07-29T06:57:40.000000Z,1.50862,1.50798
2015-07-29T06:57:50.000000Z,1.50858,1.50799
2015-07-29T06:58:00.000000Z,1.50869,1.50806
2015-07-29T06:58:10.000000Z,1.50868,1.50806
2015-07-29T06:58:20.000000Z,1.50874,1.50814
2015-07-29T06:58:30.000000Z,1.50883,1.50823
2015-07-29T06:58:40.000000Z,1.50872,1.50812
2015-07-29T06:58:50.000000Z,1.50883,1.50821
2015-07-29T06:59:00.000000Z,1.50883,1.50823
2015-07-29T06:59:10.000000Z,1.50887,1.50825
2015-07-29T06:59:20.000000Z,1.50899,1.50835
2015-07-29T06:59:30.000000Z,1.50878,1.50814
2015-07-29T06:59:40.000000Z,1.50885,1.50814
2015-07-29T06:59:50.000000Z,1.50872,1.50804
2015-07-29T07:00:00.000000Z,1.50884,1.50812
2015-07-29T07:00:10.000000Z,1.50879,1.50811
2015-07-29T07:00:20.000000Z,1.50875,1.50805
2015-07-29T07:00:30.000000Z,1.50875,1.5081
2015-07-29T07:00:40.000000Z,1.50879,1.50819
2015-07-29T07:00:50.000000Z,1.50853,1.50789
2015-07-29T07:01:00.000000Z,1.50859,1.50797
2015-07-29T07:01:10.000000Z,1.50857,1.50792
2015-07-29T07:01:20.000000Z,1.50877,1.50812
2015-07-29T07:01:30.000000Z,1.50896,1.50832
2015-07-29T07:01:40.000000Z,1.50889,1.50823
2015-07-29T07:01:50.000000Z,1.50868,1.50801
2015-07-29T07:02:00.000000Z,1.50864,1.50798
2015-07-29T07:02:10.000000Z,1.50851,1.50786
2015-07-29T07:02:20.000000Z,1.50842,1.50777
2015-07-29T07:02:30.000000Z,1.50847,1.50782
2015-07-29T07:02:40.000000Z,1.50858,1.50793
2015-07-29T07:02:50.000000Z,1.50863,1.50792
2015-07-29T07:03:00.000000Z,1.50848,1.50778
2015-07-29T07:03:10.000000Z,1.50855,1.50786
2015-07-29T07:03:20.000000Z,1.50866,1.508
2015-07-29T07:03:30.000000Z,1.50869,1.50806
2015-07-29T07:03:40.000000Z,1.50868,1.50809
2015-07-29T07:03:50.000000Z,1.50868,1.50809
2015-07-29T07:04:00.000000Z,1.50874,1.50815
2015-07-29T07:04:10.000000Z,1.5088,1.50815
2015-07-29T07:04:20.000000Z,1.50905,1.50842
2015-07-29T07:04:30.000000Z,1.50926,1.50862
2015-07-29T07:04:40.000000Z,1.50912,1.50849
2015-07-29T07:04:50.000000Z,1.50913,1.50854
2015-07-29T07:05:00.000000Z,1.5091,1.5085
2015-07-29T07:05:10.000000Z,1.50902,1.50839
2015-07-29T07:05:20.000000Z,1.50898,1.50836
2015-07-29T07:05:30.000000Z,1.50899,1.50835
2015-07-29T07:05:40.000000Z,1.50892,1.50831
2015-07-29T07:05:50.000000Z,1.50893,1.50835
2015-07-29T07:06:00.000000Z,1.50887,1.50827
2015-07-29T07:06:10.000000Z,1.50903,1.50842
2015-07-29T07:06:20.000000Z,1.50891,1.50828
2015-07-29T07:06:30.000000Z,1.50913,1.50856
2015-07-29T07:06:40.000000Z,1.50914,1.50853
2015-07-29T07:06:50.000000Z,1.50897,1.50838
2015-07-29T07:07:00.000000Z,1.50893,1.50828
2015-07-29T07:07:10.000000Z,1.50882,1.50817
2015-07-29T07:07:20.000000Z,1.5088,1.50819
2015-07-29T07:07:30.000000Z,1.50882,1.5082
2015-07-29T07:07:40.000000Z,1.50871,1.50815
2015-07-29T07:07:50.000000Z,1.50838,1.50787
2015-07-29T07:08:00.000000Z,1.50852,1.50789
2015-07-29T07:08:10.000000Z,1.50842,1.50777
2015-07-29T07:08:20.000000Z,1.50857,1.50793
2015-07-29T07:08:30.000000Z,1.50871,1.50808
2015-07-29T07:08:40.000000Z,1.50864,1.50801
2015-07-29T07:08:50.000000Z,1.50864,1.50801
2015-07-29T07:09:00.000000Z,1.50861,1.50802
2015-07-29T07:09:20.000000Z,1.50877,1.50819
2015-07-29T07:09:40.000000Z,1.50875,1.50811
2015-07-29T07:09:50.000000Z,1.50856,1.50784
2015-07-29T07:10:00.000000Z,1.50816,1.50739
2015-07-29T07:10:10.000000Z,1.50822,1.50761
2015-07-29T07:10:20.000000Z,1.5082,1.50754
2015-07-29T07:10:30.000000Z,1.50833,1.50768
2015-07-29T07:10:40.000000Z,1.50829,1.50765
2015-07-29T07:10:50.000000Z,1.50827,1.50764
2015-07-29T07:11:00.000000Z,1.50834,1.50767
2015-07-29T07:11:10.000000Z,1.50833,1.50763
2015-07-29T07:11:20.000000Z,1.50808,1.50732
2015-07-29T07:11:30.000000Z,1.50792,1.50719
2015-07-29T07:11:40.000000Z,1.50739,1.50664
2015-07-29T07:11:50.000000Z,1.50741,1.5067
2015-07-29T07:12:00.000000Z,1.5074,1.50666
2015-07-29T07:12:10.000000Z,1.50751,1.50682
2015-07-29T07:12:20.000000Z,1.50756,1.50685
2015-07-29T07:12:30.000000Z,1.50749,1.50679
2015-07-29T07:12:40.000000Z,1.5074,1.50675
2015-07-29T07:12:50.000000Z,1.50727,1.50665
2015-07-29T07:13:00.000000Z,1.507,1.5063
2015-07-29T07:13:10.000000Z,1.50709,1.50639
2015-07-29T07:13:20.000000Z,1.50703,1.50637
2015-07-29T07:13:30.000000Z,1.50717,1.50651
2015-07-29T07:13:40.000000Z,1.50726,1.5066
2015-07-29T07:13:50.000000Z,1.50722,1.50664
2015-07-29T07:14:00.000000Z,1.50745,1.50682
2015-07-29T07:14:10.000000Z,1.50748,1.50686
2015-07-29T07:14:20.000000Z,1.50763,1.50698
2015-07-29T07:14:30.000000Z,1.50766,1.50705
2015-07-29T07:14:40.000000Z,1.50758,1.50687
2015-07-29T07:14:50.000000Z,1.50769,1.50702
2015-07-29T07:15:00.000000Z,1.50766,1.50701
2015-07-29T07:15:10.000000Z,1.50761,1.50701
2015-07-29T07:15:20.000000Z,1.50735,1.50677
2015-07-29T07:15:30.000000Z,1.50739,1.5068
2015-07-29T07:15:40.000000Z,1.50745,1.50678
2015-07-29T07:15:50.000000Z,1.50737,1.50675
2015-07-29T07:16:00.000000Z,1.50747,1.50682
2015-07-29T07:16:10.000000Z,1.50746,1.50678
2015-07-29T07:16:20.000000Z,1.50752,1.50684
2015-07-29T07:16:30.000000Z,1.50735,1.50668
2015-07-29T07:16:40.000000Z,1.50745,1.50679
2015-07-29T07:16:50.000000Z,1.50745,1.50677
2015-07-29T07:17:00.000000Z,1.50751,1.50684
2015-07-29T07:17:10.000000Z,1.50752,1.50688
2015-07-29T07:17:20.000000Z,1.50758,1.50698
2015-07-29T07:17:30.000000Z,1.50773,1.50711
2015-07-29T07:17:40.000000Z,1.50785,1.5072
2015-07-29T07:17:50.000000Z,1.50774,1.50712
2015-07-29T07:18:00.000000Z,1.5078,1.5072
2015-07-29T07:18:10.000000Z,1.50791,1.50726
2015-07-29T07:18:20.000000Z,1.50806,1.50744
2015-07-29T07:18:30.000000Z,1.50813,1.50745
2015-07-29T07:18:40.000000Z,1.50817,1.50747
2015-07-29T07:18:50.000000Z,1.50822,1.50755
2015-07-29T07:19:00.000000Z,1.5083,1.50767
2015-07-29T07:19:10.000000Z,1.50818,1.50753
2015-07-29T07:19:20.000000Z,1.508,1.50742
2015-07-29T07:19:30.000000Z,1.50794,1.50733
2015-07-29T07:19:40.000000Z,1.50813,1.50753
2015-07-29T07:19:50.000000Z,1.5083,1.50768
2015-07-29T07:20:00.000000Z,1.50804,1.50742
2015-07-29T07:20:10.000000Z,1.50809,1.50745
2015-07-29T07:20:20.000000Z,1.50803,1.50737
2015-07-29T07:20:30.000000Z,1.50813,1.5075
2015-07-29T07:20:40.000000Z,1.50863,1.508
2015-07-29T07:20:50.000000Z,1.50867,1.50807
2015-07-29T07:21:00.000000Z,1.50868,1.50802
2015-07-29T07:21:10.000000Z,1.50869,1.50806
2015-07-29T07:21:20.000000Z,1.50862,1.50794
2015-07-29T07:21:30.000000Z,1.50865,1.50801
2015-07-29T07:21:40.000000Z,1.50878,1.50814
2015-07-29T07:21:50.000000Z,1.50894,1.5083
2015-07-29T07:22:00.000000Z,1.50885,1.50813
2015-07-29T07:22:10.000000Z,1.50866,1.50799
2015-07-29T07:22:20.000000Z,1.50857,1.5079
2015-07-29T07:22:30.000000Z,1.50847,1.50775
2015-07-29T07:22:40.000000Z,1.50836,1.50768
2015-07-29T07:22:50.000000Z,1.5083,1.50756
2015-07-29T07:23:00.000000Z,1.50826,1.50756
2015-07-29T07:23:10.000000Z,1.50829,1.50755
2015-07-29T07:23:20.000000Z,1.50835,1.50773
2015-07-29T07:23:30.000000Z,1.50818,1.50748
2015-07-29T07:23:40.000000Z,1.5082,1.5075
2015-07-29T07:23:50.000000Z,1.50835,1.50773
2015-07-29T07:24:00.000000Z,1.50835,1.50765
2015-07-29T07:24:10.000000Z,1.50834,1.50767
2015-07-29T07:24:20.000000Z,1.5082,1.50753
2015-07-29T07:24:30.000000Z,1.5081,1.5074
2015-07-29T07:24:50.000000Z,1.50811,1.50744
2015-07-29T07:25:00.000000Z,1.50799,1.50732
2015-07-29T07:25:10.000000Z,1.50807,1.50739
2015-07-29T07:25:20.000000Z,1.50806,1.50734
2015-07-29T07:25:30.000000Z,1.50804,1.50735
2015-07-29T07:25:40.000000Z,1.50803,1.50732
2015-07-29T07:25:50.000000Z,1.50804,1.50736
2015-07-29T07:26:00.000000Z,1.50792,1.5072
2015-07-29T07:26:10.000000Z,1.50789,1.50721
2015-07-29T07:26:20.000000Z,1.50788,1.50721
2015-07-29T07:26:30.000000Z,1.50795,1.50728
2015-07-29T07:26:40.000000Z,1.50792,1.50727
2015-07-29T07:26:50.000000Z,1.50813,1.50743
2015-07-29T07:27:00.000000Z,1.50809,1.50737
2015-07-29T07:27:10.000000Z,1.50819,1.50753
2015-07-29T07:27:20.000000Z,1.50839,1.50772
2015-07-29T07:27:30.000000Z,1.50831,1.50765
2015-07-29T07:27:40.000000Z,1.50824,1.50754
2015-07-29T07:27:50.000000Z,1.5083,1.50766
2015-07-29T07:28:00.000000Z,1.50826,1.50758
2015-07-29T07:28:10.000000Z,1.50826,1.50764
2015-07-29T07:28:20.000000Z,1.50842,1.5078
2015-07-29T07:28:30.000000Z,1.50838,1.50774
2015-07-29T07:28:40.000000Z,1.50837,1.5077
2015-07-29T07:28:50.000000Z,1.50834,1.5077
2015-07-29T07:29:00.000000Z,1.50842,1.50777
2015-07-29T07:29:10.000000Z,1.50817,1.50748
2015-07-29T07:29:20.000000Z,1.50802,1.50734
2015-07-29T07:29:30.000000Z,1.50805,1.50743
2015-07-29T07:29:40.000000Z,1.50819,1.50757
2015-07-29T07:29:50.000000Z,1.50802,1.50737
2015-07-29T07:30:00.000000Z,1.50772,1.50705
2015-07-29T07:30:10.000000Z,1.50785,1.50721
2015-07-29T07:30:20.000000Z,1.50744,1.50682
2015-07-29T07:30:30.000000Z,1.50769,1.50695
2015-07-29T07:30:40.000000Z,1.5077,1.50696
2015-07-29T07:30:50.000000Z,1.5076,1.50685
2015-07-29T07:31:00.000000Z,1.50751,1.5068
2015-07-29T07:31:10.000000Z,1.5074,1.50671
2015-07-29T07:31:20.000000Z,1.50754,1.50686
2015-07-29T07:31:30.000000Z,1.50754,1.50681
2015-07-29T07:31:40.000000Z,1.50754,1.50684
2015-07-29T07:31:50.000000Z,1.50754,1.50693
2015-07-29T07:32:00.000000Z,1.50754,1.50689
2015-07-29T07:32:10.000000Z,1.50753,1.50682
2015-07-29T07:32:20.000000Z,1.50742,1.50672
2015-07-29T07:32:30.000000Z,1.50746,1.50673
2015-07-29T07:32:40.000000Z,1.50755,1.5069
2015-07-29T07:32:50.000000Z,1.50756,1.50689
2015-07-29T07:33:00.000000Z,1.50758,1.50691
2015-07-29T07:33:10.000000Z,1.50747,1.50679
2015-07-29T07:33:20.000000Z,1.50743,1.50674
2015-07-29T07:33:30.000000Z,1.50747,1.50676
2015-07-29T07:33:40.000000Z,1.50746,1.50679
2015-07-29T07:33:50.000000Z,1.50759,1.5069
2015-07-29T07:34:00.000000Z,1.50758,1.50691
2015-07-29T07:34:10.000000Z,1.50769,1.50707
2015-07-29T07:34:20.000000Z,1.50769,1.50704
2015-07-29T07:34:30.000000Z,1.50771,1.50703
2015-07-29T07:34:40.000000Z,1.50781,1.50716
2015-07-29T07:34:50.000000Z,1.50785,1.50721
2015-07-29T07:35:00.000000Z,1.50791,1.50727
2015-07-29T07:35:10.000000Z,1.50789,1.50727
2015-07-29T07:35:20.000000Z,1.5075,1.50683
2015-07-29T07:35:30.000000Z,1.50748,1.50677
2015-07-29T07:35:40.000000Z,1.50756,1.50694
2015-07-29T07:35:50.000000Z,1.50748,1.50688
2015-07-29T07:36:00.000000Z,1.50749,1.50686
2015-07-29T07:36:10.000000Z,1.50747,1.50683
2015-07-29T07:36:20.000000Z,1.50736,1.50675
2015-07-29T07:36:30.000000Z,1.50743,1.50675
2015-07-29T07:36:40.000000Z,1.50754,1.50688
2015-07-29T07:36:50.000000Z,1.50756,1.50698
2015-07-29T07:37:00.000000Z,1.50764,1.50707
2015-07-29T07:37:10.000000Z,1.50765,1.50705
2015-07-29T07:37:20.000000Z,1.50758,1.50695
2015-07-29T07:37:30.000000Z,1.50768,1.50705
2015-07-29T07:37:40.000000Z,1.5077,1.50709
2015-07-29T07:38:00.000000Z,1.50769,1.50709
2015-07-29T07:38:10.000000Z,1.50772,1.50714
2015-07-29T07:38:20.000000Z,1.50789,1.50724
2015-07-29T07:38:30.000000Z,1.5077,1.5071
2015-07-29T07:38:40.000000Z,1.50785,1.50719
2015-07-29T07:38:50.000000Z,1.50765,1.50703
2015-07-29T07:39:00.000000Z,1.50774,1.50714
2015-07-29T07:39:10.000000Z,1.50769,1.50701
2015-07-29T07:39:20.000000Z,1.50763,1.507
2015-07-29T07:39:30.000000Z,1.50757,1.50702
2015-07-29T07:39:40.000000Z,1.50757,1.50705
2015-07-29T07:39:50.000000Z,1.50758,1.50706
2015-07-29T07:40:00.000000Z,1.50787,1.50731
2015-07-29T07:40:10.000000Z,1.50764,1.50709
2015-07-29T07:40:20.000000Z,1.50755,1.50699
2015-07-29T07:40:30.000000Z,1.50788,1.50733
2015-07-29T07:40:40.000000Z,1.50786,1.50727
2015-07-29T07:40:50.000000Z,1.50786,1.50712
2015-07-29T07:41:00.000000Z,1.50784,1.5072
2015-07-29T07:41:10.000000Z,1.50799,1.50735
2015-07-29T07:41:20.000000Z,1.5079,1.50725
2015-07-29T07:41:30.000000Z,1.50796,1.50733
2015-07-29T07:41:40.000000Z,1.50795,1.50731
2015-07-29T07:41:50.000000Z,1.50789,1.50719
2015-07-29T07:42:00.000000Z,1.50802,1.50734
2015-07-29T07:42:10.000000Z,1.50801,1.50738
2015-07-29T07:42:20.000000Z,1.50802,1.50736
2015-07-29T07:42:30.000000Z,1.50794,1.5073
2015-07-29T07:42:40.000000Z,1.50793,1.50725
2015-07-29T07:42:50.000000Z,1.50789,1.50725
2015-07-29T07:43:00.000000Z,1.50797,1.50733
2015-07-29T07:43:10.000000Z,1.50796,1.50733
2015-07-29T07:43:20.000000Z,1.50807,1.50742
2015-07-29T07:43:30.000000Z,1.50802,1.50737
2015-07-29T07:43:40.000000Z,1.50806,1.50742
2015-07-29T07:43:50.000000Z,1.50801,1.50744
2015-07-29T07:44:00.000000Z,1.50813,1.50756
2015-07-29T07:44:10.000000Z,1.50831,1.50773
2015-07-29T07:44:20.000000Z,1.50825,1.50763
2015-07-29T07:44:30.000000Z,1.50821,1.50763
2015-07-29T07:44:40.000000Z,1.50816,1.50755
2015-07-29T07:44:50.000000Z,1.50817,1.50752
2015-07-29T07:45:00.000000Z,1.50829,1.50764
2015-07-29T07:45:10.000000Z,1.50825,1.50762
2015-07-29T07:45:20.000000Z,1.50834,1.50774
2015-07-29T07:45:30.000000Z,1.50816,1.50752
2015-07-29T07:45:40.000000Z,1.50821,1.5076
2015-07-29T07:45:50.000000Z,1.50812,1.50753
2015-07-29T07:46:00.000000Z,1.5081,1.50746
2015-07-29T07:46:10.000000Z,1.50809,1.50741
2015-07-29T07:46:20.000000Z,1.50812,1.50745
2015-07-29T07:46:30.000000Z,1.50806,1.50742
2015-07-29T07:46:40.000000Z,1.50808,1.50746
2015-07-29T07:46:50.000000Z,1.50791,1.50732
2015-07-29T07:47:00.000000Z,1.50794,1.50736
2015-07-29T07:47:10.000000Z,1.50778,1.5072
2015-07-29T07:47:20.000000Z,1.50809,1.50749
2015-07-29T07:47:30.000000Z,1.50806,1.50743
2015-07-29T07:47:40.000000Z,1.50811,1.50743
2015-07-29T07:47:50.000000Z,1.50815,1.5075
2015-07-29T07:48:00.000000Z,1.50809,1.50747
2015-07-29T07:48:10.000000Z,1.5083,1.50763
2015-07-29T07:48:20.000000Z,1.50829,1.50768
2015-07-29T07:48:30.000000Z,1.50826,1.50761
2015-07-29T07:48:40.000000Z,1.50834,1.50774
2015-07-29T07:48:50.000000Z,1.50844,1.50781
2015-07-29T07:49:00.000000Z,1.5084,1.50781
2015-07-29T07:49:10.000000Z,1.50844,1.5078
2015-07-29T07:49:30.000000Z,1.5083,1.50768
2015-07-29T07:49:40.000000Z,1.50817,1.50747
2015-07-29T07:49:50.000000Z,1.50811,1.50746
2015-07-29T07:50:00.000000Z,1.50819,1.50755
2015-07-29T07:50:10.000000Z,1.50818,1.50758
2015-07-29T07:50:20.000000Z,1.5079,1.5073
2015-07-29T07:50:30.000000Z,1.50794,1.5073
2015-07-29T07:50:40.000000Z,1.50817,1.50753
2015-07-29T07:50:50.000000Z,1.50825,1.5076
2015-07-29T07:51:00.000000Z,1.50813,1.50749
2015-07-29T07:51:10.000000Z,1.5081,1.50746
2015-07-29T07:51:20.000000Z,1.50816,1.50747
2015-07-29T07:51:30.000000Z,1.50817,1.50747
2015-07-29T07:51:40.000000Z,1.50811,1.50741
2015-07-29T07:51:50.000000Z,1.50819,1.50755
2015-07-29T07:52:00.000000Z,1.50809,1.50737
2015-07-29T07:52:10.000000Z,1.50807,1.50742
2015-07-29T07:52:20.000000Z,1.50808,1.5074
2015-07-29T07:52:40.000000Z,1.50796,1.50717
2015-07-29T07:52:50.000000Z,1.50807,1.50733
2015-07-29T07:53:00.000000Z,1.50824,1.50755
2015-07-29T07:53:10.000000Z,1.50816,1.50749
2015-07-29T07:53:20.000000Z,1.50811,1.50741
2015-07-29T07:53:30.000000Z,1.50785,1.50731
2015-07-29T07:53:40.000000Z,1.50807,1.50741
2015-07-29T07:53:50.000000Z,1.50821,1.50752
2015-07-29T07:54:10.000000Z,1.50812,1.50739
2015-07-29T07:54:20.000000Z,1.50791,1.50723
2015-07-29T07:54:30.000000Z,1.50794,1.50718
2015-07-29T07:54:40.000000Z,1.50799,1.50733
2015-07-29T07:54:50.000000Z,1.50801,1.50725
2015-07-29T07:55:00.000000Z,1.50799,1.50718
2015-07-29T07:55:10.000000Z,1.50799,1.50733
2015-07-29T07:55:20.000000Z,1.508,1.50733
2015-07-29T07:55:30.000000Z,1.508,1.50734
2015-07-29T07:55:40.000000Z,1.50805,1.50741
2015-07-29T07:55:50.000000Z,1.50805,1.50741
2015-07-29T07:56:00.000000Z,1.50816,1.50749
2015-07-29T07:56:10.000000Z,1.50813,1.50749
2015-07-29T07:56:20.000000Z,1.50806,1.50744
2015-07-29T07:56:30.000000Z,1.50786,1.50719
2015-07-29T07:56:40.000000Z,1.50789,1.50724
2015-07-29T07:56:50.000000Z,1.50798,1.50734
2015-07-29T07:57:00.000000Z,1.50803,1.50737
2015-07-29T07:57:10.000000Z,1.50797,1.50737
2015-07-29T07:57:20.000000Z,1.50802,1.50739
2015-07-29T07:57:30.000000Z,1.50807,1.50744
2015-07-29T07:57:40.000000Z,1.50802,1.50737
2015-07-29T07:57:50.000000Z,1.50799,1.50732
2015-07-29T07:58:00.000000Z,1.50796,1.50738
2015-07-29T07:58:10.000000Z,1.50802,1.50729
2015-07-29T07:58:20.000000Z,1.50801,1.50734
2015-07-29T07:58:30.000000Z,1.508,1.50736
2015-07-29T07:58:40.000000Z,1.50805,1.50741
2015-07-29T07:58:50.000000Z,1.50816,1.50752
2015-07-29T07:59:00.000000Z,1.50808,1.50747
2015-07-29T07:59:10.000000Z,1.50825,1.50767
2015-07-29T07:59:20.000000Z,1.50821,1.50754
2015-07-29T07:59:30.000000Z,1.50847,1.50785
2015-07-29T07:59:40.000000Z,1.50862,1.50793
2015-07-29T07:59:50.000000Z,1.5086,1.50797
2015-07-29T08:00:00.000000Z,1.50857,1.50791
2015-07-29T08:00:10.000000Z,1.50858,1.50791
2015-07-29T08:00:20.000000Z,1.50866,1.50802
2015-07-29T08:00:30.000000Z,1.50858,1.50794
2015-07-29T08:00:40.000000Z,1.50862,1.50793
2015-07-29T08:00:50.000000Z,1.50843,1.50781
2015-07-29T08:01:00.000000Z,1.50847,1.50781
2015-07-29T08:01:10.000000Z,1.50841,1.50782
2015-07-29T08:01:30.000000Z,1.50856,1.5079
2015-07-29T08:01:40.000000Z,1.50862,1.50794
2015-07-29T08:01:50.000000Z,1.50862,1.50796
2015-07-29T08:02:00.000000Z,1.5086,1.50799
2015-07-29T08:02:10.000000Z,1.50863,1.50799
2015-07-29T08:02:20.000000Z,1.50866,1.50802
2015-07-29T08:02:30.000000Z,1.50877,1.50813
2015-07-29T08:02:40.000000Z,1.50874,1.5081
2015-07-29T08:02:50.000000Z,1.50883,1.50821
2015-07-29T08:03:00.000000Z,1.50867,1.50808
2015-07-29T08:03:10.000000Z,1.50867,1.50805
2015-07-29T08:03:20.000000Z,1.50861,1.50795
2015-07-29T08:03:30.000000Z,1.50857,1.50791
2015-07-29T08:03:40.000000Z,1.50852,1.50784
2015-07-29T08:03:50.000000Z,1.50852,1.50784
2015-07-29T08:04:00.000000Z,1.50864,1.50802
2015-07-29T08:04:10.000000Z,1.50864,1.508
2015-07-29T08:04:20.000000Z,1.50873,1.50814
2015-07-29T08:04:30.000000Z,1.5087,1.50812
2015-07-29T08:04:40.000000Z,1.50877,1.50817
2015-07-29T08:04:50.000000Z,1.50877,1.50817
2015-07-29T08:05:00.000000Z,1.50871,1.50813
2015-07-29T08:05:10.000000Z,1.50867,1.5081
2015-07-29T08:05:20.000000Z,1.50877,1.50817
2015-07-29T08:05:30.000000Z,1.50875,1.50817
2015-07-29T08:05:40.000000Z,1.50874,1.50816
2015-07-29T08:05:50.000000Z,1.50864,1.50807
2015-07-29T08:06:00.000000Z,1.5086,1.50801
2015-07-29T08:06:10.000000Z,1.50844,1.50781
2015-07-29T08:06:20.000000Z,1.50852,1.50791
2015-07-29T08:06:30.000000Z,1.50868,1.50809
2015-07-29T08:06:40.000000Z,1.50863,1.50805
2015-07-29T08:06:50.000000Z,1.50854,1.50795
2015-07-29T08:07:00.000000Z,1.50853,1.50793
2015-07-29T08:07:10.000000Z,1.50853,1.50793
2015-07-29T08:07:20.000000Z,1.50856,1.50798
2015-07-29T08:07:30.000000Z,1.5086,1.50798
2015-07-29T08:07:40.000000Z,1.50855,1.50794
2015-07-29T08:07:50.000000Z,1.50852,1.50792
2015-07-29T08:08:00.000000Z,1.50857,1.50793
2015-07-29T08:08:10.000000Z,1.50885,1.50821
2015-07-29T08:08:20.000000Z,1.5087,1.50812
2015-07-29T08:08:30.000000Z,1.50869,1.50809
2015-07-29T08:08:40.000000Z,1.50859,1.50798
2015-07-29T08:08:50.000000Z,1.50871,1.50811
2015-07-29T08:09:00.000000Z,1.50872,1.50812
2015-07-29T08:09:10.000000Z,1.50864,1.50802
2015-07-29T08:09:20.000000Z,1.50871,1.50813
2015-07-29T08:09:30.000000Z,1.5088,1.50818
2015-07-29T08:09:40.000000Z,1.50881,1.50816
2015-07-29T08:09:50.000000Z,1.50883,1.50821
2015-07-29T08:10:00.000000Z,1.50884,1.50826
2015-07-29T08:10:10.000000Z,1.50887,1.50825
2015-07-29T08:10:20.000000Z,1.50888,1.50828
2015-07-29T08:10:30.000000Z,1.50885,1.50828
2015-07-29T08:10:40.000000Z,1.50886,1.50826
2015-07-29T08:11:00.000000Z,1.50891,1.50832
2015-07-29T08:11:10.000000Z,1.5089,1.50832
2015-07-29T08:11:30.000000Z,1.50875,1.50816
2015-07-29T08:11:40.000000Z,1.50864,1.50808
2015-07-29T08:11:50.000000Z,1.50861,1.50798
2015-07-29T08:12:00.000000Z,1.50867,1.50803
2015-07-29T08:12:10.000000Z,1.50859,1.50799
2015-07-29T08:12:20.000000Z,1.5087,1.50812
2015-07-29T08:12:30.000000Z,1.50882,1.50821
2015-07-29T08:12:40.000000Z,1.50871,1.50812
2015-07-29T08:12:50.000000Z,1.50868,1.50811
2015-07-29T08:13:00.000000Z,1.50875,1.50817
2015-07-29T08:13:10.000000Z,1.50876,1.50818
2015-07-29T08:13:20.000000Z,1.50883,1.50817
2015-07-29T08:13:30.000000Z,1.50887,1.50829
2015-07-29T08:13:40.000000Z,1.50878,1.5082
2015-07-29T08:13:50.000000Z,1.50897,1.50838
2015-07-29T08:14:00.000000Z,1.50922,1.5086
2015-07-29T08:14:10.000000Z,1.50927,1.50866
2015-07-29T08:14:20.000000Z,1.50923,1.50862
2015-07-29T08:14:30.000000Z,1.5092,1.50858
2015-07-29T08:14:40.000000Z,1.5092,1.50858
2015-07-29T08:14:50.000000Z,1.50919,1.50859
2015-07-29T08:15:00.000000Z,1.50916,1.50852
2015-07-29T08:15:10.000000Z,1.50924,1.5086
2015-07-29T08:15:20.000000Z,1.50911,1.50844
2015-07-29T08:15:30.000000Z,1.50912,1.50851
2015-07-29T08:15:40.000000Z,1.50913,1.50847
2015-07-29T08:15:50.000000Z,1.509,1.50835
2015-07-29T08:16:00.000000Z,1.50894,1.5083
2015-07-29T08:16:10.000000Z,1.50892,1.50827
2015-07-29T08:16:20.000000Z,1.50897,1.50834
2015-07-29T08:16:30.000000Z,1.50901,1.50835
2015-07-29T08:16:40.000000Z,1.50887,1.50821
2015-07-29T08:16:50.000000Z,1.50887,1.50819
2015-07-29T08:17:00.000000Z,1.50894,1.50827
2015-07-29T08:17:10.000000Z,1.50893,1.50827
2015-07-29T08:17:20.000000Z,1.50883,1.50818
2015-07-29T08:17:30.000000Z,1.50887,1.50823
2015-07-29T08:17:40.000000Z,1.50885,1.50826
2015-07-29T08:17:50.000000Z,1.50877,1.50819
2015-07-29T08:18:00.000000Z,1.5089,1.50832
2015-07-29T08:18:10.000000Z,1.50894,1.50837
2015-07-29T08:18:20.000000Z,1.50888,1.50826
2015-07-29T08:18:30.000000Z,1.50902,1.50843
2015-07-29T08:18:40.000000Z,1.50903,1.5084
2015-07-29T08:18:50.000000Z,1.50882,1.50819
2015-07-29T08:19:00.000000Z,1.50891,1.50831
2015-07-29T08:19:10.000000Z,1.50893,1.50831
2015-07-29T08:19:20.000000Z,1.50906,1.50842
2015-07-29T08:19:30.000000Z,1.50877,1.50812
2015-07-29T08:19:40.000000Z,1.5087,1.50809
2015-07-29T08:19:50.000000Z,1.5088,1.50815
2015-07-29T08:20:00.000000Z,1.50884,1.50818
2015-07-29T08:20:10.000000Z,1.50882,1.50818
2015-07-29T08:20:20.000000Z,1.50887,1.50829
2015-07-29T08:20:30.000000Z,1.50915,1.50852
2015-07-29T08:20:40.000000Z,1.50918,1.50856
2015-07-29T08:20:50.000000Z,1.50929,1.50868
2015-07-29T08:21:00.000000Z,1.50942,1.50878
2015-07-29T08:21:10.000000Z,1.50936,1.50877
2015-07-29T08:21:20.000000Z,1.50923,1.50862
2015-07-29T08:21:30.000000Z,1.50919,1.5086
2015-07-29T08:21:50.000000Z,1.50921,1.50861
2015-07-29T08:22:00.000000Z,1.50923,1.50861
2015-07-29T08:22:10.000000Z,1.50923,1.50863
2015-07-29T08:22:20.000000Z,1.50919,1.5086
2015-07-29T08:22:30.000000Z,1.50912,1.50849
2015-07-29T08:22:40.000000Z,1.50904,1.50845
2015-07-29T08:22:50.000000Z,1.50906,1.50847
2015-07-29T08:23:00.000000Z,1.50917,1.50858
2015-07-29T08:23:10.000000Z,1.50921,1.50858
2015-07-29T08:23:20.000000Z,1.50927,1.50861
2015-07-29T08:23:30.000000Z,1.50931,1.50868
2015-07-29T08:23:40.000000Z,1.50927,1.50865
2015-07-29T08:23:50.000000Z,1.50937,1.50876
2015-07-29T08:24:00.000000Z,1.50936,1.50878
2015-07-29T08:24:10.000000Z,1.50936,1.50879
2015-07-29T08:24:20.000000Z,1.50933,1.50874
2015-07-29T08:24:30.000000Z,1.50932,1.50873
2015-07-29T08:24:40.000000Z,1.5093,1.5087
2015-07-29T08:24:50.000000Z,1.50938,1.50872
2015-07-29T08:25:00.000000Z,1.50938,1.50877
2015-07-29T08:25:10.000000Z,1.50937,1.50876
2015-07-29T08:25:20.000000Z,1.50937,1.50876
2015-07-29T08:25:30.000000Z,1.50934,1.50867
2015-07-29T08:25:40.000000Z,1.50935,1.50875
2015-07-29T08:25:50.000000Z,1.50928,1.50866
2015-07-29T08:26:00.000000Z,1.50932,1.50872
2015-07-29T08:26:10.000000Z,1.50932,1.50874
2015-07-29T08:26:20.000000Z,1.50944,1.50884
2015-07-29T08:26:30.000000Z,1.50936,1.50874
2015-07-29T08:26:40.000000Z,1.5094,1.50879
2015-07-29T08:26:50.000000Z,1.50939,1.50876
2015-07-29T08:27:00.000000Z,1.50947,1.50886
2015-07-29T08:27:10.000000Z,1.50946,1.50891
2015-07-29T08:27:20.000000Z,1.51005,1.50935
2015-07-29T08:27:30.000000Z,1.51025,1.5096
2015-07-29T08:27:40.000000Z,1.51029,1.50969
2015-07-29T08:27:50.000000Z,1.51039,1.50975
2015-07-29T08:28:00.000000Z,1.51038,1.50972
2015-07-29T08:28:10.000000Z,1.51045,1.50986
2015-07-29T08:28:20.000000Z,1.51059,1.50997
2015-07-29T08:28:30.000000Z,1.51058,1.50995
2015-07-29T08:28:40.000000Z,1.5105,1.50989
2015-07-29T08:28:50.000000Z,1.5104,1.50976
2015-07-29T08:29:00.000000Z,1.51042,1.50977
2015-07-29T08:29:10.000000Z,1.51062,1.51003
2015-07-29T08:29:20.000000Z,1.51029,1.50968
2015-07-29T08:29:30.000000Z,1.51041,1.50978
2015-07-29T08:29:40.000000Z,1.51049,1.50992
2015-07-29T08:29:50.000000Z,1.51038,1.50974
2015-07-29T08:30:00.000000Z,1.51057,1.50999
2015-07-29T08:30:10.000000Z,1.51053,1.50982
2015-07-29T08:30:20.000000Z,1.51039,1.50975
2015-07-29T08:30:30.000000Z,1.51023,1.5096
2015-07-29T08:30:40.000000Z,1.51017,1.50956
2015-07-29T08:30:50.000000Z,1.51017,1.50956
2015-07-29T08:31:00.000000Z,1.5101,1.50953
2015-07-29T08:31:10.000000Z,1.51008,1.50952
2015-07-29T08:31:20.000000Z,1.51016,1.50954
2015-07-29T08:31:30.000000Z,1.51004,1.50943
2015-07-29T08:31:40.000000Z,1.51011,1.50949
2015-07-29T08:31:50.000000Z,1.51028,1.50966
2015-07-29T08:32:00.000000Z,1.5104,1.50978
2015-07-29T08:32:10.000000Z,1.51081,1.51017
2015-07-29T08:32:20.000000Z,1.51074,1.51018
2015-07-29T08:32:30.000000Z,1.51086,1.51031
2015-07-29T08:32:40.000000Z,1.51097,1.51042
2015-07-29T08:32:50.000000Z,1.51101,1.51044
2015-07-29T08:33:00.000000Z,1.51091,1.51032
2015-07-29T08:33:10.000000Z,1.51115,1.51058
2015-07-29T08:33:20.000000Z,1.51108,1.51051
2015-07-29T08:33:30.000000Z,1.51117,1.5106
2015-07-29T08:33:40.000000Z,1.511,1.51042
2015-07-29T08:33:50.000000Z,1.51091,1.51032
2015-07-29T08:34:00.000000Z,1.51098,1.5104
2015-07-29T08:34:10.000000Z,1.51098,1.51036
2015-07-29T08:34:20.000000Z,1.51089,1.51025
2015-07-29T08:34:30.000000Z,1.51089,1.51023
2015-07-29T08:34:40.000000Z,1.51093,1.51027
2015-07-29T08:34:50.000000Z,1.51077,1.51018
2015-07-29T08:35:00.000000Z,1.51069,1.51001
2015-07-29T08:35:10.000000Z,1.51072,1.51008
2015-07-29T08:35:20.000000Z,1.51065,1.50998
2015-07-29T08:35:30.000000Z,1.51075,1.51011
2015-07-29T08:35:40.000000Z,1.51079,1.51014
2015-07-29T08:35:50.000000Z,1.5107,1.51008
2015-07-29T08:36:00.000000Z,1.51059,1.50997
2015-07-29T08:36:10.000000Z,1.51067,1.51
2015-07-29T08:36:20.000000Z,1.51088,1.51023
2015-07-29T08:36:30.000000Z,1.51085,1.51021
2015-07-29T08:36:40.000000Z,1.51082,1.51021
2015-07-29T08:36:50.000000Z,1.51085,1.51023
2015-07-29T08:37:00.000000Z,1.51083,1.51018
2015-07-29T08:37:10.000000Z,1.51095,1.51032
2015-07-29T08:37:20.000000Z,1.51084,1.51021
2015-07-29T08:37:30.000000Z,1.51087,1.51022
2015-07-29T08:37:40.000000Z,1.51089,1.5102
2015-07-29T08:37:50.000000Z,1.51081,1.51017
2015-07-29T08:38:00.000000Z,1.51095,1.51032
2015-07-29T08:38:10.000000Z,1.5107,1.51004
2015-07-29T08:38:20.000000Z,1.51088,1.51024
2015-07-29T08:38:30.000000Z,1.51088,1.51023
2015-07-29T08:38:40.000000Z,1.51082,1.51016
2015-07-29T08:38:50.000000Z,1.5108,1.51017
2015-07-29T08:39:00.000000Z,1.51078,1.51014
2015-07-29T08:39:10.000000Z,1.51071,1.5101
2015-07-29T08:39:20.000000Z,1.51083,1.5102
2015-07-29T08:39:30.000000Z,1.51077,1.51017
2015-07-29T08:39:40.000000Z,1.51076,1.51016
2015-07-29T08:39:50.000000Z,1.51068,1.51003
2015-07-29T08:40:00.000000Z,1.51067,1.51002
2015-07-29T08:40:10.000000Z,1.51053,1.50989
2015-07-29T08:40:20.000000Z,1.51084,1.51018
2015-07-29T08:40:30.000000Z,1.51073,1.51012
2015-07-29T08:40:40.000000Z,1.51047,1.50984
2015-07-29T08:40:50.000000Z,1.51046,1.50987
2015-07-29T08:41:00.000000Z,1.51028,1.5097
2015-07-29T08:41:10.000000Z,1.51029,1.50964
2015-07-29T08:41:20.000000Z,1.51019,1.5096
2015-07-29T08:41:30.000000Z,1.51026,1.50964
2015-07-29T08:41:40.000000Z,1.51026,1.50967
2015-07-29T08:41:50.000000Z,1.51026,1.50958
2015-07-29T08:42:00.000000Z,1.51046,1.50977
2015-07-29T08:42:10.000000Z,1.5104,1.50975
2015-07-29T08:42:20.000000Z,1.51037,1.50973
2015-07-29T08:42:40.000000Z,1.51042,1.50976
2015-07-29T08:42:50.000000Z,1.51039,1.50975
2015-07-29T08:43:00.000000Z,1.51026,1.50967
2015-07-29T08:43:10.000000Z,1.51034,1.5097
2015-07-29T08:43:30.000000Z,1.51054,1.50992
2015-07-29T08:43:40.000000Z,1.51061,1.51
2015-07-29T08:43:50.000000Z,1.51082,1.51015
2015-07-29T08:44:00.000000Z,1.51057,1.50998
2015-07-29T08:44:10.000000Z,1.51064,1.51006
2015-07-29T08:44:20.000000Z,1.51064,1.51004
2015-07-29T08:44:30.000000Z,1.51064,1.51004
2015-07-29T08:44:40.000000Z,1.51091,1.51029
2015-07-29T08:44:50.000000Z,1.5109,1.51027
2015-07-29T08:45:00.000000Z,1.51077,1.51014
2015-07-29T08:45:10.000000Z,1.51083,1.51019
2015-07-29T08:45:20.000000Z,1.5107,1.51007
2015-07-29T08:45:30.000000Z,1.5106,1.50998
2015-07-29T08:45:40.000000Z,1.51054,1.50995
2015-07-29T08:45:50.000000Z,1.51047,1.50988
2015-07-29T08:46:00.000000Z,1.51053,1.50991
2015-07-29T08:46:10.000000Z,1.51063,1.51002
2015-07-29T08:46:20.000000Z,1.51051,1.50994
2015-07-29T08:46:30.000000Z,1.51053,1.50987
2015-07-29T08:46:40.000000Z,1.51066,1.51003
2015-07-29T08:46:50.000000Z,1.51046,1.50981
2015-07-29T08:47:00.000000Z,1.51057,1.50993
2015-07-29T08:47:10.000000Z,1.5105,1.50993
2015-07-29T08:47:20.000000Z,1.51041,1.50984
2015-07-29T08:47:30.000000Z,1.51044,1.50986
2015-07-29T08:47:40.000000Z,1.51055,1.50995
2015-07-29T08:47:50.000000Z,1.51051,1.5099
2015-07-29T08:48:00.000000Z,1.51045,1.5099
2015-07-29T08:48:10.000000Z,1.51045,1.5099
2015-07-29T08:48:20.000000Z,1.5105,1.50993
2015-07-29T08:48:30.000000Z,1.51027,1.50963
2015-07-29T08:48:40.000000Z,1.51027,1.50963
2015-07-29T08:48:50.000000Z,1.51021,1.5096
2015-07-29T08:49:00.000000Z,1.51012,1.50954
2015-07-29T08:49:10.000000Z,1.51002,1.50943
2015-07-29T08:49:20.000000Z,1.50999,1.50938
2015-07-29T08:49:30.000000Z,1.51002,1.50941
2015-07-29T08:49:40.000000Z,1.50996,1.50935
2015-07-29T08:49:50.000000Z,1.50985,1.50915
2015-07-29T08:50:00.000000Z,1.51005,1.50943
2015-07-29T08:50:10.000000Z,1.51004,1.50947
2015-07-29T08:50:20.000000Z,1.51001,1.5094
2015-07-29T08:50:30.000000Z,1.51018,1.5095
2015-07-29T08:50:40.000000Z,1.51013,1.50946
2015-07-29T08:50:50.000000Z,1.51,1.50944
2015-07-29T08:51:00.000000Z,1.51008,1.50948
2015-07-29T08:51:10.000000Z,1.51014,1.50951
2015-07-29T08:51:20.000000Z,1.51015,1.50956
2015-07-29T08:51:30.000000Z,1.51004,1.50943
2015-07-29T08:51:40.000000Z,1.51,1.50941
2015-07-29T08:51:50.000000Z,1.50996,1.50938
2015-07-29T08:52:00.000000Z,1.50991,1.50929
2015-07-29T08:52:10.000000Z,1.50991,1.50929
2015-07-29T08:52:20.000000Z,1.5098,1.50918
2015-07-29T08:52:30.000000Z,1.50971,1.5091
2015-07-29T08:52:40.000000Z,1.50971,1.50912
2015-07-29T08:52:50.000000Z,1.50971,1.5091
2015-07-29T08:53:00.000000Z,1.50972,1.50913
2015-07-29T08:53:10.000000Z,1.50978,1.50916
2015-07-29T08:53:20.000000Z,1.50987,1.50927
2015-07-29T08:53:30.000000Z,1.50968,1.5091
2015-07-29T08:53:40.000000Z,1.50961,1.50904
2015-07-29T08:53:50.000000Z,1.50966,1.50908
2015-07-29T08:54:00.000000Z,1.50964,1.50904
2015-07-29T08:54:10.000000Z,1.50957,1.50897
2015-07-29T08:54:20.000000Z,1.50943,1.50886
2015-07-29T08:54:30.000000Z,1.50946,1.50887
2015-07-29T08:54:40.000000Z,1.50976,1.50916
2015-07-29T08:54:50.000000Z,1.50993,1.50931
2015-07-29T08:55:00.000000Z,1.50998,1.50938
2015-07-29T08:55:10.000000Z,1.50984,1.50923
2015-07-29T08:55:20.000000Z,1.50978,1.50918
2015-07-29T08:55:30.000000Z,1.50988,1.5093
2015-07-29T08:55:40.000000Z,1.50988,1.50925
2015-07-29T08:55:50.000000Z,1.50973,1.50916
2015-07-29T08:56:00.000000Z,1.50973,1.50914
2015-07-29T08:56:10.000000Z,1.50983,1.50918
2015-07-29T08:56:20.000000Z,1.50975,1.5091
2015-07-29T08:56:30.000000Z,1.50976,1.50913
2015-07-29T08:56:40.000000Z,1.50977,1.50915
2015-07-29T08:56:50.000000Z,1.50978,1.50917
2015-07-29T08:57:00.000000Z,1.50969,1.50899
2015-07-29T08:57:10.000000Z,1.50971,1.50907
2015-07-29T08:57:20.000000Z,1.50979,1.50919
2015-07-29T08:57:30.000000Z,1.51009,1.50948
2015-07-29T08:57:40.000000Z,1.51007,1.5095
2015-07-29T08:57:50.000000Z,1.51016,1.50955
2015-07-29T08:58:00.000000Z,1.51014,1.50955
2015-07-29T08:58:10.000000Z,1.51018,1.50955
2015-07-29T08:58:20.000000Z,1.51027,1.50968
2015-07-29T08:58:30.000000Z,1.51014,1.50953
2015-07-29T08:58:40.000000Z,1.51009,1.50947
2015-07-29T08:58:50.000000Z,1.51002,1.50933
2015-07-29T08:59:00.000000Z,1.50994,1.50932
2015-07-29T08:59:10.000000Z,1.51006,1.50942
2015-07-29T08:59:20.000000Z,1.51026,1.50957
2015-07-29T08:59:30.000000Z,1.51025,1.50966
2015-07-29T08:59:40.000000Z,1.51029,1.50971
2015-07-29T08:59:50.000000Z,1.51025,1.50961
2015-07-29T09:00:00.000000Z,1.51037,1.50971
2015-07-29T09:00:10.000000Z,1.51034,1.50973
2015-07-29T09:00:20.000000Z,1.51031,1.50964
2015-07-29T09:00:30.000000Z,1.51026,1.50968
2015-07-29T09:00:40.000000Z,1.51027,1.50963
2015-07-29T09:00:50.000000Z,1.51026,1.50968
2015-07-29T09:01:00.000000Z,1.51018,1.50962
2015-07-29T09:01:10.000000Z,1.51056,1.50982
2015-07-29T09:01:20.000000Z,1.5103,1.50966
2015-07-29T09:01:30.000000Z,1.51013,1.50946
2015-07-29T09:01:40.000000Z,1.5101,1.50945
2015-07-29T09:01:50.000000Z,1.50996,1.50935
2015-07-29T09:02:00.000000Z,1.51,1.50938
2015-07-29T09:02:10.000000Z,1.5099,1.50928
2015-07-29T09:02:20.000000Z,1.5101,1.50946
2015-07-29T09:02:30.000000Z,1.51009,1.50943
2015-07-29T09:02:40.000000Z,1.51009,1.50942
2015-07-29T09:02:50.000000Z,1.51021,1.50959
2015-07-29T09:03:00.000000Z,1.51004,1.5094
2015-07-29T09:03:10.000000Z,1.51002,1.50941
2015-07-29T09:03:20.000000Z,1.51002,1.50941
2015-07-29T09:03:30.000000Z,1.50995,1.50935
2015-07-29T09:03:40.000000Z,1.50994,1.50933
2015-07-29T09:03:50.000000Z,1.50976,1.5091
2015-07-29T09:04:00.000000Z,1.50967,1.5091
2015-07-29T09:04:10.000000Z,1.50975,1.50909
2015-07-29T09:04:20.000000Z,1.50983,1.50919
2015-07-29T09:04:30.000000Z,1.50978,1.50915
2015-07-29T09:04:40.000000Z,1.50985,1.50931
2015-07-29T09:04:50.000000Z,1.50979,1.50917
2015-07-29T09:05:00.000000Z,1.50988,1.50926
2015-07-29T09:05:10.000000Z,1.50982,1.50921
2015-07-29T09:05:20.000000Z,1.50986,1.50925
2015-07-29T09:05:30.000000Z,1.50983,1.50925
2015-07-29T09:05:40.000000Z,1.50988,1.50927
2015-07-29T09:05:50.000000Z,1.50986,1.50922
2015-07-29T09:06:00.000000Z,1.50985,1.50927
2015-07-29T09:06:10.000000Z,1.50983,1.50925
2015-07-29T09:06:30.000000Z,1.50986,1.50929
2015-07-29T09:06:40.000000Z,1.50991,1.50933
2015-07-29T09:06:50.000000Z,1.5099,1.50927
2015-07-29T09:07:00.000000Z,1.50987,1.50926
2015-07-29T09:07:10.000000Z,1.50993,1.50934
2015-07-29T09:07:30.000000Z,1.50993,1.50932
2015-07-29T09:07:40.000000Z,1.50992,1.50932
2015-07-29T09:07:50.000000Z,1.50991,1.5093
2015-07-29T09:08:00.000000Z,1.50987,1.50922
2015-07-29T09:08:10.000000Z,1.50984,1.50922
2015-07-29T09:08:20.000000Z,1.50979,1.50918
2015-07-29T09:08:30.000000Z,1.50979,1.5092
2015-07-29T09:08:40.000000Z,1.50969,1.5091
2015-07-29T09:08:50.000000Z,1.50963,1.509
2015-07-29T09:09:00.000000Z,1.50961,1.5091
2015-07-29T09:09:10.000000Z,1.50956,1.50896
2015-07-29T09:09:20.000000Z,1.50961,1.50898
2015-07-29T09:09:30.000000Z,1.50969,1.50907
2015-07-29T09:09:40.000000Z,1.50967,1.50906
2015-07-29T09:10:00.000000Z,1.5096,1.50894
2015-07-29T09:10:10.000000Z,1.50962,1.50895
2015-07-29T09:10:20.000000Z,1.50961,1.50896
2015-07-29T09:10:30.000000Z,1.50959,1.50895
2015-07-29T09:10:40.000000Z,1.50927,1.50862
2015-07-29T09:10:50.000000Z,1.50928,1.50866
2015-07-29T09:11:00.000000Z,1.50935,1.50873
2015-07-29T09:11:10.000000Z,1.50924,1.50858
2015-07-29T09:11:20.000000Z,1.50921,1.50858
2015-07-29T09:11:30.000000Z,1.5093,1.5087
2015-07-29T09:11:40.000000Z,1.50938,1.50879
2015-07-29T09:11:50.000000Z,1.50952,1.50891
2015-07-29T09:12:00.000000Z,1.50942,1.50879
2015-07-29T09:12:10.000000Z,1.50945,1.50884
2015-07-29T09:12:20.000000Z,1.50941,1.5088
2015-07-29T09:12:30.000000Z,1.5096,1.50898
2015-07-29T09:12:40.000000Z,1.50961,1.50899
2015-07-29T09:12:50.000000Z,1.50959,1.50895
2015-07-29T09:13:00.000000Z,1.50974,1.5091
2015-07-29T09:13:10.000000Z,1.50976,1.50916
2015-07-29T09:13:20.000000Z,1.50978,1.50913
2015-07-29T09:13:30.000000Z,1.50985,1.50922
2015-07-29T09:13:40.000000Z,1.50992,1.50938
2015-07-29T09:13:50.000000Z,1.51009,1.50949
2015-07-29T09:14:00.000000Z,1.51005,1.50938
2015-07-29T09:14:10.000000Z,1.51007,1.50938
2015-07-29T09:14:20.000000Z,1.51008,1.50941
2015-07-29T09:14:30.000000Z,1.51017,1.50946
2015-07-29T09:14:40.000000Z,1.51001,1.50942
2015-07-29T09:14:50.000000Z,1.51001,1.50943
2015-07-29T09:15:00.000000Z,1.51014,1.50953
2015-07-29T09:15:10.000000Z,1.51014,1.5095
2015-07-29T09:15:20.000000Z,1.51009,1.50953
2015-07-29T09:15:30.000000Z,1.51024,1.50965
2015-07-29T09:15:40.000000Z,1.51013,1.50957
2015-07-29T09:15:50.000000Z,1.51016,1.50961
2015-07-29T09:16:00.000000Z,1.51004,1.50953
2015-07-29T09:16:10.000000Z,1.50993,1.50936
2015-07-29T09:16:20.000000Z,1.51022,1.50956
2015-07-29T09:16:30.000000Z,1.51028,1.50959
2015-07-29T09:16:40.000000Z,1.51028,1.50963
2015-07-29T09:16:50.000000Z,1.51081,1.51019
2015-07-29T09:17:00.000000Z,1.51041,1.50988
2015-07-29T09:17:10.000000Z,1.5103,1.50962
2015-07-29T09:17:20.000000Z,1.51033,1.5098
2015-07-29T09:17:30.000000Z,1.51036,1.50964
2015-07-29T09:17:40.000000Z,1.51022,1.50954
2015-07-29T09:17:50.000000Z,1.5102,1.50954
2015-07-29T09:18:00.000000Z,1.51023,1.50963
2015-07-29T09:18:10.000000Z,1.51028,1.50966
2015-07-29T09:18:20.000000Z,1.51035,1.50973
2015-07-29T09:18:30.000000Z,1.51041,1.5098
2015-07-29T09:18:40.000000Z,1.51063,1.50994
2015-07-29T09:18:50.000000Z,1.51062,1.50999
2015-07-29T09:19:00.000000Z,1.51064,1.5099
2015-07-29T09:19:10.000000Z,1.51038,1.50977
2015-07-29T09:19:20.000000Z,1.51028,1.50972
2015-07-29T09:19:30.000000Z,1.51032,1.50974
2015-07-29T09:19:40.000000Z,1.51031,1.50978
2015-07-29T09:19:50.000000Z,1.51032,1.50978
2015-07-29T09:20:00.000000Z,1.51034,1.5098
2015-07-29T09:20:10.000000Z,1.51031,1.5098
2015-07-29T09:20:20.000000Z,1.51036,1.50983
2015-07-29T09:20:30.000000Z,1.51032,1.50979
2015-07-29T09:20:40.000000Z,1.51029,1.50975
2015-07-29T09:20:50.000000Z,1.51044,1.50986
2015-07-29T09:21:00.000000Z,1.51032,1.50978
2015-07-29T09:21:10.000000Z,1.51017,1.5096
2015-07-29T09:21:20.000000Z,1.51019,1.50962
2015-07-29T09:21:30.000000Z,1.51033,1.50967
2015-07-29T09:21:40.000000Z,1.51043,1.50977
2015-07-29T09:21:50.000000Z,1.51055,1.5099
2015-07-29T09:22:00.000000Z,1.5104,1.50983
2015-07-29T09:22:10.000000Z,1.51028,1.50973
2015-07-29T09:22:20.000000Z,1.51054,1.50989
2015-07-29T09:22:30.000000Z,1.51045,1.5098
2015-07-29T09:22:40.000000Z,1.51021,1.50955
2015-07-29T09:22:50.000000Z,1.51033,1.50966
2015-07-29T09:23:00.000000Z,1.51039,1.5097
2015-07-29T09:23:10.000000Z,1.51033,1.5097
2015-07-29T09:23:20.000000Z,1.51041,1.50978
2015-07-29T09:23:30.000000Z,1.51027,1.5097
2015-07-29T09:23:40.000000Z,1.51048,1.50985
2015-07-29T09:23:50.000000Z,1.51048,1.50986
2015-07-29T09:24:00.000000Z,1.51017,1.50955
2015-07-29T09:24:10.000000Z,1.51047,1.50986
2015-07-29T09:24:20.000000Z,1.51037,1.50982
2015-07-29T09:24:30.000000Z,1.51039,1.50983
2015-07-29T09:24:40.000000Z,1.51034,1.50978
2015-07-29T09:24:50.000000Z,1.51032,1.5098
2015-07-29T09:25:00.000000Z,1.51041,1.50978
2015-07-29T09:25:10.000000Z,1.51024,1.50968
2015-07-29T09:25:20.000000Z,1.51018,1.50956
2015-07-29T09:25:30.000000Z,1.51023,1.50966
2015-07-29T09:25:40.000000Z,1.51028,1.5097
2015-07-29T09:25:50.000000Z,1.51028,1.50969
2015-07-29T09:26:00.000000Z,1.51027,1.5097
2015-07-29T09:26:10.000000Z,1.51021,1.50958
2015-07-29T09:26:20.000000Z,1.51008,1.5095
2015-07-29T09:26:30.000000Z,1.5102,1.50954
2015-07-29T09:26:40.000000Z,1.51013,1.50952
2015-07-29T09:26:50.000000Z,1.5101,1.50951
2015-07-29T09:27:00.000000Z,1.51009,1.50943
2015-07-29T09:27:10.000000Z,1.51018,1.50945
2015-07-29T09:27:20.000000Z,1.51017,1.50949
2015-07-29T09:27:30.000000Z,1.51002,1.50942
2015-07-29T09:27:40.000000Z,1.51012,1.5095
2015-07-29T09:27:50.000000Z,1.50998,1.5094
2015-07-29T09:28:00.000000Z,1.51006,1.50952
2015-07-29T09:28:10.000000Z,1.51006,1.50949
2015-07-29T09:28:20.000000Z,1.51015,1.50953
2015-07-29T09:28:30.000000Z,1.51025,1.50963
2015-07-29T09:28:40.000000Z,1.51026,1.50961
2015-07-29T09:28:50.000000Z,1.51027,1.5096
2015-07-29T09:29:00.000000Z,1.51013,1.50949
2015-07-29T09:29:10.000000Z,1.51013,1.50949
2015-07-29T09:29:20.000000Z,1.51013,1.50954
2015-07-29T09:29:30.000000Z,1.51036,1.50969
2015-07-29T09:29:40.000000Z,1.51026,1.50956
2015-07-29T09:29:50.000000Z,1.51035,1.50967
2015-07-29T09:30:00.000000Z,1.51028,1.50963
2015-07-29T09:30:10.000000Z,1.51022,1.50955
2015-07-29T09:30:20.000000Z,1.5103,1.50967
2015-07-29T09:30:30.000000Z,1.51022,1.50962
2015-07-29T09:30:40.000000Z,1.5102,1.50959
2015-07-29T09:30:50.000000Z,1.51029,1.50967
2015-07-29T09:31:00.000000Z,1.51027,1.50968
2015-07-29T09:31:10.000000Z,1.51018,1.5096
2015-07-29T09:31:20.000000Z,1.51001,1.50942
2015-07-29T09:31:30.000000Z,1.51,1.50941
2015-07-29T09:31:40.000000Z,1.51032,1.50969
2015-07-29T09:31:50.000000Z,1.51031,1.50971
2015-07-29T09:32:00.000000Z,1.51022,1.50964
2015-07-29T09:32:10.000000Z,1.51032,1.50967
2015-07-29T09:32:20.000000Z,1.51037,1.5097
2015-07-29T09:32:30.000000Z,1.51038,1.50971
2015-07-29T09:32:40.000000Z,1.51041,1.50974
2015-07-29T09:32:50.000000Z,1.51035,1.50966
2015-07-29T09:33:00.000000Z,1.51022,1.50956
2015-07-29T09:33:10.000000Z,1.51022,1.5096
2015-07-29T09:33:20.000000Z,1.5103,1.50973
2015-07-29T09:33:30.000000Z,1.5103,1.50974
2015-07-29T09:33:40.000000Z,1.51038,1.50981
2015-07-29T09:33:50.000000Z,1.5103,1.50977
2015-07-29T09:34:00.000000Z,1.51018,1.50961
2015-07-29T09:34:10.000000Z,1.51019,1.50958
2015-07-29T09:34:20.000000Z,1.51028,1.50969
2015-07-29T09:34:30.000000Z,1.51025,1.50963
2015-07-29T09:34:40.000000Z,1.51025,1.50962
2015-07-29T09:35:00.000000Z,1.51043,1.50975
2015-07-29T09:35:10.000000Z,1.51044,1.50979
2015-07-29T09:35:20.000000Z,1.51059,1.50993
2015-07-29T09:35:30.000000Z,1.51062,1.50992
2015-07-29T09:35:40.000000Z,1.51078,1.51002
2015-07-29T09:35:50.000000Z,1.51078,1.51003
2015-07-29T09:36:00.000000Z,1.51063,1.50994
2015-07-29T09:36:10.000000Z,1.51062,1.50995
2015-07-29T09:36:20.000000Z,1.51072,1.51002
2015-07-29T09:36:30.000000Z,1.51068,1.51004
2015-07-29T09:36:40.000000Z,1.51059,1.5099
2015-07-29T09:36:50.000000Z,1.51049,1.5098
2015-07-29T09:37:00.000000Z,1.51044,1.50981
2015-07-29T09:37:10.000000Z,1.51045,1.50979
2015-07-29T09:37:20.000000Z,1.51056,1.50992
2015-07-29T09:37:30.000000Z,1.51066,1.50998
2015-07-29T09:37:40.000000Z,1.51073,1.51002
2015-07-29T09:37:50.000000Z,1.51072,1.51001
2015-07-29T09:38:00.000000Z,1.5107,1.50998
2015-07-29T09:38:10.000000Z,1.51082,1.51009
2015-07-29T09:38:20.000000Z,1.51085,1.51009
2015-07-29T09:38:30.000000Z,1.5109,1.51019
2015-07-29T09:38:40.000000Z,1.511,1.51032
2015-07-29T09:38:50.000000Z,1.51101,1.51033
2015-07-29T09:39:00.000000Z,1.51094,1.51033
2015-07-29T09:39:10.000000Z,1.51094,1.5104
2015-07-29T09:39:20.000000Z,1.51089,1.51021
2015-07-29T09:39:30.000000Z,1.51084,1.51022
2015-07-29T09:39:40.000000Z,1.51069,1.5101
2015-07-29T09:39:50.000000Z,1.51069,1.51009
2015-07-29T09:40:00.000000Z,1.51074,1.51018
2015-07-29T09:40:10.000000Z,1.51075,1.51019
2015-07-29T09:40:20.000000Z,1.51079,1.51012
2015-07-29T09:40:30.000000Z,1.51077,1.51013
2015-07-29T09:40:40.000000Z,1.51074,1.51007
2015-07-29T09:40:50.000000Z,1.51075,1.5102
2015-07-29T09:41:00.000000Z,1.51073,1.51017
2015-07-29T09:41:10.000000Z,1.51077,1.51021
2015-07-29T09:41:20.000000Z,1.51073,1.51019
2015-07-29T09:41:30.000000Z,1.51067,1.51009
2015-07-29T09:41:40.000000Z,1.51047,1.50982
2015-07-29T09:41:50.000000Z,1.51037,1.50978
2015-07-29T09:42:00.000000Z,1.51034,1.50972
2015-07-29T09:42:10.000000Z,1.51037,1.50979
2015-07-29T09:42:20.000000Z,1.5103,1.50974
2015-07-29T09:42:30.000000Z,1.51033,1.50974
2015-07-29T09:42:50.000000Z,1.51031,1.5097
2015-07-29T09:43:00.000000Z,1.51058,1.50994
2015-07-29T09:43:10.000000Z,1.51064,1.50996
2015-07-29T09:43:20.000000Z,1.51057,1.50997
2015-07-29T09:43:30.000000Z,1.51058,1.50993
2015-07-29T09:43:40.000000Z,1.51066,1.51004
2015-07-29T09:43:50.000000Z,1.51066,1.51
2015-07-29T09:44:00.000000Z,1.51067,1.50999
2015-07-29T09:44:10.000000Z,1.51066,1.50999
2015-07-29T09:44:20.000000Z,1.51027,1.50968
2015-07-29T09:44:30.000000Z,1.50994,1.50932
2015-07-29T09:44:40.000000Z,1.51004,1.5094
2015-07-29T09:44:50.000000Z,1.51001,1.50942
2015-07-29T09:45:00.000000Z,1.51005,1.50943
2015-07-29T09:45:10.000000Z,1.51006,1.50946
2015-07-29T09:45:20.000000Z,1.51016,1.50954
2015-07-29T09:45:30.000000Z,1.51002,1.50936
2015-07-29T09:45:40.000000Z,1.51006,1.50942
2015-07-29T09:45:50.000000Z,1.5101,1.50943
2015-07-29T09:46:00.000000Z,1.51009,1.50942
2015-07-29T09:46:10.000000Z,1.51027,1.5096
2015-07-29T09:46:20.000000Z,1.51019,1.50954
2015-07-29T09:46:30.000000Z,1.51016,1.50953
2015-07-29T09:46:40.000000Z,1.51015,1.50954
2015-07-29T09:46:50.000000Z,1.50995,1.5093
2015-07-29T09:47:00.000000Z,1.51008,1.50935
2015-07-29T09:47:10.000000Z,1.51008,1.50938
2015-07-29T09:47:20.000000Z,1.51003,1.50944
2015-07-29T09:47:30.000000Z,1.50998,1.50933
2015-07-29T09:47:40.000000Z,1.51011,1.50946
2015-07-29T09:47:50.000000Z,1.51021,1.50951
2015-07-29T09:48:00.000000Z,1.51004,1.5094
2015-07-29T09:48:10.000000Z,1.51017,1.50952
2015-07-29T09:48:20.000000Z,1.51015,1.50953
2015-07-29T09:48:30.000000Z,1.51016,1.50953
2015-07-29T09:48:40.000000Z,1.5104,1.50973
2015-07-29T09:48:50.000000Z,1.51045,1.50975
2015-07-29T09:49:00.000000Z,1.51041,1.50976
2015-07-29T09:49:10.000000Z,1.51047,1.50984
2015-07-29T09:49:20.000000Z,1.51063,1.51
2015-07-29T09:49:40.000000Z,1.51061,1.50998
2015-07-29T09:49:50.000000Z,1.51058,1.50998
2015-07-29T09:50:00.000000Z,1.51066,1.50999
2015-07-29T09:50:10.000000Z,1.51043,1.50983
2015-07-29T09:50:20.000000Z,1.5101,1.50952
2015-07-29T09:50:30.000000Z,1.51004,1.50945
2015-07-29T09:50:40.000000Z,1.51,1.50942
2015-07-29T09:50:50.000000Z,1.5102,1.50959
2015-07-29T09:51:00.000000Z,1.5101,1.50949
2015-07-29T09:51:10.000000Z,1.51015,1.50953
2015-07-29T09:51:20.000000Z,1.51007,1.50944
2015-07-29T09:51:30.000000Z,1.51004,1.50942
2015-07-29T09:51:40.000000Z,1.51005,1.50946
2015-07-29T09:51:50.000000Z,1.51,1.50942
2015-07-29T09:52:10.000000Z,1.50992,1.50935
2015-07-29T09:52:20.000000Z,1.51021,1.5096
2015-07-29T09:52:30.000000Z,1.51024,1.5096
2015-07-29T09:52:40.000000Z,1.51027,1.50968
2015-07-29T09:52:50.000000Z,1.51025,1.50964
2015-07-29T09:53:00.000000Z,1.51024,1.50964
2015-07-29T09:53:10.000000Z,1.51027,1.50967
2015-07-29T09:53:20.000000Z,1.51029,1.50968
2015-07-29T09:53:30.000000Z,1.50985,1.50928
2015-07-29T09:53:40.000000Z,1.50986,1.5092
2015-07-29T09:53:50.000000Z,1.50995,1.50933
2015-07-29T09:54:00.000000Z,1.51006,1.50942
2015-07-29T09:54:10.000000Z,1.51008,1.50943
2015-07-29T09:54:20.000000Z,1.51006,1.50945
2015-07-29T09:54:30.000000Z,1.51018,1.50955
2015-07-29T09:54:40.000000Z,1.51021,1.50957
2015-07-29T09:54:50.000000Z,1.51032,1.50967
2015-07-29T09:55:00.000000Z,1.51024,1.50959
2015-07-29T09:55:10.000000Z,1.51023,1.50959
2015-07-29T09:55:20.000000Z,1.51023,1.50962
2015-07-29T09:55:30.000000Z,1.51011,1.50947
2015-07-29T09:55:40.000000Z,1.51007,1.50944
2015-07-29T09:55:50.000000Z,1.51001,1.50943
2015-07-29T09:56:00.000000Z,1.51001,1.50939
2015-07-29T09:56:10.000000Z,1.50984,1.50925
2015-07-29T09:56:20.000000Z,1.5099,1.50928
2015-07-29T09:56:30.000000Z,1.50996,1.50937
2015-07-29T09:56:40.000000Z,1.50999,1.50935
2015-07-29T09:56:50.000000Z,1.50999,1.50939
2015-07-29T09:57:10.000000Z,1.50995,1.50937
2015-07-29T09:57:20.000000Z,1.50996,1.50932
2015-07-29T09:57:30.000000Z,1.5101,1.50947
2015-07-29T09:57:50.000000Z,1.51015,1.50953
2015-07-29T09:58:00.000000Z,1.51015,1.50954
2015-07-29T09:58:10.000000Z,1.51026,1.50966
2015-07-29T09:58:20.000000Z,1.51019,1.5096
2015-07-29T09:58:30.000000Z,1.51021,1.5096
2015-07-29T09:58:40.000000Z,1.51021,1.50961
2015-07-29T09:58:50.000000Z,1.51021,1.50959
2015-07-29T09:59:00.000000Z,1.51022,1.50961
2015-07-29T09:59:10.000000Z,1.5102,1.50959
2015-07-29T09:59:20.000000Z,1.51025,1.50965
2015-07-29T09:59:30.000000Z,1.51017,1.50956
2015-07-29T09:59:40.000000Z,1.51017,1.50954
2015-07-29T09:59:50.000000Z,1.5103,1.50972
2015-07-29T10:00:00.000000Z,1.51015,1.50956
2015-07-29T10:00:10.000000Z,1.51017,1.50957
2015-07-29T10:00:20.000000Z,1.51017,1.5096
2015-07-29T10:00:30.000000Z,1.51014,1.50957
2015-07-29T10:00:40.000000Z,1.50993,1.50933
2015-07-29T10:00:50.000000Z,1.50992,1.50939
2015-07-29T10:01:00.000000Z,1.51013,1.50954
2015-07-29T10:01:10.000000Z,1.51015,1.50954
2015-07-29T10:01:20.000000Z,1.51008,1.5095
2015-07-29T10:01:30.000000Z,1.51032,1.5097
2015-07-29T10:01:40.000000Z,1.51017,1.50956
2015-07-29T10:01:50.000000Z,1.51009,1.50952
2015-07-29T10:02:00.000000Z,1.51007,1.50949
2015-07-29T10:02:10.000000Z,1.50995,1.50933
2015-07-29T10:02:20.000000Z,1.50999,1.50926
2015-07-29T10:02:30.000000Z,1.51016,1.50946
2015-07-29T10:02:40.000000Z,1.51007,1.50944
2015-07-29T10:02:50.000000Z,1.51008,1.50946
2015-07-29T10:03:00.000000Z,1.51016,1.50954
2015-07-29T10:03:10.000000Z,1.51016,1.50951
2015-07-29T10:03:20.000000Z,1.51016,1.50953
2015-07-29T10:03:30.000000Z,1.51026,1.50958
2015-07-29T10:03:40.000000Z,1.51029,1.5096
2015-07-29T10:03:50.000000Z,1.5103,1.50963
2015-07-29T10:04:00.000000Z,1.51032,1.5096
2015-07-29T10:04:10.000000Z,1.51036,1.50967
2015-07-29T10:04:20.000000Z,1.51036,1.50968
2015-07-29T10:04:40.000000Z,1.51025,1.50958
2015-07-29T10:04:50.000000Z,1.51018,1.50944
2015-07-29T10:05:00.000000Z,1.51006,1.50941
2015-07-29T10:05:10.000000Z,1.50979,1.50916
2015-07-29T10:05:20.000000Z,1.5098,1.50919
2015-07-29T10:05:30.000000Z,1.50981,1.50917
2015-07-29T10:05:40.000000Z,1.50983,1.50918
2015-07-29T10:05:50.000000Z,1.50999,1.5094
2015-07-29T10:06:00.000000Z,1.51009,1.50947
2015-07-29T10:06:10.000000Z,1.50991,1.50933
2015-07-29T10:06:20.000000Z,1.51001,1.50939
2015-07-29T10:06:30.000000Z,1.50996,1.50932
2015-07-29T10:06:40.000000Z,1.5098,1.50917
2015-07-29T10:06:50.000000Z,1.50992,1.50926
2015-07-29T10:07:00.000000Z,1.50988,1.5092
2015-07-29T10:07:10.000000Z,1.50983,1.50918
2015-07-29T10:07:20.000000Z,1.50963,1.50901
2015-07-29T10:07:30.000000Z,1.50938,1.50872
2015-07-29T10:07:40.000000Z,1.50961,1.50897
2015-07-29T10:07:50.000000Z,1.50968,1.50905
2015-07-29T10:08:00.000000Z,1.50972,1.50908
2015-07-29T10:08:10.000000Z,1.50977,1.5091
2015-07-29T10:08:20.000000Z,1.50976,1.5091
2015-07-29T10:08:30.000000Z,1.50972,1.50908
2015-07-29T10:08:40.000000Z,1.50988,1.50927
2015-07-29T10:08:50.000000Z,1.50998,1.50935
2015-07-29T10:09:00.000000Z,1.51002,1.50945
2015-07-29T10:09:10.000000Z,1.50999,1.50928
2015-07-29T10:09:20.000000Z,1.51007,1.50935
2015-07-29T10:09:30.000000Z,1.51021,1.50956
2015-07-29T10:09:40.000000Z,1.51013,1.50954
2015-07-29T10:09:50.000000Z,1.51013,1.50953
2015-07-29T10:10:00.000000Z,1.51017,1.50962
2015-07-29T10:10:10.000000Z,1.51023,1.5097
2015-07-29T10:10:20.000000Z,1.51025,1.50969
2015-07-29T10:10:40.000000Z,1.51031,1.50961
2015-07-29T10:10:50.000000Z,1.51031,1.50961
2015-07-29T10:11:00.000000Z,1.51043,1.50974
2015-07-29T10:11:10.000000Z,1.51039,1.50972
2015-07-29T10:11:20.000000Z,1.51039,1.50975
2015-07-29T10:11:30.000000Z,1.51034,1.50965
2015-07-29T10:11:40.000000Z,1.51034,1.50967
2015-07-29T10:11:50.000000Z,1.51029,1.50963
2015-07-29T10:12:00.000000Z,1.51059,1.5099
2015-07-29T10:12:20.000000Z,1.51055,1.50986
2015-07-29T10:12:30.000000Z,1.51054,1.50987
2015-07-29T10:12:40.000000Z,1.51038,1.50974
2015-07-29T10:12:50.000000Z,1.5104,1.50974
2015-07-29T10:13:00.000000Z,1.51026,1.50966
2015-07-29T10:13:10.000000Z,1.51054,1.50988
2015-07-29T10:13:20.000000Z,1.51055,1.50988
2015-07-29T10:13:30.000000Z,1.51053,1.50983
2015-07-29T10:13:40.000000Z,1.51054,1.50984
2015-07-29T10:13:50.000000Z,1.51053,1.50984
2015-07-29T10:14:00.000000Z,1.51039,1.50973
2015-07-29T10:14:10.000000Z,1.51045,1.50977
2015-07-29T10:14:20.000000Z,1.51056,1.50988
2015-07-29T10:14:30.000000Z,1.51051,1.50989
2015-07-29T10:14:40.000000Z,1.51054,1.50992
2015-07-29T10:14:50.000000Z,1.51071,1.51
2015-07-29T10:15:00.000000Z,1.51064,1.51
2015-07-29T10:15:10.000000Z,1.51051,1.50989
2015-07-29T10:15:20.000000Z,1.51036,1.5098
2015-07-29T10:15:30.000000Z,1.51033,1.50977
2015-07-29T10:15:40.000000Z,1.51025,1.5097
2015-07-29T10:15:50.000000Z,1.5103,1.50974
2015-07-29T10:16:00.000000Z,1.51042,1.50983
2015-07-29T10:16:10.000000Z,1.51053,1.50991
2015-07-29T10:16:20.000000Z,1.51055,1.50996
2015-07-29T10:16:30.000000Z,1.51045,1.50988
2015-07-29T10:16:40.000000Z,1.51047,1.50988
2015-07-29T10:16:50.000000Z,1.51046,1.50988
2015-07-29T10:17:00.000000Z,1.51047,1.50982
2015-07-29T10:17:10.000000Z,1.51046,1.50987
2015-07-29T10:17:20.000000Z,1.5106,1.50995
2015-07-29T10:17:30.000000Z,1.5106,1.50997
2015-07-29T10:17:40.000000Z,1.51049,1.50989
2015-07-29T10:17:50.000000Z,1.51052,1.50989
2015-07-29T10:18:00.000000Z,1.51048,1.50987
2015-07-29T10:18:10.000000Z,1.51043,1.50984
2015-07-29T10:18:20.000000Z,1.51039,1.50984
2015-07-29T10:18:30.000000Z,1.51041,1.50985
2015-07-29T10:18:40.000000Z,1.51041,1.50984
2015-07-29T10:18:50.000000Z,1.51041,1.50984
2015-07-29T10:19:00.000000Z,1.51042,1.50986
2015-07-29T10:19:10.000000Z,1.51044,1.50983
2015-07-29T10:19:20.000000Z,1.51057,1.50998
2015-07-29T10:19:30.000000Z,1.51054,1.50994
2015-07-29T10:19:40.000000Z,1.51057,1.50994
2015-07-29T10:19:50.000000Z,1.51056,1.50999
2015-07-29T10:20:00.000000Z,1.51057,1.50998
2015-07-29T10:20:10.000000Z,1.51055,1.50997
2015-07-29T10:20:20.000000Z,1.51054,1.50996
2015-07-29T10:20:30.000000Z,1.51061,1.50999
2015-07-29T10:20:40.000000Z,1.51073,1.51011
2015-07-29T10:20:50.000000Z,1.51058,1.50997
2015-07-29T10:21:00.000000Z,1.51048,1.50987
2015-07-29T10:21:10.000000Z,1.5106,1.50998
2015-07-29T10:21:20.000000Z,1.51077,1.51011
2015-07-29T10:21:30.000000Z,1.51071,1.5101
2015-07-29T10:22:00.000000Z,1.51073,1.51014
2015-07-29T10:22:10.000000Z,1.51078,1.51016
2015-07-29T10:22:20.000000Z,1.51076,1.51013
2015-07-29T10:22:30.000000Z,1.5108,1.51013
2015-07-29T10:22:40.000000Z,1.51081,1.5102
2015-07-29T10:22:50.000000Z,1.5108,1.51023
2015-07-29T10:23:00.000000Z,1.51078,1.51017
2015-07-29T10:23:10.000000Z,1.51088,1.51024
2015-07-29T10:23:20.000000Z,1.5104,1.50983
2015-07-29T10:23:30.000000Z,1.5103,1.50969
2015-07-29T10:23:40.000000Z,1.51025,1.50966
2015-07-29T10:23:50.000000Z,1.51019,1.5096
2015-07-29T10:24:00.000000Z,1.51018,1.50961
2015-07-29T10:24:10.000000Z,1.50999,1.50943
2015-07-29T10:24:20.000000Z,1.51003,1.50945
2015-07-29T10:24:30.000000Z,1.50998,1.50942
2015-07-29T10:24:40.000000Z,1.51012,1.50945
2015-07-29T10:24:50.000000Z,1.51006,1.50943
2015-07-29T10:25:00.000000Z,1.51008,1.50944
2015-07-29T10:25:20.000000Z,1.51018,1.50956
2015-07-29T10:25:30.000000Z,1.51011,1.50949
2015-07-29T10:25:40.000000Z,1.51013,1.50946
2015-07-29T10:25:50.000000Z,1.51004,1.5094
2015-07-29T10:26:00.000000Z,1.50997,1.50935
2015-07-29T10:26:10.000000Z,1.50983,1.50925
2015-07-29T10:26:20.000000Z,1.50993,1.50936
2015-07-29T10:26:30.000000Z,1.50996,1.50935
2015-07-29T10:26:50.000000Z,1.50996,1.5094
2015-07-29T10:27:00.000000Z,1.51,1.50941
2015-07-29T10:27:20.000000Z,1.50997,1.5094
2015-07-29T10:27:40.000000Z,1.50996,1.50937
2015-07-29T10:27:50.000000Z,1.50998,1.50937
2015-07-29T10:28:00.000000Z,1.5101,1.50949
2015-07-29T10:28:10.000000Z,1.51013,1.50946
2015-07-29T10:28:20.000000Z,1.5101,1.50952
2015-07-29T10:28:30.000000Z,1.51014,1.50951
2015-07-29T10:28:40.000000Z,1.51013,1.5095
2015-07-29T10:28:50.000000Z,1.51009,1.50945
2015-07-29T10:29:00.000000Z,1.51008,1.50947
2015-07-29T10:29:10.000000Z,1.51012,1.50952
2015-07-29T10:29:20.000000Z,1.51013,1.50955
2015-07-29T10:29:30.000000Z,1.51013,1.50959
2015-07-29T10:29:40.000000Z,1.51015,1.50959
2015-07-29T10:29:50.000000Z,1.51023,1.50966
2015-07-29T10:30:00.000000Z,1.51016,1.50963
2015-07-29T10:30:10.000000Z,1.51016,1.5096
2015-07-29T10:30:20.000000Z,1.51,1.50945
2015-07-29T10:30:30.000000Z,1.50993,1.50937
2015-07-29T10:30:40.000000Z,1.50987,1.50931
2015-07-29T10:30:50.000000Z,1.50995,1.50938
2015-07-29T10:31:00.000000Z,1.50988,1.50933
2015-07-29T10:31:10.000000Z,1.50987,1.50933
2015-07-29T10:31:20.000000Z,1.50992,1.50938
2015-07-29T10:31:40.000000Z,1.50988,1.50932
2015-07-29T10:31:50.000000Z,1.50987,1.5093
2015-07-29T10:32:00.000000Z,1.51001,1.50943
2015-07-29T10:32:10.000000Z,1.5101,1.50954
2015-07-29T10:32:20.000000Z,1.51015,1.50958
2015-07-29T10:32:30.000000Z,1.5103,1.50969
2015-07-29T10:32:40.000000Z,1.51015,1.50956
2015-07-29T10:32:50.000000Z,1.5102,1.50962
2015-07-29T10:33:00.000000Z,1.5103,1.50972
2015-07-29T10:33:10.000000Z,1.51018,1.50961
2015-07-29T10:33:20.000000Z,1.5101,1.50954
2015-07-29T10:33:30.000000Z,1.51019,1.5096
2015-07-29T10:33:40.000000Z,1.51006,1.50949
2015-07-29T10:33:50.000000Z,1.51012,1.50955
2015-07-29T10:34:00.000000Z,1.51013,1.50951
2015-07-29T10:34:10.000000Z,1.51015,1.50958
2015-07-29T10:34:20.000000Z,1.5103,1.50971
2015-07-29T10:34:40.000000Z,1.51025,1.50966
2015-07-29T10:34:50.000000Z,1.51028,1.50968
2015-07-29T10:35:00.000000Z,1.51034,1.50965
2015-07-29T10:35:10.000000Z,1.51034,1.50968
2015-07-29T10:35:20.000000Z,1.51035,1.50971
2015-07-29T10:35:30.000000Z,1.51045,1.5098
2015-07-29T10:35:40.000000Z,1.51044,1.50981
2015-07-29T10:35:50.000000Z,1.51038,1.50973
2015-07-29T10:36:00.000000Z,1.51031,1.50973
2015-07-29T10:36:10.000000Z,1.51029,1.50967
2015-07-29T10:36:20.000000Z,1.51022,1.50958
2015-07-29T10:36:30.000000Z,1.51039,1.50976
2015-07-29T10:36:40.000000Z,1.51031,1.50967
2015-07-29T10:36:50.000000Z,1.51034,1.50968
2015-07-29T10:37:00.000000Z,1.51025,1.50961
2015-07-29T10:37:10.000000Z,1.5104,1.50975
2015-07-29T10:37:20.000000Z,1.51039,1.50976
2015-07-29T10:37:30.000000Z,1.51039,1.50975
2015-07-29T10:37:40.000000Z,1.51027,1.50965
2015-07-29T10:37:50.000000Z,1.51024,1.50963
2015-07-29T10:38:00.000000Z,1.51029,1.50968
2015-07-29T10:38:10.000000Z,1.51024,1.50965
2015-07-29T10:38:20.000000Z,1.51047,1.5098
2015-07-29T10:38:30.000000Z,1.51025,1.5096
2015-07-29T10:38:40.000000Z,1.51024,1.50962
2015-07-29T10:38:50.000000Z,1.51023,1.50961
2015-07-29T10:39:00.000000Z,1.51017,1.50957
2015-07-29T10:39:10.000000Z,1.51016,1.50952
