time,closeAsk,closeBid
2015-07-16T15:54:00.000000Z,63.416,63.286
2015-07-16T15:54:05.000000Z,63.411,63.281
2015-07-16T15:54:25.000000Z,63.409,63.279
2015-07-16T15:54:45.000000Z,63.412,63.282
2015-07-16T15:56:50.000000Z,63.414,63.284
2015-07-16T15:56:55.000000Z,63.412,63.282
2015-07-16T15:57:15.000000Z,63.415,63.285
2015-07-16T15:58:30.000000Z,63.414,63.284
2015-07-16T15:58:40.000000Z,63.418,63.288
2015-07-16T15:58:55.000000Z,63.42,63.29
2015-07-16T15:59:00.000000Z,63.412,63.282
2015-07-16T15:59:15.000000Z,63.414,63.284
2015-07-16T16:00:20.000000Z,63.411,63.281
2015-07-16T16:00:40.000000Z,63.414,63.284
2015-07-16T16:01:10.000000Z,63.411,63.281
2015-07-16T16:02:05.000000Z,63.414,63.284
2015-07-16T16:02:40.000000Z,63.412,63.282
2015-07-16T16:03:30.000000Z,63.414,63.284
2015-07-16T16:07:05.000000Z,63.417,63.287
2015-07-16T16:07:50.000000Z,63.415,63.285
2015-07-16T16:09:15.000000Z,63.417,63.287
2015-07-16T16:12:10.000000Z,63.412,63.282
2015-07-16T16:12:15.000000Z,63.418,63.288
2015-07-16T16:12:20.000000Z,63.413,63.283
2015-07-16T16:24:50.000000Z,63.416,63.286
2015-07-16T16:26:50.000000Z,63.419,63.289
2015-07-16T16:28:50.000000Z,63.422,63.292
2015-07-16T16:30:30.000000Z,63.419,63.289
2015-07-16T16:31:45.000000Z,63.422,63.292
2015-07-16T16:34:05.000000Z,63.418,63.288
2015-07-16T16:34:10.000000Z,63.42,63.29
2015-07-16T16:34:20.000000Z,63.423,63.293
2015-07-16T16:34:30.000000Z,63.42,63.29
2015-07-16T16:35:00.000000Z,63.417,63.287
2015-07-16T16:35:25.000000Z,63.412,63.282
2015-07-16T16:36:05.000000Z,63.415,63.285
2015-07-16T16:38:05.000000Z,63.415,63.285
2015-07-16T16:38:20.000000Z,63.417,63.287
2015-07-16T16:38:35.000000Z,63.415,63.285
2015-07-16T16:39:20.000000Z,63.417,63.287
2015-07-16T16:39:25.000000Z,63.413,63.283
2015-07-16T16:46:15.000000Z,63.416,63.286
2015-07-16T16:46:25.000000Z,63.421,63.291
2015-07-16T16:46:30.000000Z,63.416,63.286
2015-07-16T16:50:30.000000Z,63.412,63.282
2015-07-16T16:59:40.000000Z,63.414,63.284
2015-07-16T17:01:50.000000Z,63.417,63.287
2015-07-16T17:02:20.000000Z,63.415,63.285
2015-07-16T17:03:00.000000Z,63.417,63.287
2015-07-16T17:03:15.000000Z,63.421,63.291
2015-07-16T17:03:20.000000Z,63.421,63.291
2015-07-16T17:03:25.000000Z,63.434,63.304
2015-07-16T17:03:40.000000Z,63.431,63.301
2015-07-16T17:06:30.000000Z,63.434,63.304
2015-07-16T17:07:10.000000Z,63.438,63.308
2015-07-16T17:07:30.000000Z,63.435,63.305
2015-07-16T17:07:40.000000Z,63.439,63.309
2015-07-16T17:10:00.000000Z,63.436,63.306
2015-07-16T17:11:40.000000Z,63.433,63.303
2015-07-16T17:12:20.000000Z,63.43,63.3
2015-07-16T17:12:40.000000Z,63.427,63.297
2015-07-16T17:14:10.000000Z,63.424,63.294
2015-07-16T17:14:25.000000Z,63.421,63.291
2015-07-16T17:14:30.000000Z,63.423,63.293
2015-07-16T17:14:35.000000Z,63.426,63.296
2015-07-16T17:14:40.000000Z,63.427,63.297
2015-07-16T17:15:40.000000Z,63.429,63.299
2015-07-16T17:19:10.000000Z,63.432,63.302
2015-07-16T17:22:10.000000Z,63.43,63.3
2015-07-16T17:22:40.000000Z,63.432,63.302
2015-07-16T17:22:45.000000Z,63.43,63.3
2015-07-16T17:26:25.000000Z,63.432,63.302
2015-07-16T17:26:35.000000Z,63.435,63.305
2015-07-16T17:26:40.000000Z,63.432,63.302
2015-07-16T17:26:55.000000Z,63.436,63.306
2015-07-16T17:27:00.000000Z,63.433,63.303
2015-07-16T17:28:50.000000Z,63.43,63.3
2015-07-16T17:29:00.000000Z,63.432,63.302
2015-07-16T17:32:50.000000Z,63.43,63.3
2015-07-16T17:33:10.000000Z,63.432,63.302
2015-07-16T17:33:35.000000Z,63.43,63.3
2015-07-16T17:33:45.000000Z,63.43,63.3
2015-07-16T17:34:05.000000Z,63.432,63.302
2015-07-16T17:35:55.000000Z,63.43,63.3
2015-07-16T17:36:30.000000Z,63.432,63.302
2015-07-16T17:36:45.000000Z,63.43,63.3
2015-07-16T17:37:05.000000Z,63.432,63.302
2015-07-16T17:37:10.000000Z,63.43,63.3
2015-07-16T17:37:30.000000Z,63.433,63.303
2015-07-16T17:37:40.000000Z,63.427,63.297
2015-07-16T17:38:00.000000Z,63.424,63.294
2015-07-16T17:38:05.000000Z,63.426,63.296
2015-07-16T17:38:15.000000Z,63.424,63.294
2015-07-16T17:39:30.000000Z,63.426,63.296
2015-07-16T17:39:50.000000Z,63.424,63.294
2015-07-16T17:40:00.000000Z,63.426,63.296
2015-07-16T17:40:20.000000Z,63.429,63.299
2015-07-16T17:40:40.000000Z,63.432,63.302
2015-07-16T17:41:05.000000Z,63.435,63.305
2015-07-16T17:42:30.000000Z,63.438,63.308
2015-07-16T17:43:25.000000Z,63.436,63.306
2015-07-16T17:44:00.000000Z,63.433,63.303
2015-07-16T17:44:20.000000Z,63.43,63.3
2015-07-16T17:44:45.000000Z,63.432,63.302
2015-07-16T17:44:50.000000Z,63.442,63.292
2015-07-16T17:45:10.000000Z,63.445,63.295
2015-07-16T17:45:30.000000Z,63.443,63.293
2015-07-16T17:46:40.000000Z,63.445,63.295
2015-07-16T17:48:10.000000Z,63.443,63.293
2015-07-16T17:48:15.000000Z,63.446,63.296
2015-07-16T17:48:50.000000Z,63.442,63.292
2015-07-16T17:49:15.000000Z,63.445,63.295
2015-07-16T17:50:30.000000Z,63.448,63.298
2015-07-16T17:50:35.000000Z,63.445,63.295
2015-07-16T17:51:30.000000Z,63.448,63.298
2015-07-16T17:51:35.000000Z,63.446,63.296
2015-07-16T17:51:50.000000Z,63.448,63.298
2015-07-16T17:52:00.000000Z,63.446,63.296
2015-07-16T17:52:05.000000Z,63.448,63.298
2015-07-16T17:52:50.000000Z,63.446,63.296
2015-07-16T17:53:00.000000Z,63.448,63.298
2015-07-16T17:53:05.000000Z,63.446,63.296
2015-07-16T17:53:20.000000Z,63.448,63.298
2015-07-16T17:53:25.000000Z,63.446,63.296
2015-07-16T17:53:30.000000Z,63.448,63.298
2015-07-16T17:54:00.000000Z,63.446,63.296
2015-07-16T17:55:20.000000Z,63.448,63.298
2015-07-16T17:56:10.000000Z,63.446,63.296
2015-07-16T17:56:30.000000Z,63.448,63.298
2015-07-16T17:56:45.000000Z,63.446,63.296
2015-07-16T17:57:25.000000Z,63.442,63.292
2015-07-16T17:57:40.000000Z,63.445,63.295
2015-07-16T17:58:15.000000Z,63.448,63.298
2015-07-16T18:00:25.000000Z,63.457,63.307
2015-07-16T18:00:30.000000Z,63.463,63.313
2015-07-16T18:00:40.000000Z,63.458,63.308
2015-07-16T18:00:45.000000Z,63.463,63.313
2015-07-16T18:01:05.000000Z,63.46,63.31
2015-07-16T18:01:15.000000Z,63.463,63.313
2015-07-16T18:02:00.000000Z,63.463,63.313
2015-07-16T18:02:05.000000Z,63.463,63.313
2015-07-16T18:02:20.000000Z,63.461,63.311
2015-07-16T18:03:15.000000Z,63.458,63.308
2015-07-16T18:03:30.000000Z,63.46,63.31
2015-07-16T18:03:45.000000Z,63.458,63.308
2015-07-16T18:04:50.000000Z,63.46,63.31
2015-07-16T18:05:10.000000Z,63.463,63.313
2015-07-16T18:06:20.000000Z,63.459,63.309
2015-07-16T18:06:35.000000Z,63.463,63.313
2015-07-16T18:17:55.000000Z,63.466,63.316
2015-07-16T18:23:00.000000Z,63.469,63.319
2015-07-16T18:37:15.000000Z,63.463,63.313
2015-07-16T18:37:20.000000Z,63.461,63.311
2015-07-16T18:55:00.000000Z,63.509,63.259
2015-07-16T18:56:50.000000Z,63.512,63.262
2015-07-16T18:59:15.000000Z,63.51,63.26
2015-07-16T18:59:45.000000Z,63.512,63.262
2015-07-16T19:01:45.000000Z,63.509,63.259
2015-07-16T19:05:50.000000Z,63.513,63.263
2015-07-16T19:06:25.000000Z,63.51,63.26
2015-07-16T19:11:35.000000Z,63.512,63.262
2015-07-16T19:12:10.000000Z,63.514,63.264
2015-07-16T19:12:50.000000Z,63.511,63.261
2015-07-16T19:13:35.000000Z,63.509,63.259
2015-07-16T19:17:10.000000Z,63.507,63.257
2015-07-16T19:25:45.000000Z,63.503,63.253
2015-07-16T19:35:45.000000Z,63.501,63.251
2015-07-16T19:35:50.000000Z,63.501,63.251
2015-07-16T19:51:35.000000Z,63.503,63.253
2015-07-16T19:56:00.000000Z,63.501,63.251
2015-07-16T19:56:05.000000Z,63.498,63.248
2015-07-16T19:56:20.000000Z,63.494,63.244
2015-07-16T19:56:25.000000Z,63.494,63.244
2015-07-16T21:07:40.000000Z,63.498,63.248
2015-07-17T00:30:00.000000Z,63.493,63.243
2015-07-17T00:30:05.000000Z,63.497,63.247
2015-07-17T00:40:00.000000Z,63.499,63.249
2015-07-17T00:52:35.000000Z,63.497,63.247
2015-07-17T00:53:10.000000Z,63.5,63.25
2015-07-17T02:30:00.000000Z,63.508,63.258
2015-07-17T03:00:05.000000Z,63.513,63.263
2015-07-17T03:00:15.000000Z,63.517,63.267
2015-07-17T03:01:30.000000Z,63.515,63.265
2015-07-17T03:01:35.000000Z,63.523,63.273
2015-07-17T03:05:10.000000Z,63.516,63.266
2015-07-17T03:05:15.000000Z,63.511,63.261
2015-07-17T03:13:00.000000Z,63.509,63.259
2015-07-17T03:17:40.000000Z,63.511,63.261
2015-07-17T03:17:45.000000Z,63.509,63.259
2015-07-17T03:25:20.000000Z,63.514,63.264
2015-07-17T03:27:10.000000Z,63.508,63.258
2015-07-17T03:27:45.000000Z,63.504,63.254
2015-07-17T03:27:55.000000Z,63.499,63.249
2015-07-17T03:28:45.000000Z,63.502,63.252
2015-07-17T03:30:00.000000Z,63.495,63.245
2015-07-17T03:30:05.000000Z,63.485,63.235
2015-07-17T03:30:10.000000Z,63.487,63.237
2015-07-17T03:30:20.000000Z,63.483,63.233
2015-07-17T03:30:30.000000Z,63.411,63.306
2015-07-17T03:30:45.000000Z,63.413,63.308
2015-07-17T03:30:50.000000Z,63.416,63.311
2015-07-17T03:31:00.000000Z,63.414,63.309
2015-07-17T03:31:20.000000Z,63.416,63.311
2015-07-17T03:31:30.000000Z,63.414,63.309
2015-07-17T03:32:10.000000Z,63.412,63.307
2015-07-17T03:32:30.000000Z,63.409,63.304
2015-07-17T03:32:40.000000Z,63.405,63.3
2015-07-17T03:32:45.000000Z,63.407,63.302
2015-07-17T03:32:55.000000Z,63.407,63.302
2015-07-17T03:33:25.000000Z,63.404,63.299
2015-07-17T03:33:50.000000Z,63.4,63.295
2015-07-17T03:34:30.000000Z,63.402,63.297
2015-07-17T03:34:40.000000Z,63.404,63.299
2015-07-17T03:35:00.000000Z,63.402,63.297
2015-07-17T03:35:15.000000Z,63.4,63.295
2015-07-17T03:35:25.000000Z,63.397,63.292
2015-07-17T03:35:35.000000Z,63.394,63.289
2015-07-17T03:36:40.000000Z,63.391,63.286
2015-07-17T03:37:10.000000Z,63.388,63.283
2015-07-17T03:37:15.000000Z,63.385,63.28
2015-07-17T03:37:25.000000Z,63.387,63.282
2015-07-17T03:37:45.000000Z,63.384,63.279
2015-07-17T03:37:50.000000Z,63.382,63.277
2015-07-17T03:37:55.000000Z,63.384,63.279
2015-07-17T03:38:00.000000Z,63.387,63.282
2015-07-17T03:38:10.000000Z,63.389,63.284
2015-07-17T03:38:30.000000Z,63.387,63.282
2015-07-17T03:38:35.000000Z,63.389,63.284
2015-07-17T03:38:55.000000Z,63.385,63.28
2015-07-17T03:39:05.000000Z,63.387,63.282
2015-07-17T03:39:10.000000Z,63.389,63.284
2015-07-17T03:39:25.000000Z,63.392,63.287
2015-07-17T03:39:30.000000Z,63.39,63.285
2015-07-17T03:39:35.000000Z,63.388,63.283
2015-07-17T03:39:55.000000Z,63.376,63.271
2015-07-17T03:40:05.000000Z,63.373,63.268
2015-07-17T03:40:10.000000Z,63.375,63.27
2015-07-17T03:40:20.000000Z,63.377,63.272
2015-07-17T03:40:25.000000Z,63.371,63.266
2015-07-17T03:41:05.000000Z,63.367,63.262
2015-07-17T03:41:10.000000Z,63.37,63.265
2015-07-17T03:41:15.000000Z,63.374,63.269
2015-07-17T03:41:40.000000Z,63.368,63.263
2015-07-17T03:44:35.000000Z,63.365,63.26
2015-07-17T03:45:55.000000Z,63.369,63.264
2015-07-17T03:46:40.000000Z,63.367,63.262
2015-07-17T03:47:00.000000Z,63.369,63.264
2015-07-17T03:47:55.000000Z,63.367,63.262
2015-07-17T03:48:10.000000Z,63.375,63.27
2015-07-17T03:48:15.000000Z,63.372,63.267
2015-07-17T03:48:20.000000Z,63.375,63.27
2015-07-17T03:49:05.000000Z,63.378,63.273
2015-07-17T03:49:20.000000Z,63.376,63.271
2015-07-17T03:49:25.000000Z,63.378,63.273
2015-07-17T03:49:30.000000Z,63.378,63.273
2015-07-17T03:49:50.000000Z,63.376,63.271
2015-07-17T03:49:55.000000Z,63.383,63.278
2015-07-17T03:50:00.000000Z,63.372,63.267
2015-07-17T03:50:10.000000Z,63.376,63.271
2015-07-17T03:50:25.000000Z,63.378,63.273
2015-07-17T03:50:30.000000Z,63.376,63.271
2015-07-17T03:50:35.000000Z,63.373,63.268
2015-07-17T03:50:40.000000Z,63.369,63.264
2015-07-17T03:53:00.000000Z,63.372,63.267
2015-07-17T03:54:05.000000Z,63.377,63.272
2015-07-17T03:55:15.000000Z,63.377,63.272
2015-07-17T03:55:20.000000Z,63.377,63.272
2015-07-17T03:55:30.000000Z,63.374,63.269
2015-07-17T03:56:30.000000Z,63.377,63.272
2015-07-17T03:58:00.000000Z,63.374,63.269
2015-07-17T04:01:30.000000Z,63.371,63.266
2015-07-17T04:02:15.000000Z,63.375,63.27
2015-07-17T04:02:20.000000Z,63.378,63.273
2015-07-17T04:02:25.000000Z,63.376,63.271
2015-07-17T04:03:25.000000Z,63.378,63.273
2015-07-17T04:03:40.000000Z,63.382,63.277
2015-07-17T04:04:30.000000Z,63.385,63.28
2015-07-17T04:04:35.000000Z,63.39,63.285
2015-07-17T04:04:40.000000Z,63.388,63.283
2015-07-17T04:04:45.000000Z,63.387,63.282
2015-07-17T04:05:15.000000Z,63.385,63.28
2015-07-17T04:05:20.000000Z,63.382,63.277
2015-07-17T04:07:00.000000Z,63.379,63.274
2015-07-17T04:08:50.000000Z,63.381,63.276
2015-07-17T04:08:55.000000Z,63.384,63.279
2015-07-17T04:09:30.000000Z,63.382,63.277
2015-07-17T04:11:45.000000Z,63.378,63.273
2015-07-17T04:12:10.000000Z,63.376,63.271
2015-07-17T04:12:15.000000Z,63.378,63.273
2015-07-17T04:13:00.000000Z,63.381,63.276
2015-07-17T04:13:20.000000Z,63.379,63.274
2015-07-17T04:15:40.000000Z,63.381,63.276
2015-07-17T04:15:45.000000Z,63.379,63.274
2015-07-17T04:16:00.000000Z,63.376,63.271
2015-07-17T04:17:30.000000Z,63.378,63.273
2015-07-17T04:17:45.000000Z,63.378,63.273
2015-07-17T04:19:55.000000Z,63.381,63.276
2015-07-17T04:20:00.000000Z,63.378,63.273
2015-07-17T04:20:05.000000Z,63.381,63.276
2015-07-17T04:22:25.000000Z,63.381,63.276
2015-07-17T04:25:05.000000Z,63.379,63.274
2015-07-17T04:25:10.000000Z,63.376,63.271
2015-07-17T04:25:25.000000Z,63.373,63.268
2015-07-17T04:27:30.000000Z,63.375,63.27
2015-07-17T04:27:50.000000Z,63.373,63.268
2015-07-17T04:28:20.000000Z,63.37,63.265
2015-07-17T04:28:25.000000Z,63.375,63.27
2015-07-17T04:28:30.000000Z,63.379,63.274
2015-07-17T04:28:35.000000Z,63.381,63.276
2015-07-17T04:28:40.000000Z,63.384,63.279
2015-07-17T04:29:55.000000Z,63.387,63.282
2015-07-17T04:30:20.000000Z,63.385,63.28
2015-07-17T04:30:35.000000Z,63.387,63.282
2015-07-17T04:30:40.000000Z,63.385,63.28
2015-07-17T04:31:00.000000Z,63.387,63.282
2015-07-17T04:31:10.000000Z,63.385,63.28
2015-07-17T04:31:20.000000Z,63.387,63.282
2015-07-17T04:32:05.000000Z,63.385,63.28
2015-07-17T04:32:25.000000Z,63.382,63.277
2015-07-17T04:33:15.000000Z,63.384,63.279
2015-07-17T04:33:40.000000Z,63.382,63.277
2015-07-17T04:34:35.000000Z,63.384,63.279
2015-07-17T04:34:45.000000Z,63.382,63.277
2015-07-17T04:34:50.000000Z,63.384,63.279
2015-07-17T04:36:20.000000Z,63.382,63.277
2015-07-17T04:36:25.000000Z,63.385,63.28
2015-07-17T04:36:40.000000Z,63.382,63.277
2015-07-17T04:36:55.000000Z,63.384,63.279
2015-07-17T04:39:10.000000Z,63.387,63.282
2015-07-17T04:39:20.000000Z,63.387,63.282
2015-07-17T04:39:35.000000Z,63.385,63.28
2015-07-17T04:42:35.000000Z,63.385,63.28
2015-07-17T04:48:10.000000Z,63.388,63.283
2015-07-17T04:50:05.000000Z,63.39,63.285
2015-07-17T04:50:10.000000Z,63.388,63.283
2015-07-17T04:50:45.000000Z,63.39,63.285
2015-07-17T04:51:10.000000Z,63.388,63.283
2015-07-17T04:51:35.000000Z,63.385,63.28
2015-07-17T04:51:50.000000Z,63.382,63.277
2015-07-17T04:51:55.000000Z,63.382,63.277
2015-07-17T04:52:45.000000Z,63.384,63.279
2015-07-17T04:55:00.000000Z,63.382,63.277
2015-07-17T04:57:35.000000Z,63.379,63.274
2015-07-17T04:59:40.000000Z,63.381,63.276
2015-07-17T04:59:55.000000Z,63.384,63.279
2015-07-17T05:00:10.000000Z,63.382,63.277
2015-07-17T05:01:25.000000Z,63.379,63.274
2015-07-17T05:02:20.000000Z,63.376,63.271
2015-07-17T05:02:50.000000Z,63.378,63.273
2015-07-17T05:04:25.000000Z,63.381,63.276
2015-07-17T05:04:55.000000Z,63.379,63.274
2015-07-17T05:05:30.000000Z,63.381,63.276
2015-07-17T05:05:50.000000Z,63.384,63.279
2015-07-17T05:05:55.000000Z,63.387,63.282
2015-07-17T05:06:10.000000Z,63.384,63.279
2015-07-17T05:07:05.000000Z,63.382,63.277
2015-07-17T05:07:40.000000Z,63.382,63.277
2015-07-17T05:08:15.000000Z,63.385,63.28
2015-07-17T05:08:20.000000Z,63.39,63.285
2015-07-17T05:08:35.000000Z,63.392,63.287
2015-07-17T05:08:40.000000Z,63.389,63.284
2015-07-17T05:09:40.000000Z,63.386,63.281
2015-07-17T05:09:45.000000Z,63.383,63.278
2015-07-17T05:20:35.000000Z,63.38,63.275
2015-07-17T05:21:05.000000Z,63.383,63.278
2015-07-17T05:23:40.000000Z,63.387,63.282
2015-07-17T05:23:45.000000Z,63.389,63.284
2015-07-17T05:23:50.000000Z,63.389,63.284
2015-07-17T05:24:30.000000Z,63.387,63.282
2015-07-17T05:27:25.000000Z,63.385,63.28
2015-07-17T05:27:35.000000Z,63.387,63.282
2015-07-17T05:27:40.000000Z,63.389,63.284
2015-07-17T05:31:40.000000Z,63.392,63.287
2015-07-17T05:31:45.000000Z,63.39,63.285
2015-07-17T05:32:00.000000Z,63.392,63.287
2015-07-17T05:37:20.000000Z,63.39,63.285
2015-07-17T05:37:35.000000Z,63.393,63.288
2015-07-17T05:38:05.000000Z,63.391,63.286
2015-07-17T05:38:10.000000Z,63.393,63.288
2015-07-17T05:40:25.000000Z,63.391,63.286
2015-07-17T05:40:40.000000Z,63.388,63.283
2015-07-17T05:40:50.000000Z,63.39,63.285
2015-07-17T05:41:15.000000Z,63.392,63.287
2015-07-17T05:42:50.000000Z,63.39,63.285
2015-07-17T05:42:55.000000Z,63.39,63.285
2015-07-17T05:43:15.000000Z,63.392,63.287
2015-07-17T05:43:50.000000Z,63.395,63.29
2015-07-17T05:44:00.000000Z,63.395,63.29
2015-07-17T05:45:25.000000Z,63.395,63.29
2015-07-17T05:46:05.000000Z,63.393,63.288
2015-07-17T05:46:20.000000Z,63.395,63.29
2015-07-17T05:48:35.000000Z,63.392,63.287
2015-07-17T05:49:20.000000Z,63.395,63.29
2015-07-17T05:49:30.000000Z,63.393,63.288
2015-07-17T05:50:15.000000Z,63.391,63.286
2015-07-17T05:50:30.000000Z,63.393,63.288
2015-07-17T05:51:45.000000Z,63.391,63.286
2015-07-17T05:52:00.000000Z,63.393,63.288
2015-07-17T05:54:05.000000Z,63.395,63.29
2015-07-17T05:58:15.000000Z,63.393,63.288
2015-07-17T05:58:25.000000Z,63.395,63.29
2015-07-17T05:59:30.000000Z,63.398,63.293
2015-07-17T05:59:35.000000Z,63.396,63.291
2015-07-17T05:59:40.000000Z,63.394,63.289
2015-07-17T05:59:50.000000Z,63.397,63.292
2015-07-17T05:59:55.000000Z,63.398,63.293
2015-07-17T06:00:00.000000Z,63.402,63.297
2015-07-17T06:00:25.000000Z,63.4,63.295
2015-07-17T06:06:40.000000Z,63.397,63.292
2015-07-17T06:07:40.000000Z,63.399,63.294
2015-07-17T06:07:50.000000Z,63.397,63.292
2015-07-17T06:08:05.000000Z,63.399,63.294
2015-07-17T06:09:40.000000Z,63.397,63.292
2015-07-17T06:10:00.000000Z,63.399,63.294
2015-07-17T06:10:05.000000Z,63.397,63.292
2015-07-17T06:10:10.000000Z,63.399,63.294
2015-07-17T06:10:15.000000Z,63.397,63.292
2015-07-17T06:10:20.000000Z,63.399,63.294
2015-07-17T06:10:25.000000Z,63.397,63.292
2015-07-17T06:10:50.000000Z,63.399,63.294
2015-07-17T06:11:15.000000Z,63.397,63.292
2015-07-17T06:11:20.000000Z,63.399,63.294
2015-07-17T06:12:00.000000Z,63.399,63.294
2015-07-17T06:12:10.000000Z,63.397,63.292
2015-07-17T06:12:40.000000Z,63.399,63.294
2015-07-17T06:14:35.000000Z,63.397,63.292
2015-07-17T06:14:50.000000Z,63.399,63.294
2015-07-17T06:15:35.000000Z,63.401,63.296
2015-07-17T06:16:10.000000Z,63.399,63.294
2015-07-17T06:16:50.000000Z,63.401,63.296
2015-07-17T06:16:55.000000Z,63.399,63.294
2015-07-17T06:18:05.000000Z,63.397,63.292
2015-07-17T06:24:00.000000Z,63.399,63.294
2015-07-17T06:24:40.000000Z,63.397,63.292
2015-07-17T06:24:45.000000Z,63.399,63.294
2015-07-17T06:25:25.000000Z,63.397,63.292
2015-07-17T06:26:40.000000Z,63.4,63.295
2015-07-17T06:26:55.000000Z,63.402,63.297
2015-07-17T06:28:30.000000Z,63.402,63.297
2015-07-17T06:30:00.000000Z,63.399,63.294
2015-07-17T06:30:25.000000Z,63.401,63.296
2015-07-17T06:30:50.000000Z,63.404,63.299
2015-07-17T06:30:55.000000Z,63.404,63.299
2015-07-17T06:31:40.000000Z,63.402,63.297
2015-07-17T06:32:55.000000Z,63.4,63.295
2015-07-17T06:33:15.000000Z,63.402,63.297
2015-07-17T06:34:35.000000Z,63.4,63.295
2015-07-17T06:35:10.000000Z,63.397,63.292
2015-07-17T06:37:05.000000Z,63.399,63.294
2015-07-17T06:39:30.000000Z,63.401,63.296
2015-07-17T06:40:05.000000Z,63.404,63.299
2015-07-17T06:40:30.000000Z,63.402,63.297
2015-07-17T06:40:50.000000Z,63.404,63.299
2015-07-17T06:41:05.000000Z,63.399,63.294
2015-07-17T06:41:25.000000Z,63.397,63.292
2015-07-17T06:41:40.000000Z,63.4,63.295
2015-07-17T06:41:45.000000Z,63.397,63.292
2015-07-17T06:41:50.000000Z,63.397,63.292
2015-07-17T06:41:55.000000Z,63.4,63.295
2015-07-17T06:42:00.000000Z,63.397,63.292
2015-07-17T06:42:15.000000Z,63.399,63.294
2015-07-17T06:42:20.000000Z,63.396,63.291
2015-07-17T06:42:30.000000Z,63.392,63.287
2015-07-17T06:42:45.000000Z,63.39,63.285
2015-07-17T06:42:50.000000Z,63.388,63.283
2015-07-17T06:42:55.000000Z,63.39,63.285
2015-07-17T06:43:00.000000Z,63.388,63.283
2015-07-17T06:43:05.000000Z,63.385,63.28
2015-07-17T06:43:20.000000Z,63.387,63.282
2015-07-17T06:44:10.000000Z,63.384,63.279
2015-07-17T06:45:50.000000Z,63.382,63.277
2015-07-17T06:46:55.000000Z,63.384,63.279
2015-07-17T06:47:20.000000Z,63.382,63.277
2015-07-17T06:47:25.000000Z,63.384,63.279
2015-07-17T06:48:10.000000Z,63.382,63.277
2015-07-17T06:49:45.000000Z,63.382,63.277
2015-07-17T06:51:30.000000Z,63.384,63.279
2015-07-17T06:52:10.000000Z,63.382,63.277
2015-07-17T06:52:15.000000Z,63.384,63.279
2015-07-17T06:52:30.000000Z,63.384,63.279
2015-07-17T06:54:40.000000Z,63.387,63.282
2015-07-17T06:55:15.000000Z,63.385,63.28
2015-07-17T06:59:15.000000Z,63.387,63.282
2015-07-17T06:59:35.000000Z,63.385,63.28
2015-07-17T06:59:40.000000Z,63.387,63.282
2015-07-17T06:59:45.000000Z,63.385,63.28
2015-07-17T07:00:25.000000Z,63.387,63.282
2015-07-17T07:02:05.000000Z,63.389,63.284
2015-07-17T07:02:10.000000Z,63.387,63.282
2015-07-17T07:02:30.000000Z,63.389,63.284
2015-07-17T07:03:20.000000Z,63.387,63.282
2015-07-17T07:03:50.000000Z,63.389,63.284
2015-07-17T07:04:10.000000Z,63.387,63.282
2015-07-17T07:04:55.000000Z,63.389,63.284
2015-07-17T07:05:15.000000Z,63.387,63.282
2015-07-17T07:05:20.000000Z,63.389,63.284
2015-07-17T07:06:05.000000Z,63.387,63.282
2015-07-17T07:06:10.000000Z,63.389,63.284
2015-07-17T07:06:45.000000Z,63.387,63.282
2015-07-17T07:07:35.000000Z,63.385,63.28
2015-07-17T07:08:40.000000Z,63.388,63.283
2015-07-17T07:10:00.000000Z,63.385,63.28
2015-07-17T07:10:25.000000Z,63.398,63.268
2015-07-17T07:10:35.000000Z,63.395,63.265
2015-07-17T07:10:55.000000Z,63.395,63.265
2015-07-17T07:12:00.000000Z,63.392,63.262
2015-07-17T07:12:25.000000Z,63.394,63.264
2015-07-17T07:12:55.000000Z,63.396,63.266
2015-07-17T07:15:45.000000Z,63.399,63.269
2015-07-17T07:15:50.000000Z,63.397,63.267
2015-07-17T07:16:20.000000Z,63.399,63.269
2015-07-17T07:16:25.000000Z,63.403,63.273
2015-07-17T07:16:35.000000Z,63.408,63.278
2015-07-17T07:16:40.000000Z,63.408,63.278
2015-07-17T07:16:50.000000Z,63.406,63.276
2015-07-17T07:17:05.000000Z,63.408,63.278
2015-07-17T07:17:15.000000Z,63.411,63.281
2015-07-17T07:17:35.000000Z,63.409,63.279
2015-07-17T07:17:50.000000Z,63.407,63.277
2015-07-17T07:17:55.000000Z,63.409,63.279
2015-07-17T07:18:30.000000Z,63.411,63.281
2015-07-17T07:18:55.000000Z,63.409,63.279
2015-07-17T07:19:05.000000Z,63.409,63.279
2015-07-17T07:19:20.000000Z,63.411,63.281
2015-07-17T07:20:15.000000Z,63.409,63.279
2015-07-17T07:20:30.000000Z,63.407,63.277
2015-07-17T07:20:35.000000Z,63.409,63.279
2015-07-17T07:21:00.000000Z,63.407,63.277
2015-07-17T07:21:55.000000Z,63.404,63.274
2015-07-17T07:22:25.000000Z,63.406,63.276
2015-07-17T07:22:55.000000Z,63.406,63.276
2015-07-17T07:23:15.000000Z,63.404,63.274
2015-07-17T07:26:45.000000Z,63.403,63.273
2015-07-17T07:28:30.000000Z,63.405,63.275
2015-07-17T07:30:05.000000Z,63.403,63.273
2015-07-17T07:30:10.000000Z,63.405,63.275
2015-07-17T07:35:25.000000Z,63.403,63.273
2015-07-17T07:37:15.000000Z,63.405,63.275
2015-07-17T07:39:45.000000Z,63.403,63.273
2015-07-17T07:40:05.000000Z,63.405,63.275
2015-07-17T07:47:00.000000Z,63.403,63.273
2015-07-17T07:48:10.000000Z,63.401,63.271
2015-07-17T07:48:15.000000Z,63.403,63.273
2015-07-17T07:49:15.000000Z,63.405,63.275
2015-07-17T07:50:35.000000Z,63.408,63.278
2015-07-17T07:51:40.000000Z,63.404,63.274
2015-07-17T07:51:45.000000Z,63.406,63.276
2015-07-17T07:51:50.000000Z,63.404,63.274
2015-07-17T07:53:25.000000Z,63.406,63.276
2015-07-17T07:53:40.000000Z,63.408,63.278
2015-07-17T07:53:50.000000Z,63.406,63.276
2015-07-17T07:53:55.000000Z,63.408,63.278
2015-07-17T07:54:40.000000Z,63.406,63.276
2015-07-17T07:54:45.000000Z,63.408,63.278
2015-07-17T07:54:55.000000Z,63.406,63.276
2015-07-17T07:55:40.000000Z,63.408,63.278
2015-07-17T07:55:45.000000Z,63.406,63.276
2015-07-17T07:56:15.000000Z,63.408,63.278
2015-07-17T07:56:25.000000Z,63.406,63.276
2015-07-17T07:56:35.000000Z,63.404,63.274
2015-07-17T07:57:45.000000Z,63.406,63.276
2015-07-17T07:57:55.000000Z,63.404,63.274
2015-07-17T07:59:35.000000Z,63.406,63.276
2015-07-17T07:59:40.000000Z,63.404,63.274
2015-07-17T07:59:55.000000Z,63.406,63.276
2015-07-17T08:00:40.000000Z,63.404,63.274
2015-07-17T08:01:15.000000Z,63.408,63.278
2015-07-17T08:01:50.000000Z,63.406,63.276
2015-07-17T08:02:30.000000Z,63.404,63.274
2015-07-17T08:03:00.000000Z,63.406,63.276
2015-07-17T08:03:50.000000Z,63.408,63.278
2015-07-17T08:05:00.000000Z,63.406,63.276
2015-07-17T08:06:00.000000Z,63.408,63.278
2015-07-17T08:06:10.000000Z,63.406,63.276
2015-07-17T08:08:10.000000Z,63.408,63.278
2015-07-17T08:08:35.000000Z,63.406,63.276
2015-07-17T08:09:40.000000Z,63.403,63.273
2015-07-17T08:10:00.000000Z,63.406,63.276
2015-07-17T08:10:10.000000Z,63.403,63.273
2015-07-17T08:10:20.000000Z,63.405,63.275
2015-07-17T08:10:50.000000Z,63.403,63.273
2015-07-17T08:11:50.000000Z,63.401,63.271
2015-07-17T08:12:20.000000Z,63.398,63.268
2015-07-17T08:12:30.000000Z,63.395,63.265
2015-07-17T08:14:55.000000Z,63.392,63.262
2015-07-17T08:16:00.000000Z,63.394,63.264
2015-07-17T08:16:05.000000Z,63.392,63.262
2015-07-17T08:16:35.000000Z,63.394,63.264
2015-07-17T08:16:40.000000Z,63.392,63.262
2015-07-17T08:18:25.000000Z,63.389,63.259
2015-07-17T08:19:20.000000Z,63.391,63.261
2015-07-17T08:20:00.000000Z,63.393,63.263
2015-07-17T08:20:05.000000Z,63.391,63.261
2015-07-17T08:20:15.000000Z,63.393,63.263
2015-07-17T08:21:20.000000Z,63.39,63.26
2015-07-17T08:21:30.000000Z,63.388,63.258
2015-07-17T08:21:50.000000Z,63.39,63.26
2015-07-17T08:22:10.000000Z,63.393,63.263
2015-07-17T08:22:15.000000Z,63.389,63.259
2015-07-17T08:23:05.000000Z,63.393,63.263
2015-07-17T08:23:10.000000Z,63.393,63.263
2015-07-17T08:23:15.000000Z,63.39,63.26
2015-07-17T08:23:20.000000Z,63.387,63.257
2015-07-17T08:23:25.000000Z,63.385,63.255
2015-07-17T08:23:30.000000Z,63.386,63.256
2015-07-17T08:23:35.000000Z,63.388,63.258
2015-07-17T08:23:40.000000Z,63.386,63.256
2015-07-17T08:24:00.000000Z,63.383,63.253
2015-07-17T08:25:25.000000Z,63.385,63.255
2015-07-17T08:26:15.000000Z,63.383,63.253
2015-07-17T08:26:20.000000Z,63.385,63.255
2015-07-17T08:26:35.000000Z,63.387,63.257
2015-07-17T08:27:15.000000Z,63.39,63.26
2015-07-17T08:27:25.000000Z,63.393,63.263
2015-07-17T08:27:30.000000Z,63.391,63.261
2015-07-17T08:27:40.000000Z,63.389,63.259
2015-07-17T08:28:20.000000Z,63.391,63.261
2015-07-17T08:28:30.000000Z,63.388,63.258
2015-07-17T08:29:05.000000Z,63.386,63.256
2015-07-17T08:29:50.000000Z,63.388,63.258
2015-07-17T08:30:00.000000Z,63.386,63.256
2015-07-17T08:32:15.000000Z,63.388,63.258
2015-07-17T08:32:35.000000Z,63.386,63.256
2015-07-17T08:34:15.000000Z,63.381,63.251
2015-07-17T08:35:05.000000Z,63.386,63.256
2015-07-17T08:37:55.000000Z,63.383,63.253
2015-07-17T08:41:40.000000Z,63.385,63.255
2015-07-17T08:42:10.000000Z,63.387,63.257
2015-07-17T08:42:55.000000Z,63.385,63.255
2015-07-17T08:43:15.000000Z,63.385,63.255
2015-07-17T08:44:20.000000Z,63.382,63.252
2015-07-17T08:45:40.000000Z,63.38,63.25
2015-07-17T08:45:45.000000Z,63.382,63.252
2015-07-17T08:46:45.000000Z,63.384,63.254
2015-07-17T08:47:15.000000Z,63.382,63.252
2015-07-17T08:47:20.000000Z,63.384,63.254
2015-07-17T08:47:35.000000Z,63.382,63.252
2015-07-17T08:47:45.000000Z,63.38,63.25
2015-07-17T08:48:00.000000Z,63.382,63.252
2015-07-17T08:48:10.000000Z,63.384,63.254
2015-07-17T08:50:55.000000Z,63.387,63.257
2015-07-17T08:52:40.000000Z,63.384,63.254
2015-07-17T08:54:50.000000Z,63.382,63.252
2015-07-17T08:54:55.000000Z,63.382,63.252
2015-07-17T08:55:20.000000Z,63.385,63.255
2015-07-17T08:55:55.000000Z,63.387,63.257
2015-07-17T08:56:00.000000Z,63.383,63.253
2015-07-17T08:59:05.000000Z,63.38,63.25
2015-07-17T09:00:50.000000Z,63.377,63.247
2015-07-17T09:00:55.000000Z,63.379,63.249
2015-07-17T09:01:10.000000Z,63.377,63.247
2015-07-17T09:03:50.000000Z,63.379,63.249
2015-07-17T09:04:50.000000Z,63.379,63.249
2015-07-17T09:04:55.000000Z,63.381,63.251
2015-07-17T09:05:10.000000Z,63.379,63.249
2015-07-17T09:05:15.000000Z,63.381,63.251
2015-07-17T09:06:40.000000Z,63.384,63.254
2015-07-17T09:06:55.000000Z,63.382,63.252
2015-07-17T09:07:25.000000Z,63.384,63.254
2015-07-17T09:07:40.000000Z,63.379,63.249
2015-07-17T09:07:45.000000Z,63.379,63.249
2015-07-17T09:07:50.000000Z,63.378,63.248
2015-07-17T09:07:55.000000Z,63.384,63.254
2015-07-17T09:08:00.000000Z,63.384,63.254
2015-07-17T09:08:05.000000Z,63.384,63.254
2015-07-17T09:08:10.000000Z,63.381,63.251
2015-07-17T09:08:25.000000Z,63.381,63.251
2015-07-17T09:08:30.000000Z,63.378,63.248
2015-07-17T09:08:35.000000Z,63.379,63.249
2015-07-17T09:08:45.000000Z,63.379,63.249
2015-07-17T09:09:00.000000Z,63.377,63.247
2015-07-17T09:09:40.000000Z,63.379,63.249
2015-07-17T09:09:45.000000Z,63.377,63.247
2015-07-17T09:09:50.000000Z,63.377,63.247
2015-07-17T09:09:55.000000Z,63.379,63.249
2015-07-17T09:10:10.000000Z,63.377,63.247
2015-07-17T09:11:30.000000Z,63.379,63.249
2015-07-17T09:11:40.000000Z,63.377,63.247
2015-07-17T09:11:45.000000Z,63.377,63.247
2015-07-17T09:11:50.000000Z,63.379,63.249
2015-07-17T09:12:40.000000Z,63.377,63.247
2015-07-17T09:12:55.000000Z,63.379,63.249
2015-07-17T09:13:00.000000Z,63.377,63.247
2015-07-17T09:13:25.000000Z,63.379,63.249
2015-07-17T09:14:45.000000Z,63.377,63.247
2015-07-17T09:15:10.000000Z,63.374,63.244
2015-07-17T09:15:15.000000Z,63.376,63.246
2015-07-17T09:15:30.000000Z,63.378,63.248
2015-07-17T09:15:40.000000Z,63.376,63.246
2015-07-17T09:15:45.000000Z,63.376,63.246
2015-07-17T09:15:50.000000Z,63.37,63.24
2015-07-17T09:15:55.000000Z,63.371,63.241
2015-07-17T09:16:00.000000Z,63.376,63.246
2015-07-17T09:16:15.000000Z,63.371,63.241
2015-07-17T09:16:20.000000Z,63.367,63.237
2015-07-17T09:16:25.000000Z,63.365,63.235
2015-07-17T09:16:30.000000Z,63.362,63.232
2015-07-17T09:16:35.000000Z,63.365,63.235
2015-07-17T09:16:40.000000Z,63.362,63.232
2015-07-17T09:16:55.000000Z,63.363,63.233
2015-07-17T09:17:00.000000Z,63.359,63.229
2015-07-17T09:17:05.000000Z,63.361,63.231
2015-07-17T09:17:10.000000Z,63.362,63.232
2015-07-17T09:17:20.000000Z,63.364,63.234
2015-07-17T09:17:35.000000Z,63.362,63.232
2015-07-17T09:17:40.000000Z,63.364,63.234
2015-07-17T09:18:15.000000Z,63.362,63.232
2015-07-17T09:18:35.000000Z,63.364,63.234
2015-07-17T09:19:00.000000Z,63.362,63.232
2015-07-17T09:19:15.000000Z,63.362,63.232
2015-07-17T09:19:30.000000Z,63.364,63.234
2015-07-17T09:19:35.000000Z,63.362,63.232
2015-07-17T09:19:45.000000Z,63.364,63.234
2015-07-17T09:19:50.000000Z,63.362,63.232
2015-07-17T09:19:55.000000Z,63.364,63.234
2015-07-17T09:20:10.000000Z,63.362,63.232
2015-07-17T09:20:15.000000Z,63.364,63.234
2015-07-17T09:20:20.000000Z,63.362,63.232
2015-07-17T09:20:40.000000Z,63.364,63.234
2015-07-17T09:21:10.000000Z,63.364,63.234
2015-07-17T09:21:30.000000Z,63.362,63.232
2015-07-17T09:22:00.000000Z,63.362,63.232
2015-07-17T09:22:05.000000Z,63.364,63.234
2015-07-17T09:22:10.000000Z,63.364,63.234
2015-07-17T09:22:40.000000Z,63.366,63.236
2015-07-17T09:23:25.000000Z,63.364,63.234
2015-07-17T09:23:55.000000Z,63.362,63.232
2015-07-17T09:24:20.000000Z,63.364,63.234
2015-07-17T09:25:10.000000Z,63.36,63.23
2015-07-17T09:25:30.000000Z,63.363,63.233
2015-07-17T09:26:10.000000Z,63.366,63.236
2015-07-17T09:27:10.000000Z,63.363,63.233
2015-07-17T09:28:45.000000Z,63.367,63.237
2015-07-17T09:32:10.000000Z,63.369,63.239
2015-07-17T09:34:45.000000Z,63.372,63.242
2015-07-17T09:36:05.000000Z,63.372,63.242
2015-07-17T09:37:45.000000Z,63.376,63.246
2015-07-17T09:37:50.000000Z,63.373,63.243
2015-07-17T09:37:55.000000Z,63.371,63.241
2015-07-17T09:38:00.000000Z,63.373,63.243
2015-07-17T09:38:15.000000Z,63.373,63.243
2015-07-17T09:39:05.000000Z,63.371,63.241
2015-07-17T09:39:10.000000Z,63.375,63.245
2015-07-17T09:39:15.000000Z,63.373,63.243
2015-07-17T09:39:55.000000Z,63.371,63.241
2015-07-17T09:40:20.000000Z,63.375,63.245
2015-07-17T09:40:25.000000Z,63.371,63.241
2015-07-17T09:41:25.000000Z,63.37,63.24
2015-07-17T09:41:30.000000Z,63.372,63.242
2015-07-17T09:41:55.000000Z,63.37,63.24
2015-07-17T09:42:00.000000Z,63.37,63.24
2015-07-17T09:42:10.000000Z,63.372,63.242
2015-07-17T09:42:15.000000Z,63.37,63.24
2015-07-17T09:42:30.000000Z,63.374,63.244
2015-07-17T09:42:35.000000Z,63.371,63.241
2015-07-17T09:42:50.000000Z,63.375,63.245
2015-07-17T09:42:55.000000Z,63.373,63.243
2015-07-17T09:43:05.000000Z,63.371,63.241
2015-07-17T09:43:10.000000Z,63.376,63.246
2015-07-17T09:43:40.000000Z,63.374,63.244
2015-07-17T09:44:55.000000Z,63.376,63.246
2015-07-17T09:45:10.000000Z,63.374,63.244
2015-07-17T09:45:45.000000Z,63.376,63.246
2015-07-17T09:45:50.000000Z,63.374,63.244
2015-07-17T09:46:10.000000Z,63.376,63.246
2015-07-17T09:48:50.000000Z,63.374,63.244
2015-07-17T09:50:00.000000Z,63.379,63.249
2015-07-17T09:50:40.000000Z,63.375,63.245
2015-07-17T09:51:25.000000Z,63.391,63.261
2015-07-17T09:51:30.000000Z,63.391,63.261
2015-07-17T09:51:35.000000Z,63.4,63.27
2015-07-17T09:51:45.000000Z,63.402,63.272
2015-07-17T09:51:50.000000Z,63.393,63.263
2015-07-17T09:52:10.000000Z,63.391,63.261
2015-07-17T09:52:45.000000Z,63.389,63.259
2015-07-17T09:52:50.000000Z,63.391,63.261
2015-07-17T09:53:10.000000Z,63.393,63.263
2015-07-17T09:53:35.000000Z,63.393,63.263
2015-07-17T09:53:40.000000Z,63.389,63.259
2015-07-17T09:53:45.000000Z,63.386,63.256
2015-07-17T09:53:50.000000Z,63.388,63.258
2015-07-17T09:54:00.000000Z,63.378,63.248
2015-07-17T09:55:00.000000Z,63.383,63.253
2015-07-17T09:55:30.000000Z,63.379,63.249
2015-07-17T09:56:10.000000Z,63.377,63.247
2015-07-17T09:56:15.000000Z,63.38,63.25
2015-07-17T09:56:55.000000Z,63.386,63.256
2015-07-17T09:57:00.000000Z,63.375,63.245
2015-07-17T09:58:50.000000Z,63.376,63.246
2015-07-17T09:59:05.000000Z,63.378,63.248
2015-07-17T09:59:10.000000Z,63.375,63.245
2015-07-17T09:59:50.000000Z,63.373,63.243
2015-07-17T09:59:55.000000Z,63.375,63.245
2015-07-17T10:00:15.000000Z,63.375,63.245
2015-07-17T10:00:20.000000Z,63.373,63.243
2015-07-17T10:00:35.000000Z,63.375,63.245
2015-07-17T10:01:00.000000Z,63.373,63.243
2015-07-17T10:01:05.000000Z,63.375,63.245
2015-07-17T10:01:45.000000Z,63.375,63.245
2015-07-17T10:02:30.000000Z,63.375,63.245
2015-07-17T10:02:35.000000Z,63.373,63.243
2015-07-17T10:02:45.000000Z,63.375,63.245
2015-07-17T10:02:50.000000Z,63.371,63.241
2015-07-17T10:03:10.000000Z,63.371,63.241
2015-07-17T10:03:15.000000Z,63.373,63.243
2015-07-17T10:03:20.000000Z,63.375,63.245
2015-07-17T10:03:25.000000Z,63.372,63.242
2015-07-17T10:04:25.000000Z,63.375,63.245
2015-07-17T10:05:10.000000Z,63.375,63.245
2015-07-17T10:05:20.000000Z,63.373,63.243
2015-07-17T10:05:55.000000Z,63.375,63.245
2015-07-17T10:06:15.000000Z,63.376,63.246
2015-07-17T10:06:20.000000Z,63.372,63.242
2015-07-17T10:06:25.000000Z,63.375,63.245
2015-07-17T10:06:30.000000Z,63.373,63.243
2015-07-17T10:06:40.000000Z,63.376,63.246
2015-07-17T10:06:55.000000Z,63.38,63.25
2015-07-17T10:07:20.000000Z,63.374,63.244
2015-07-17T10:07:50.000000Z,63.374,63.244
2015-07-17T10:07:55.000000Z,63.376,63.246
2015-07-17T10:08:15.000000Z,63.376,63.246
2015-07-17T10:08:20.000000Z,63.373,63.243
2015-07-17T10:08:30.000000Z,63.373,63.243
2015-07-17T10:08:50.000000Z,63.373,63.243
2015-07-17T10:09:10.000000Z,63.375,63.245
2015-07-17T10:09:20.000000Z,63.373,63.243
2015-07-17T10:09:30.000000Z,63.373,63.243
2015-07-17T10:10:15.000000Z,63.373,63.243
2015-07-17T10:10:25.000000Z,63.37,63.24
2015-07-17T10:10:30.000000Z,63.376,63.246
2015-07-17T10:10:55.000000Z,63.374,63.244
2015-07-17T10:11:30.000000Z,63.374,63.244
2015-07-17T10:12:40.000000Z,63.374,63.244
2015-07-17T10:13:05.000000Z,63.374,63.244
2015-07-17T10:13:20.000000Z,63.374,63.244
2015-07-17T10:15:45.000000Z,63.372,63.242
2015-07-17T10:16:40.000000Z,63.375,63.245
2015-07-17T10:16:50.000000Z,63.372,63.242
2015-07-17T10:19:20.000000Z,63.373,63.243
2015-07-17T10:19:35.000000Z,63.371,63.241
2015-07-17T10:19:40.000000Z,63.374,63.244
2015-07-17T10:19:45.000000Z,63.376,63.246
2015-07-17T10:19:50.000000Z,63.373,63.243
2015-07-17T10:20:40.000000Z,63.375,63.245
2015-07-17T10:22:30.000000Z,63.373,63.243
2015-07-17T10:22:35.000000Z,63.375,63.245
2015-07-17T10:22:40.000000Z,63.378,63.248
2015-07-17T10:22:50.000000Z,63.374,63.244
2015-07-17T10:23:20.000000Z,63.376,63.246
2015-07-17T10:23:25.000000Z,63.373,63.243
2015-07-17T10:23:55.000000Z,63.376,63.246
2015-07-17T10:24:00.000000Z,63.378,63.248
2015-07-17T10:24:05.000000Z,63.375,63.245
2015-07-17T10:24:35.000000Z,63.372,63.242
2015-07-17T10:26:00.000000Z,63.375,63.245
2015-07-17T10:27:10.000000Z,63.373,63.243
2015-07-17T10:27:15.000000Z,63.375,63.245
2015-07-17T10:27:20.000000Z,63.378,63.248
2015-07-17T10:27:25.000000Z,63.376,63.246
2015-07-17T10:27:30.000000Z,63.377,63.247
2015-07-17T10:27:50.000000Z,63.378,63.248
2015-07-17T10:27:55.000000Z,63.375,63.245
2015-07-17T10:28:05.000000Z,63.375,63.245
2015-07-17T10:29:55.000000Z,63.373,63.243
2015-07-17T10:30:00.000000Z,63.376,63.246
2015-07-17T10:31:00.000000Z,63.378,63.248
2015-07-17T10:32:55.000000Z,63.376,63.246
2015-07-17T10:38:30.000000Z,63.374,63.244
2015-07-17T10:39:25.000000Z,63.371,63.241
2015-07-17T10:39:50.000000Z,63.373,63.243
2015-07-17T10:44:20.000000Z,63.371,63.241
2015-07-17T10:44:30.000000Z,63.374,63.244
2015-07-17T10:45:20.000000Z,63.371,63.241
2015-07-17T10:45:25.000000Z,63.374,63.244
2015-07-17T10:45:40.000000Z,63.369,63.239
2015-07-17T10:45:45.000000Z,63.367,63.237
2015-07-17T10:45:50.000000Z,63.369,63.239
2015-07-17T10:45:55.000000Z,63.372,63.242
2015-07-17T10:46:45.000000Z,63.37,63.24
2015-07-17T10:47:25.000000Z,63.367,63.237
2015-07-17T10:47:30.000000Z,63.367,63.237
2015-07-17T10:47:35.000000Z,63.369,63.239
2015-07-17T10:47:45.000000Z,63.366,63.236
2015-07-17T10:47:50.000000Z,63.372,63.242
2015-07-17T10:48:30.000000Z,63.375,63.245
2015-07-17T10:49:05.000000Z,63.371,63.241
2015-07-17T10:49:35.000000Z,63.373,63.243
2015-07-17T10:49:40.000000Z,63.37,63.24
2015-07-17T10:49:50.000000Z,63.372,63.242
2015-07-17T10:50:50.000000Z,63.37,63.24
2015-07-17T10:50:55.000000Z,63.372,63.242
2015-07-17T10:51:10.000000Z,63.37,63.24
2015-07-17T10:51:15.000000Z,63.373,63.243
2015-07-17T10:51:25.000000Z,63.371,63.241
2015-07-17T10:51:35.000000Z,63.373,63.243
2015-07-17T10:52:35.000000Z,63.375,63.245
2015-07-17T10:53:10.000000Z,63.373,63.243
2015-07-17T10:53:25.000000Z,63.375,63.245
2015-07-17T10:53:50.000000Z,63.373,63.243
2015-07-17T10:54:40.000000Z,63.371,63.241
2015-07-17T10:54:45.000000Z,63.373,63.243
2015-07-17T10:55:05.000000Z,63.371,63.241
2015-07-17T10:55:30.000000Z,63.373,63.243
2015-07-17T10:55:35.000000Z,63.371,63.241
2015-07-17T10:56:05.000000Z,63.373,63.243
2015-07-17T10:57:20.000000Z,63.371,63.241
2015-07-17T10:57:30.000000Z,63.373,63.243
2015-07-17T10:57:35.000000Z,63.367,63.237
2015-07-17T10:57:40.000000Z,63.365,63.235
2015-07-17T10:57:45.000000Z,63.367,63.237
2015-07-17T10:57:50.000000Z,63.364,63.234
2015-07-17T10:57:55.000000Z,63.365,63.235
2015-07-17T10:58:00.000000Z,63.363,63.233
2015-07-17T10:58:05.000000Z,63.359,63.229
2015-07-17T10:58:10.000000Z,63.361,63.231
2015-07-17T10:58:15.000000Z,63.363,63.233
2015-07-17T10:58:20.000000Z,63.366,63.236
2015-07-17T10:58:25.000000Z,63.364,63.234
2015-07-17T10:58:30.000000Z,63.361,63.231
2015-07-17T10:58:35.000000Z,63.361,63.231
2015-07-17T10:58:40.000000Z,63.363,63.233
2015-07-17T10:58:45.000000Z,63.363,63.233
2015-07-17T10:58:50.000000Z,63.363,63.233
2015-07-17T10:58:55.000000Z,63.359,63.229
2015-07-17T10:59:00.000000Z,63.362,63.232
2015-07-17T10:59:10.000000Z,63.366,63.236
2015-07-17T10:59:15.000000Z,63.364,63.234
2015-07-17T10:59:45.000000Z,63.364,63.234
2015-07-17T11:00:00.000000Z,63.365,63.235
2015-07-17T11:00:05.000000Z,63.367,63.237
2015-07-17T11:00:10.000000Z,63.365,63.235
2015-07-17T11:00:15.000000Z,63.367,63.237
2015-07-17T11:00:20.000000Z,63.365,63.235
2015-07-17T11:00:25.000000Z,63.365,63.235
2015-07-17T11:00:30.000000Z,63.364,63.234
2015-07-17T11:00:35.000000Z,63.366,63.236
2015-07-17T11:00:45.000000Z,63.367,63.237
2015-07-17T11:00:50.000000Z,63.365,63.235
2015-07-17T11:00:55.000000Z,63.365,63.235
2015-07-17T11:01:10.000000Z,63.364,63.234
2015-07-17T11:01:15.000000Z,63.367,63.237
2015-07-17T11:01:20.000000Z,63.365,63.235
2015-07-17T11:01:45.000000Z,63.366,63.236
2015-07-17T11:01:50.000000Z,63.367,63.237
2015-07-17T11:01:55.000000Z,63.368,63.238
2015-07-17T11:02:10.000000Z,63.365,63.235
2015-07-17T11:02:20.000000Z,63.365,63.235
2015-07-17T11:02:25.000000Z,63.371,63.241
2015-07-17T11:02:50.000000Z,63.364,63.234
2015-07-17T11:03:15.000000Z,63.367,63.237
2015-07-17T11:04:20.000000Z,63.369,63.239
2015-07-17T11:04:55.000000Z,63.372,63.242
2015-07-17T11:05:05.000000Z,63.373,63.243
2015-07-17T11:05:25.000000Z,63.37,63.24
2015-07-17T11:05:50.000000Z,63.368,63.238
2015-07-17T11:05:55.000000Z,63.37,63.24
2015-07-17T11:06:05.000000Z,63.365,63.235
2015-07-17T11:06:15.000000Z,63.368,63.238
2015-07-17T11:06:40.000000Z,63.37,63.24
2015-07-17T11:07:15.000000Z,63.368,63.238
2015-07-17T11:07:25.000000Z,63.37,63.24
2015-07-17T11:08:15.000000Z,63.373,63.243
2015-07-17T11:08:20.000000Z,63.369,63.239
2015-07-17T11:08:25.000000Z,63.373,63.243
2015-07-17T11:09:35.000000Z,63.375,63.245
2015-07-17T11:09:40.000000Z,63.368,63.238
2015-07-17T11:10:20.000000Z,63.37,63.24
2015-07-17T11:10:30.000000Z,63.368,63.238
2015-07-17T11:11:40.000000Z,63.37,63.24
2015-07-17T11:12:20.000000Z,63.368,63.238
2015-07-17T11:12:25.000000Z,63.371,63.241
2015-07-17T11:12:30.000000Z,63.375,63.245
2015-07-17T11:12:35.000000Z,63.373,63.243
2015-07-17T11:12:45.000000Z,63.371,63.241
2015-07-17T11:13:15.000000Z,63.368,63.238
2015-07-17T11:13:25.000000Z,63.372,63.242
2015-07-17T11:13:30.000000Z,63.369,63.239
2015-07-17T11:14:00.000000Z,63.378,63.248
2015-07-17T11:14:05.000000Z,63.381,63.251
2015-07-17T11:14:45.000000Z,63.374,63.244
2015-07-17T11:14:50.000000Z,63.371,63.241
2015-07-17T11:14:55.000000Z,63.368,63.238
2015-07-17T11:15:45.000000Z,63.367,63.237
2015-07-17T11:16:15.000000Z,63.364,63.234
2015-07-17T11:16:25.000000Z,63.367,63.237
2015-07-17T11:16:35.000000Z,63.367,63.237
2015-07-17T11:16:50.000000Z,63.364,63.234
2015-07-17T11:17:05.000000Z,63.362,63.232
2015-07-17T11:17:20.000000Z,63.359,63.229
2015-07-17T11:17:25.000000Z,63.367,63.237
2015-07-17T11:17:40.000000Z,63.364,63.234
2015-07-17T11:17:45.000000Z,63.366,63.236
2015-07-17T11:18:00.000000Z,63.366,63.236
2015-07-17T11:18:05.000000Z,63.364,63.234
2015-07-17T11:18:10.000000Z,63.36,63.23
2015-07-17T11:19:40.000000Z,63.358,63.228
2015-07-17T11:19:45.000000Z,63.36,63.23
2015-07-17T11:20:20.000000Z,63.358,63.228
2015-07-17T11:20:45.000000Z,63.36,63.23
2015-07-17T11:21:00.000000Z,63.364,63.234
2015-07-17T11:21:40.000000Z,63.362,63.232
2015-07-17T11:21:55.000000Z,63.364,63.234
2015-07-17T11:22:25.000000Z,63.367,63.237
2015-07-17T11:22:30.000000Z,63.365,63.235
2015-07-17T11:25:15.000000Z,63.362,63.232
2015-07-17T11:25:25.000000Z,63.364,63.234
2015-07-17T11:26:10.000000Z,63.362,63.232
2015-07-17T11:26:30.000000Z,63.364,63.234
2015-07-17T11:26:45.000000Z,63.369,63.239
2015-07-17T11:27:00.000000Z,63.367,63.237
2015-07-17T11:27:20.000000Z,63.365,63.235
2015-07-17T11:27:50.000000Z,63.367,63.237
2015-07-17T11:27:55.000000Z,63.362,63.232
2015-07-17T11:28:10.000000Z,63.356,63.226
2015-07-17T11:28:20.000000Z,63.353,63.223
2015-07-17T11:28:35.000000Z,63.353,63.223
2015-07-17T11:28:40.000000Z,63.35,63.22
2015-07-17T11:28:55.000000Z,63.352,63.222
2015-07-17T11:29:00.000000Z,63.35,63.22
2015-07-17T11:29:05.000000Z,63.352,63.222
2015-07-17T11:29:10.000000Z,63.35,63.22
2015-07-17T11:29:15.000000Z,63.352,63.222
2015-07-17T11:29:25.000000Z,63.35,63.22
2015-07-17T11:29:35.000000Z,63.352,63.222
2015-07-17T11:29:45.000000Z,63.35,63.22
2015-07-17T11:29:50.000000Z,63.352,63.222
2015-07-17T11:30:00.000000Z,63.344,63.214
2015-07-17T11:30:05.000000Z,63.347,63.217
2015-07-17T11:30:10.000000Z,63.347,63.217
2015-07-17T11:30:20.000000Z,63.354,63.224
2015-07-17T11:30:25.000000Z,63.357,63.227
2015-07-17T11:30:45.000000Z,63.353,63.223
2015-07-17T11:30:50.000000Z,63.353,63.223
2015-07-17T11:36:00.000000Z,63.35,63.22
2015-07-17T11:37:45.000000Z,63.341,63.211
2015-07-17T11:41:45.000000Z,63.343,63.213
2015-07-17T11:42:05.000000Z,63.341,63.211
2015-07-17T11:42:45.000000Z,63.341,63.211
2015-07-17T11:43:00.000000Z,63.343,63.213
2015-07-17T11:43:30.000000Z,63.341,63.211
2015-07-17T11:47:45.000000Z,63.336,63.206
2015-07-17T11:50:00.000000Z,63.341,63.211
2015-07-17T11:50:05.000000Z,63.338,63.208
2015-07-17T11:53:25.000000Z,63.334,63.204
2015-07-17T11:56:50.000000Z,63.337,63.207
2015-07-17T11:56:55.000000Z,63.34,63.21
2015-07-17T11:57:00.000000Z,63.335,63.205
2015-07-17T11:57:20.000000Z,63.337,63.207
2015-07-17T11:57:25.000000Z,63.334,63.204
2015-07-17T11:57:30.000000Z,63.339,63.209
2015-07-17T11:57:45.000000Z,63.332,63.202
2015-07-17T11:57:50.000000Z,63.335,63.205
2015-07-17T11:59:05.000000Z,63.337,63.207
2015-07-17T11:59:10.000000Z,63.342,63.212
2015-07-17T11:59:15.000000Z,63.336,63.206
2015-07-17T11:59:30.000000Z,63.333,63.203
2015-07-17T11:59:40.000000Z,63.337,63.207
2015-07-17T11:59:45.000000Z,63.338,63.208
2015-07-17T11:59:50.000000Z,63.335,63.205
2015-07-17T11:59:55.000000Z,63.34,63.21
2015-07-17T12:00:00.000000Z,63.335,63.205
2015-07-17T12:00:05.000000Z,63.337,63.207
2015-07-17T12:00:45.000000Z,63.341,63.211
2015-07-17T12:00:50.000000Z,63.334,63.204
2015-07-17T12:00:55.000000Z,63.341,63.211
2015-07-17T12:01:00.000000Z,63.338,63.208
2015-07-17T12:01:05.000000Z,63.335,63.205
2015-07-17T12:01:25.000000Z,63.337,63.207
2015-07-17T12:01:40.000000Z,63.335,63.205
2015-07-17T12:01:55.000000Z,63.337,63.207
2015-07-17T12:02:25.000000Z,63.34,63.21
2015-07-17T12:02:35.000000Z,63.341,63.211
2015-07-17T12:05:15.000000Z,63.336,63.206
2015-07-17T12:05:20.000000Z,63.336,63.206
2015-07-17T12:06:10.000000Z,63.339,63.209
2015-07-17T12:06:15.000000Z,63.333,63.203
2015-07-17T12:06:20.000000Z,63.336,63.206
2015-07-17T12:08:30.000000Z,63.339,63.209
2015-07-17T12:09:35.000000Z,63.342,63.212
2015-07-17T12:09:45.000000Z,63.333,63.203
2015-07-17T12:10:25.000000Z,63.336,63.206
2015-07-17T12:10:35.000000Z,63.333,63.203
2015-07-17T12:10:55.000000Z,63.341,63.211
2015-07-17T12:11:00.000000Z,63.343,63.213
2015-07-17T12:14:20.000000Z,63.346,63.216
2015-07-17T12:14:30.000000Z,63.343,63.213
2015-07-17T12:14:35.000000Z,63.35,63.22
2015-07-17T12:14:50.000000Z,63.347,63.217
2015-07-17T12:15:15.000000Z,63.349,63.219
2015-07-17T12:15:20.000000Z,63.349,63.219
2015-07-17T12:15:30.000000Z,63.347,63.217
2015-07-17T12:16:00.000000Z,63.343,63.213
2015-07-17T12:16:15.000000Z,63.346,63.216
2015-07-17T12:16:40.000000Z,63.346,63.216
2015-07-17T12:17:05.000000Z,63.349,63.219
2015-07-17T12:17:15.000000Z,63.352,63.222
2015-07-17T12:19:30.000000Z,63.355,63.225
2015-07-17T12:19:50.000000Z,63.353,63.223
2015-07-17T12:20:15.000000Z,63.355,63.225
2015-07-17T12:21:00.000000Z,63.354,63.224
2015-07-17T12:21:20.000000Z,63.352,63.222
2015-07-17T12:21:25.000000Z,63.355,63.225
2015-07-17T12:21:30.000000Z,63.357,63.227
2015-07-17T12:21:40.000000Z,63.353,63.223
2015-07-17T12:24:45.000000Z,63.357,63.227
2015-07-17T12:24:50.000000Z,63.355,63.225
2015-07-17T12:25:05.000000Z,63.353,63.223
2015-07-17T12:25:15.000000Z,63.355,63.225
2015-07-17T12:26:00.000000Z,63.357,63.227
2015-07-17T12:26:55.000000Z,63.361,63.231
2015-07-17T12:27:00.000000Z,63.358,63.228
2015-07-17T12:27:05.000000Z,63.36,63.23
2015-07-17T12:27:20.000000Z,63.364,63.234
2015-07-17T12:27:40.000000Z,63.361,63.231
2015-07-17T12:27:50.000000Z,63.363,63.233
2015-07-17T12:28:35.000000Z,63.359,63.229
2015-07-17T12:29:05.000000Z,63.361,63.231
2015-07-17T12:29:15.000000Z,63.358,63.228
2015-07-17T12:29:30.000000Z,63.361,63.231
2015-07-17T12:29:35.000000Z,63.358,63.228
2015-07-17T12:29:50.000000Z,63.36,63.23
2015-07-17T12:29:55.000000Z,63.356,63.226
2015-07-17T12:30:00.000000Z,63.364,63.234
2015-07-17T12:30:05.000000Z,63.369,63.239
2015-07-17T12:30:15.000000Z,63.367,63.237
2015-07-17T12:30:35.000000Z,63.368,63.238
2015-07-17T12:32:25.000000Z,63.37,63.24
2015-07-17T12:32:35.000000Z,63.374,63.244
2015-07-17T12:32:40.000000Z,63.374,63.244
2015-07-17T12:32:45.000000Z,63.376,63.246
2015-07-17T12:32:50.000000Z,63.373,63.243
2015-07-17T12:33:20.000000Z,63.375,63.245
2015-07-17T12:33:30.000000Z,63.377,63.247
2015-07-17T12:33:40.000000Z,63.38,63.25
2015-07-17T12:33:45.000000Z,63.383,63.253
2015-07-17T12:34:05.000000Z,63.379,63.249
2015-07-17T12:34:20.000000Z,63.386,63.256
2015-07-17T12:34:25.000000Z,63.388,63.258
2015-07-17T12:34:30.000000Z,63.386,63.256
2015-07-17T12:34:35.000000Z,63.381,63.251
2015-07-17T12:35:00.000000Z,63.387,63.257
2015-07-17T12:35:05.000000Z,63.384,63.254
2015-07-17T12:35:15.000000Z,63.382,63.252
2015-07-17T12:35:20.000000Z,63.38,63.25
2015-07-17T12:35:25.000000Z,63.375,63.245
2015-07-17T12:35:35.000000Z,63.376,63.246
2015-07-17T12:35:40.000000Z,63.379,63.249
2015-07-17T12:35:45.000000Z,63.377,63.247
2015-07-17T12:35:50.000000Z,63.38,63.25
2015-07-17T12:35:55.000000Z,63.377,63.247
2015-07-17T12:36:00.000000Z,63.38,63.25
2015-07-17T12:37:35.000000Z,63.382,63.252
2015-07-17T12:37:40.000000Z,63.383,63.253
2015-07-17T12:37:45.000000Z,63.39,63.26
2015-07-17T12:37:50.000000Z,63.388,63.258
2015-07-17T12:37:55.000000Z,63.385,63.255
2015-07-17T12:38:05.000000Z,63.387,63.257
2015-07-17T12:38:15.000000Z,63.391,63.261
2015-07-17T12:38:45.000000Z,63.394,63.264
2015-07-17T12:38:50.000000Z,63.394,63.264
2015-07-17T12:39:50.000000Z,63.396,63.266
2015-07-17T12:39:55.000000Z,63.393,63.263
2015-07-17T12:40:00.000000Z,63.391,63.261
2015-07-17T12:40:05.000000Z,63.393,63.263
2015-07-17T12:40:30.000000Z,63.389,63.259
2015-07-17T12:40:35.000000Z,63.392,63.262
2015-07-17T12:40:40.000000Z,63.397,63.267
2015-07-17T12:40:50.000000Z,63.398,63.268
2015-07-17T12:41:00.000000Z,63.4,63.27
2015-07-17T12:41:25.000000Z,63.402,63.272
2015-07-17T12:41:30.000000Z,63.4,63.27
2015-07-17T12:41:35.000000Z,63.4,63.27
2015-07-17T12:41:40.000000Z,63.401,63.271
2015-07-17T12:41:45.000000Z,63.403,63.273
2015-07-17T12:41:55.000000Z,63.403,63.273
2015-07-17T12:42:00.000000Z,63.401,63.271
2015-07-17T12:42:10.000000Z,63.403,63.273
2015-07-17T12:42:15.000000Z,63.401,63.271
2015-07-17T12:42:20.000000Z,63.407,63.277
2015-07-17T12:42:30.000000Z,63.404,63.274
2015-07-17T12:42:35.000000Z,63.406,63.276
2015-07-17T12:42:50.000000Z,63.405,63.275
2015-07-17T12:43:10.000000Z,63.408,63.278
2015-07-17T12:43:25.000000Z,63.406,63.276
2015-07-17T12:43:30.000000Z,63.406,63.276
2015-07-17T12:43:40.000000Z,63.408,63.278
2015-07-17T12:43:55.000000Z,63.407,63.277
2015-07-17T12:44:00.000000Z,63.409,63.279
2015-07-17T12:44:10.000000Z,63.406,63.276
2015-07-17T12:44:15.000000Z,63.404,63.274
2015-07-17T12:44:20.000000Z,63.407,63.277
2015-07-17T12:44:25.000000Z,63.409,63.279
2015-07-17T12:44:40.000000Z,63.411,63.281
2015-07-17T12:44:45.000000Z,63.407,63.277
2015-07-17T12:45:00.000000Z,63.404,63.274
2015-07-17T12:45:50.000000Z,63.406,63.276
2015-07-17T12:46:40.000000Z,63.409,63.279
2015-07-17T12:47:00.000000Z,63.411,63.281
2015-07-17T12:47:05.000000Z,63.415,63.285
2015-07-17T12:47:20.000000Z,63.411,63.281
2015-07-17T12:47:30.000000Z,63.407,63.277
2015-07-17T12:47:45.000000Z,63.409,63.279
2015-07-17T12:47:50.000000Z,63.407,63.277
2015-07-17T12:49:00.000000Z,63.412,63.282
2015-07-17T12:49:10.000000Z,63.405,63.275
2015-07-17T12:49:15.000000Z,63.403,63.273
2015-07-17T12:49:25.000000Z,63.408,63.278
2015-07-17T12:49:35.000000Z,63.406,63.276
2015-07-17T12:49:50.000000Z,63.404,63.274
2015-07-17T12:49:55.000000Z,63.406,63.276
2015-07-17T12:50:05.000000Z,63.402,63.272
2015-07-17T12:50:45.000000Z,63.406,63.276
2015-07-17T12:51:15.000000Z,63.404,63.274
2015-07-17T12:51:20.000000Z,63.406,63.276
2015-07-17T12:51:30.000000Z,63.408,63.278
2015-07-17T12:52:00.000000Z,63.411,63.281
2015-07-17T12:52:40.000000Z,63.409,63.279
2015-07-17T12:53:00.000000Z,63.406,63.276
2015-07-17T12:53:40.000000Z,63.404,63.274
2015-07-17T12:53:50.000000Z,63.406,63.276
2015-07-17T12:53:55.000000Z,63.404,63.274
2015-07-17T12:54:45.000000Z,63.407,63.277
2015-07-17T12:55:30.000000Z,63.404,63.274
2015-07-17T12:55:55.000000Z,63.401,63.271
2015-07-17T12:56:25.000000Z,63.398,63.268
2015-07-17T12:56:35.000000Z,63.401,63.271
2015-07-17T12:56:45.000000Z,63.398,63.268
2015-07-17T12:57:10.000000Z,63.4,63.27
2015-07-17T12:57:25.000000Z,63.4,63.27
2015-07-17T12:57:30.000000Z,63.398,63.268
2015-07-17T12:57:40.000000Z,63.397,63.267
2015-07-17T12:57:45.000000Z,63.395,63.265
2015-07-17T12:58:00.000000Z,63.392,63.262
2015-07-17T12:58:10.000000Z,63.396,63.266
2015-07-17T12:58:25.000000Z,63.396,63.266
2015-07-17T12:58:35.000000Z,63.399,63.269
2015-07-17T12:58:40.000000Z,63.397,63.267
2015-07-17T12:58:55.000000Z,63.402,63.272
2015-07-17T12:59:20.000000Z,63.405,63.275
2015-07-17T12:59:25.000000Z,63.398,63.268
2015-07-17T13:00:00.000000Z,63.4,63.27
2015-07-17T13:00:10.000000Z,63.398,63.268
2015-07-17T13:00:45.000000Z,63.4,63.27
2015-07-17T13:01:10.000000Z,63.408,63.258
2015-07-17T13:01:35.000000Z,63.412,63.262
2015-07-17T13:01:40.000000Z,63.407,63.257
2015-07-17T13:01:50.000000Z,63.408,63.258
2015-07-17T13:02:45.000000Z,63.411,63.261
2015-07-17T13:03:10.000000Z,63.411,63.261
2015-07-17T13:03:20.000000Z,63.414,63.264
2015-07-17T13:03:40.000000Z,63.417,63.267
2015-07-17T13:03:50.000000Z,63.413,63.263
2015-07-17T13:03:55.000000Z,63.416,63.266
2015-07-17T13:04:00.000000Z,63.415,63.265
2015-07-17T13:04:05.000000Z,63.413,63.263
2015-07-17T13:04:40.000000Z,63.415,63.265
2015-07-17T13:05:05.000000Z,63.41,63.26
2015-07-17T13:05:35.000000Z,63.406,63.256
2015-07-17T13:05:40.000000Z,63.404,63.254
2015-07-17T13:05:45.000000Z,63.402,63.252
2015-07-17T13:05:55.000000Z,63.398,63.248
2015-07-17T13:06:05.000000Z,63.391,63.241
2015-07-17T13:06:10.000000Z,63.394,63.244
2015-07-17T13:06:20.000000Z,63.39,63.24
2015-07-17T13:06:25.000000Z,63.392,63.242
2015-07-17T13:06:30.000000Z,63.394,63.244
2015-07-17T13:06:35.000000Z,63.39,63.24
2015-07-17T13:06:45.000000Z,63.387,63.237
2015-07-17T13:06:50.000000Z,63.384,63.234
2015-07-17T13:06:55.000000Z,63.386,63.236
2015-07-17T13:07:00.000000Z,63.389,63.239
2015-07-17T13:07:05.000000Z,63.391,63.241
2015-07-17T13:07:10.000000Z,63.387,63.237
2015-07-17T13:07:15.000000Z,63.384,63.234
2015-07-17T13:07:25.000000Z,63.381,63.231
2015-07-17T13:07:45.000000Z,63.383,63.233
2015-07-17T13:08:00.000000Z,63.381,63.231
2015-07-17T13:08:10.000000Z,63.384,63.234
2015-07-17T13:08:35.000000Z,63.387,63.237
2015-07-17T13:08:40.000000Z,63.389,63.239
2015-07-17T13:09:25.000000Z,63.389,63.239
2015-07-17T13:09:35.000000Z,63.391,63.241
2015-07-17T13:09:45.000000Z,63.394,63.244
2015-07-17T13:09:50.000000Z,63.398,63.248
2015-07-17T13:09:55.000000Z,63.388,63.238
2015-07-17T13:10:00.000000Z,63.379,63.229
2015-07-17T13:11:00.000000Z,63.382,63.232
2015-07-17T13:11:05.000000Z,63.377,63.227
2015-07-17T13:11:20.000000Z,63.379,63.229
2015-07-17T13:11:40.000000Z,63.383,63.233
2015-07-17T13:12:00.000000Z,63.378,63.228
2015-07-17T13:12:10.000000Z,63.373,63.223
2015-07-17T13:12:35.000000Z,63.371,63.221
2015-07-17T13:12:40.000000Z,63.369,63.219
2015-07-17T13:13:10.000000Z,63.366,63.216
2015-07-17T13:13:50.000000Z,63.369,63.219
2015-07-17T13:14:15.000000Z,63.366,63.216
2015-07-17T13:14:50.000000Z,63.37,63.22
2015-07-17T13:14:55.000000Z,63.373,63.223
2015-07-17T13:15:00.000000Z,63.387,63.237
2015-07-17T13:15:20.000000Z,63.384,63.234
2015-07-17T13:16:25.000000Z,63.386,63.236
2015-07-17T13:16:35.000000Z,63.388,63.238
2015-07-17T13:17:05.000000Z,63.384,63.234
2015-07-17T13:17:20.000000Z,63.389,63.239
2015-07-17T13:17:55.000000Z,63.385,63.235
2015-07-17T13:19:10.000000Z,63.383,63.233
2015-07-17T13:19:15.000000Z,63.381,63.231
2015-07-17T13:19:40.000000Z,63.379,63.229
2015-07-17T13:19:45.000000Z,63.382,63.232
2015-07-17T13:20:15.000000Z,63.379,63.229
2015-07-17T13:20:30.000000Z,63.382,63.232
2015-07-17T13:22:30.000000Z,63.379,63.229
2015-07-17T13:23:30.000000Z,63.375,63.225
2015-07-17T13:23:40.000000Z,63.377,63.227
2015-07-17T13:24:00.000000Z,63.38,63.23
2015-07-17T13:24:40.000000Z,63.382,63.232
2015-07-17T13:24:55.000000Z,63.385,63.235
2015-07-17T13:25:40.000000Z,63.383,63.233
2015-07-17T13:26:30.000000Z,63.385,63.235
2015-07-17T13:29:55.000000Z,63.388,63.238
2015-07-17T13:30:00.000000Z,63.386,63.236
2015-07-17T13:30:05.000000Z,63.384,63.234
2015-07-17T13:30:20.000000Z,63.386,63.236
2015-07-17T13:30:25.000000Z,63.384,63.234
2015-07-17T13:30:35.000000Z,63.381,63.231
2015-07-17T13:30:40.000000Z,63.384,63.234
2015-07-17T13:30:45.000000Z,63.386,63.236
2015-07-17T13:30:55.000000Z,63.383,63.233
2015-07-17T13:31:00.000000Z,63.386,63.236
2015-07-17T13:32:00.000000Z,63.383,63.233
2015-07-17T13:32:05.000000Z,63.386,63.236
2015-07-17T13:34:30.000000Z,63.382,63.232
2015-07-17T13:35:15.000000Z,63.385,63.235
2015-07-17T13:35:50.000000Z,63.383,63.233
2015-07-17T13:35:55.000000Z,63.386,63.236
2015-07-17T13:36:00.000000Z,63.383,63.233
2015-07-17T13:36:15.000000Z,63.386,63.236
2015-07-17T13:36:35.000000Z,63.388,63.238
2015-07-17T13:36:50.000000Z,63.385,63.235
2015-07-17T13:37:20.000000Z,63.388,63.238
2015-07-17T13:37:25.000000Z,63.386,63.236
2015-07-17T13:37:35.000000Z,63.384,63.234
2015-07-17T13:37:40.000000Z,63.394,63.244
2015-07-17T13:37:45.000000Z,63.39,63.24
2015-07-17T13:38:10.000000Z,63.384,63.234
2015-07-17T13:38:25.000000Z,63.388,63.238
2015-07-17T13:40:10.000000Z,63.391,63.241
2015-07-17T13:40:40.000000Z,63.394,63.244
2015-07-17T13:40:45.000000Z,63.39,63.24
2015-07-17T13:40:50.000000Z,63.394,63.244
2015-07-17T13:41:20.000000Z,63.4,63.25
2015-07-17T13:41:25.000000Z,63.396,63.246
2015-07-17T13:41:45.000000Z,63.399,63.249
2015-07-17T13:41:50.000000Z,63.402,63.252
2015-07-17T13:42:05.000000Z,63.399,63.249
2015-07-17T13:42:55.000000Z,63.401,63.251
2015-07-17T13:43:05.000000Z,63.399,63.249
2015-07-17T13:43:10.000000Z,63.407,63.257
2015-07-17T13:43:40.000000Z,63.409,63.259
2015-07-17T13:43:50.000000Z,63.406,63.256
2015-07-17T13:44:35.000000Z,63.404,63.254
2015-07-17T13:45:00.000000Z,63.402,63.252
2015-07-17T13:45:05.000000Z,63.404,63.254
2015-07-17T13:45:10.000000Z,63.404,63.254
2015-07-17T13:45:20.000000Z,63.408,63.258
2015-07-17T13:46:00.000000Z,63.404,63.254
2015-07-17T13:46:05.000000Z,63.409,63.259
2015-07-17T13:46:10.000000Z,63.407,63.257
2015-07-17T13:46:15.000000Z,63.41,63.26
2015-07-17T13:46:20.000000Z,63.407,63.257
2015-07-17T13:46:25.000000Z,63.409,63.259
2015-07-17T13:46:30.000000Z,63.407,63.257
2015-07-17T13:46:35.000000Z,63.404,63.254
2015-07-17T13:46:40.000000Z,63.406,63.256
2015-07-17T13:46:50.000000Z,63.41,63.26
2015-07-17T13:46:55.000000Z,63.406,63.256
2015-07-17T13:47:55.000000Z,63.409,63.259
2015-07-17T13:48:05.000000Z,63.415,63.265
2015-07-17T13:48:35.000000Z,63.419,63.269
2015-07-17T13:49:00.000000Z,63.421,63.271
2015-07-17T13:50:05.000000Z,63.419,63.269
2015-07-17T13:50:35.000000Z,63.416,63.266
2015-07-17T13:50:40.000000Z,63.418,63.268
2015-07-17T13:52:45.000000Z,63.421,63.271
2015-07-17T13:52:50.000000Z,63.419,63.269
2015-07-17T13:53:00.000000Z,63.421,63.271
2015-07-17T13:53:05.000000Z,63.424,63.274
2015-07-17T13:53:10.000000Z,63.422,63.272
2015-07-17T13:53:30.000000Z,63.426,63.276
2015-07-17T13:54:30.000000Z,63.429,63.279
2015-07-17T13:54:55.000000Z,63.426,63.276
2015-07-17T13:55:00.000000Z,63.429,63.279
2015-07-17T13:55:05.000000Z,63.427,63.277
2015-07-17T13:55:10.000000Z,63.43,63.28
2015-07-17T13:55:25.000000Z,63.43,63.28
2015-07-17T13:55:35.000000Z,63.428,63.278
2015-07-17T13:56:15.000000Z,63.43,63.28
2015-07-17T13:56:20.000000Z,63.427,63.277
2015-07-17T13:56:25.000000Z,63.422,63.272
2015-07-17T13:56:30.000000Z,63.414,63.264
2015-07-17T13:56:50.000000Z,63.418,63.268
2015-07-17T13:56:55.000000Z,63.423,63.273
2015-07-17T13:57:00.000000Z,63.42,63.27
2015-07-17T13:57:10.000000Z,63.417,63.267
2015-07-17T13:57:35.000000Z,63.42,63.27
2015-07-17T13:57:40.000000Z,63.42,63.27
2015-07-17T13:58:10.000000Z,63.423,63.273
2015-07-17T13:58:45.000000Z,63.42,63.27
2015-07-17T13:59:05.000000Z,63.423,63.273
2015-07-17T13:59:20.000000Z,63.42,63.27
2015-07-17T14:00:00.000000Z,63.423,63.273
2015-07-17T14:00:10.000000Z,63.418,63.268
2015-07-17T14:00:15.000000Z,63.424,63.274
2015-07-17T14:00:20.000000Z,63.422,63.272
2015-07-17T14:00:25.000000Z,63.419,63.269
2015-07-17T14:01:30.000000Z,63.423,63.273
2015-07-17T14:01:35.000000Z,63.429,63.279
2015-07-17T14:01:40.000000Z,63.426,63.276
2015-07-17T14:02:35.000000Z,63.429,63.279
2015-07-17T14:02:40.000000Z,63.432,63.282
2015-07-17T14:03:00.000000Z,63.429,63.279
2015-07-17T14:03:15.000000Z,63.432,63.282
2015-07-17T14:05:25.000000Z,63.422,63.272
2015-07-17T14:05:30.000000Z,63.419,63.269
2015-07-17T14:05:35.000000Z,63.424,63.274
2015-07-17T14:05:40.000000Z,63.424,63.274
2015-07-17T14:08:35.000000Z,63.422,63.272
2015-07-17T14:09:25.000000Z,63.426,63.276
2015-07-17T14:10:00.000000Z,63.429,63.279
2015-07-17T14:10:20.000000Z,63.426,63.276
2015-07-17T14:10:45.000000Z,63.43,63.28
2015-07-17T14:10:50.000000Z,63.428,63.278
2015-07-17T14:10:55.000000Z,63.426,63.276
2015-07-17T14:11:05.000000Z,63.416,63.266
2015-07-17T14:11:10.000000Z,63.418,63.268
2015-07-17T14:12:20.000000Z,63.416,63.266
2015-07-17T14:12:30.000000Z,63.419,63.269
2015-07-17T14:12:35.000000Z,63.415,63.265
2015-07-17T14:13:00.000000Z,63.417,63.267
2015-07-17T14:13:05.000000Z,63.413,63.263
2015-07-17T14:13:35.000000Z,63.416,63.266
2015-07-17T14:13:55.000000Z,63.418,63.268
2015-07-17T14:17:10.000000Z,63.421,63.271
2015-07-17T14:17:20.000000Z,63.419,63.269
2015-07-17T14:18:35.000000Z,63.422,63.272
2015-07-17T14:19:00.000000Z,63.424,63.274
2015-07-17T14:19:10.000000Z,63.422,63.272
2015-07-17T14:19:15.000000Z,63.424,63.274
2015-07-17T14:19:45.000000Z,63.428,63.278
2015-07-17T14:19:50.000000Z,63.424,63.274
2015-07-17T14:20:50.000000Z,63.422,63.272
2015-07-17T14:21:20.000000Z,63.421,63.271
2015-07-17T14:21:25.000000Z,63.425,63.275
2015-07-17T14:21:30.000000Z,63.422,63.272
2015-07-17T14:21:35.000000Z,63.425,63.275
2015-07-17T14:22:35.000000Z,63.42,63.27
2015-07-17T14:23:00.000000Z,63.415,63.265
2015-07-17T14:23:50.000000Z,63.413,63.263
2015-07-17T14:24:05.000000Z,63.41,63.26
2015-07-17T14:24:15.000000Z,63.412,63.262
2015-07-17T14:24:35.000000Z,63.417,63.267
2015-07-17T14:25:05.000000Z,63.414,63.264
2015-07-17T14:26:50.000000Z,63.417,63.267
2015-07-17T14:27:40.000000Z,63.414,63.264
2015-07-17T14:28:15.000000Z,63.418,63.268
2015-07-17T14:28:20.000000Z,63.416,63.266
2015-07-17T14:28:25.000000Z,63.413,63.263
2015-07-17T14:28:30.000000Z,63.416,63.266
2015-07-17T14:30:05.000000Z,63.413,63.263
2015-07-17T14:30:55.000000Z,63.416,63.266
2015-07-17T14:31:00.000000Z,63.413,63.263
2015-07-17T14:31:05.000000Z,63.416,63.266
2015-07-17T14:32:10.000000Z,63.418,63.268
2015-07-17T14:32:35.000000Z,63.415,63.265
2015-07-17T14:35:55.000000Z,63.419,63.269
2015-07-17T14:42:10.000000Z,63.416,63.266
2015-07-17T14:43:30.000000Z,63.418,63.268
2015-07-17T14:43:45.000000Z,63.416,63.266
2015-07-17T14:45:55.000000Z,63.419,63.269
2015-07-17T14:46:10.000000Z,63.424,63.274
2015-07-17T14:46:15.000000Z,63.42,63.27
2015-07-17T14:47:20.000000Z,63.423,63.273
2015-07-17T14:47:40.000000Z,63.426,63.276
2015-07-17T14:48:05.000000Z,63.423,63.273
2015-07-17T14:48:20.000000Z,63.418,63.268
2015-07-17T14:49:45.000000Z,63.416,63.266
2015-07-17T14:49:55.000000Z,63.421,63.271
2015-07-17T14:50:40.000000Z,63.425,63.275
2015-07-17T14:50:55.000000Z,63.427,63.277
2015-07-17T14:51:30.000000Z,63.424,63.274
2015-07-17T14:51:40.000000Z,63.42,63.27
2015-07-17T14:51:50.000000Z,63.415,63.265
2015-07-17T14:52:50.000000Z,63.423,63.273
2015-07-17T14:56:40.000000Z,63.418,63.268
2015-07-17T14:56:50.000000Z,63.421,63.271
2015-07-17T14:57:10.000000Z,63.419,63.269
2015-07-17T14:57:15.000000Z,63.419,63.269
2015-07-17T14:57:20.000000Z,63.423,63.273
2015-07-17T14:58:25.000000Z,63.42,63.27
2015-07-17T14:58:30.000000Z,63.423,63.273
2015-07-17T14:58:40.000000Z,63.42,63.27
2015-07-17T14:58:55.000000Z,63.424,63.274
2015-07-17T14:59:25.000000Z,63.422,63.272
2015-07-17T15:04:40.000000Z,63.419,63.269
2015-07-17T15:04:55.000000Z,63.421,63.271
2015-07-17T15:05:10.000000Z,63.419,63.269
2015-07-17T15:05:45.000000Z,63.424,63.274
2015-07-17T15:05:50.000000Z,63.42,63.27
2015-07-17T15:07:45.000000Z,63.423,63.273
2015-07-17T15:09:05.000000Z,63.42,63.27
2015-07-17T15:10:10.000000Z,63.424,63.274
2015-07-17T15:12:40.000000Z,63.421,63.271
2015-07-17T15:12:45.000000Z,63.424,63.274
2015-07-17T15:14:00.000000Z,63.422,63.272
2015-07-17T15:17:25.000000Z,63.419,63.269
2015-07-17T15:18:05.000000Z,63.423,63.273
2015-07-17T15:18:10.000000Z,63.419,63.269
2015-07-17T15:18:45.000000Z,63.421,63.271
2015-07-17T15:18:50.000000Z,63.424,63.274
2015-07-17T15:19:30.000000Z,63.43,63.28
2015-07-17T15:19:40.000000Z,63.428,63.278
2015-07-17T15:19:55.000000Z,63.425,63.275
2015-07-17T15:20:00.000000Z,63.431,63.281
2015-07-17T15:20:10.000000Z,63.425,63.275
2015-07-17T15:21:10.000000Z,63.431,63.281
2015-07-17T15:21:15.000000Z,63.433,63.283
2015-07-17T15:21:20.000000Z,63.427,63.277
2015-07-17T15:21:25.000000Z,63.432,63.282
2015-07-17T15:22:05.000000Z,63.427,63.277
2015-07-17T15:22:45.000000Z,63.424,63.274
2015-07-17T15:24:00.000000Z,63.422,63.272
2015-07-17T15:26:05.000000Z,63.424,63.274
2015-07-17T15:35:35.000000Z,63.417,63.267
2015-07-17T15:36:40.000000Z,63.42,63.27
2015-07-17T15:38:35.000000Z,63.417,63.267
2015-07-17T15:40:35.000000Z,63.42,63.27
2015-07-17T15:41:10.000000Z,63.423,63.273
2015-07-17T15:41:30.000000Z,63.426,63.276
2015-07-17T15:42:15.000000Z,63.423,63.273
2015-07-17T15:51:50.000000Z,63.426,63.276
2015-07-17T15:59:55.000000Z,63.423,63.273
2015-07-17T16:00:00.000000Z,63.427,63.277
2015-07-17T16:00:35.000000Z,63.431,63.281
2015-07-17T16:00:40.000000Z,63.434,63.284
2015-07-17T16:04:20.000000Z,63.431,63.281
2015-07-17T16:04:55.000000Z,63.433,63.283
2015-07-17T16:05:25.000000Z,63.428,63.278
2015-07-17T16:06:40.000000Z,63.425,63.275
2015-07-17T16:07:55.000000Z,63.427,63.277
2015-07-17T16:08:00.000000Z,63.425,63.275
2015-07-17T16:08:45.000000Z,63.422,63.272
2015-07-17T16:10:10.000000Z,63.424,63.274
2015-07-17T16:17:00.000000Z,63.422,63.272
2015-07-17T16:21:35.000000Z,63.424,63.274
2015-07-17T16:23:25.000000Z,63.422,63.272
2015-07-17T16:23:30.000000Z,63.424,63.274
2015-07-17T16:24:20.000000Z,63.422,63.272
2015-07-17T16:25:05.000000Z,63.425,63.275
2015-07-17T16:35:15.000000Z,63.427,63.277
2015-07-17T16:35:20.000000Z,63.425,63.275
2015-07-17T16:39:35.000000Z,63.427,63.277
2015-07-17T16:43:30.000000Z,63.43,63.28
2015-07-17T16:46:35.000000Z,63.428,63.278
2015-07-17T16:54:45.000000Z,63.425,63.275
2015-07-17T17:10:15.000000Z,63.425,63.275
2015-07-17T17:10:20.000000Z,63.425,63.275
2015-07-17T17:12:05.000000Z,63.427,63.277
2015-07-17T17:15:00.000000Z,63.425,63.275
2015-07-17T17:16:20.000000Z,63.427,63.277
2015-07-17T17:16:25.000000Z,63.428,63.278
2015-07-17T17:17:30.000000Z,63.425,63.275
2015-07-17T17:19:40.000000Z,63.427,63.277
2015-07-17T17:26:15.000000Z,63.43,63.28
2015-07-17T17:27:30.000000Z,63.38,63.23
2015-07-17T17:27:55.000000Z,63.39,63.24
2015-07-17T17:40:45.000000Z,63.387,63.237
2015-07-17T17:47:15.000000Z,63.381,63.231
2015-07-17T17:47:20.000000Z,63.381,63.231
2015-07-17T17:47:55.000000Z,63.378,63.228
2015-07-17T17:48:10.000000Z,63.38,63.23
2015-07-17T17:50:00.000000Z,63.378,63.228
2015-07-17T17:52:45.000000Z,63.38,63.23
2015-07-17T17:53:10.000000Z,63.377,63.227
2015-07-17T17:53:45.000000Z,63.38,63.23
2015-07-17T17:53:55.000000Z,63.378,63.228
2015-07-17T17:59:45.000000Z,63.38,63.23
2015-07-17T18:00:30.000000Z,63.37,63.22
2015-07-17T18:02:45.000000Z,63.367,63.217
2015-07-17T18:04:40.000000Z,63.37,63.22
2015-07-17T18:13:40.000000Z,63.367,63.217
2015-07-17T18:14:00.000000Z,63.37,63.22
2015-07-17T18:15:10.000000Z,63.365,63.215
2015-07-17T18:16:50.000000Z,63.37,63.22
2015-07-17T18:17:55.000000Z,63.377,63.227
2015-07-17T18:18:05.000000Z,63.379,63.229
2015-07-17T18:18:15.000000Z,63.376,63.226
2015-07-17T18:18:20.000000Z,63.379,63.229
2015-07-17T18:18:30.000000Z,63.376,63.226
2015-07-17T18:18:35.000000Z,63.372,63.222
2015-07-17T18:19:15.000000Z,63.371,63.221
2015-07-17T18:19:25.000000Z,63.369,63.219
2015-07-17T18:19:35.000000Z,63.372,63.222
2015-07-17T18:19:40.000000Z,63.374,63.224
2015-07-17T18:19:50.000000Z,63.371,63.221
2015-07-17T18:20:00.000000Z,63.361,63.211
2015-07-17T18:20:30.000000Z,63.364,63.214
2015-07-17T18:20:35.000000Z,63.366,63.216
2015-07-17T18:20:40.000000Z,63.369,63.219
2015-07-17T18:22:40.000000Z,63.366,63.216
2015-07-17T18:22:45.000000Z,63.368,63.218
2015-07-17T18:27:20.000000Z,63.371,63.221
2015-07-17T18:33:50.000000Z,63.373,63.223
2015-07-17T18:33:55.000000Z,63.374,63.224
2015-07-17T18:34:00.000000Z,63.371,63.221
2015-07-17T18:34:10.000000Z,63.373,63.223
2015-07-17T18:35:35.000000Z,63.371,63.221
2015-07-17T18:55:00.000000Z,63.421,63.171
2015-07-17T19:04:35.000000Z,63.423,63.173
2015-07-17T19:04:50.000000Z,63.421,63.171
2015-07-17T19:10:35.000000Z,63.423,63.173
2015-07-17T19:11:40.000000Z,63.421,63.171
2015-07-17T19:24:30.000000Z,63.423,63.173
2015-07-17T19:26:30.000000Z,63.426,63.176
2015-07-17T19:26:35.000000Z,63.429,63.179
2015-07-17T19:28:55.000000Z,63.427,63.177
2015-07-17T19:37:10.000000Z,63.427,63.177
2015-07-17T19:38:50.000000Z,63.407,63.157
2015-07-17T19:39:10.000000Z,63.397,63.147
2015-07-17T19:59:05.000000Z,63.377,63.127
2015-07-17T20:59:55.000000Z,63.377,63.127
2015-07-19T21:00:00.000000Z,63.392,63.142
2015-07-20T00:58:15.000000Z,63.393,63.143
2015-07-20T00:58:25.000000Z,63.39,63.14
2015-07-20T01:00:30.000000Z,63.393,63.143
2015-07-20T01:05:20.000000Z,63.389,63.139
2015-07-20T01:05:30.000000Z,63.394,63.144
2015-07-20T01:06:45.000000Z,63.406,63.156
2015-07-20T01:06:50.000000Z,63.408,63.158
2015-07-20T01:30:00.000000Z,63.406,63.156
2015-07-20T01:35:20.000000Z,63.403,63.153
2015-07-20T01:35:45.000000Z,63.406,63.156
2015-07-20T01:52:45.000000Z,63.404,63.154
2015-07-20T01:58:55.000000Z,63.405,63.155
2015-07-20T02:00:05.000000Z,63.403,63.153
2015-07-20T02:00:55.000000Z,63.403,63.153
2015-07-20T02:01:00.000000Z,63.402,63.152
2015-07-20T02:01:35.000000Z,63.404,63.154
2015-07-20T02:27:45.000000Z,63.406,63.156
2015-07-20T02:28:50.000000Z,63.4,63.15
2015-07-20T02:33:40.000000Z,63.398,63.148
2015-07-20T02:56:00.000000Z,63.388,63.138
2015-07-20T03:02:40.000000Z,63.403,63.153
2015-07-20T03:02:50.000000Z,63.409,63.159
2015-07-20T03:04:50.000000Z,63.399,63.149
2015-07-20T03:05:10.000000Z,63.402,63.152
2015-07-20T03:10:20.000000Z,63.397,63.147
2015-07-20T03:10:25.000000Z,63.393,63.143
2015-07-20T03:11:10.000000Z,63.396,63.146
2015-07-20T03:12:05.000000Z,63.393,63.143
2015-07-20T03:12:25.000000Z,63.399,63.149
2015-07-20T03:12:45.000000Z,63.402,63.152
2015-07-20T03:13:15.000000Z,63.406,63.156
2015-07-20T03:13:30.000000Z,63.41,63.16
2015-07-20T03:13:35.000000Z,63.412,63.162
2015-07-20T03:13:40.000000Z,63.407,63.157
2015-07-20T03:15:10.000000Z,63.41,63.16
2015-07-20T03:16:55.000000Z,63.413,63.163
2015-07-20T03:17:35.000000Z,63.406,63.156
2015-07-20T03:18:05.000000Z,63.403,63.153
2015-07-20T03:26:15.000000Z,63.41,63.16
2015-07-20T03:28:15.000000Z,63.407,63.157
2015-07-20T03:28:45.000000Z,63.415,63.165
2015-07-20T03:29:55.000000Z,63.413,63.163
2015-07-20T03:30:05.000000Z,63.414,63.164
2015-07-20T03:30:10.000000Z,63.412,63.162
2015-07-20T03:30:15.000000Z,63.41,63.16
2015-07-20T03:30:30.000000Z,63.339,63.234
2015-07-20T03:30:35.000000Z,63.336,63.231
2015-07-20T03:30:45.000000Z,63.342,63.237
2015-07-20T03:30:55.000000Z,63.345,63.24
2015-07-20T03:31:20.000000Z,63.343,63.238
2015-07-20T03:31:30.000000Z,63.345,63.24
2015-07-20T03:31:40.000000Z,63.348,63.243
2015-07-20T03:31:45.000000Z,63.348,63.243
2015-07-20T03:32:30.000000Z,63.351,63.246
2015-07-20T03:32:35.000000Z,63.351,63.246
2015-07-20T03:33:00.000000Z,63.349,63.244
2015-07-20T03:33:50.000000Z,63.351,63.246
2015-07-20T03:33:55.000000Z,63.349,63.244
2015-07-20T03:34:35.000000Z,63.351,63.246
2015-07-20T03:34:55.000000Z,63.349,63.244
2015-07-20T03:35:00.000000Z,63.352,63.247
2015-07-20T03:35:10.000000Z,63.354,63.249
2015-07-20T03:35:25.000000Z,63.352,63.247
2015-07-20T03:35:50.000000Z,63.349,63.244
2015-07-20T03:36:00.000000Z,63.346,63.241
2015-07-20T03:36:05.000000Z,63.348,63.243
2015-07-20T03:36:40.000000Z,63.351,63.246
2015-07-20T03:37:00.000000Z,63.354,63.249
2015-07-20T03:37:05.000000Z,63.354,63.249
2015-07-20T03:37:15.000000Z,63.357,63.252
2015-07-20T03:37:30.000000Z,63.36,63.255
2015-07-20T03:37:35.000000Z,63.36,63.255
2015-07-20T03:37:55.000000Z,63.357,63.252
2015-07-20T03:38:10.000000Z,63.355,63.25
2015-07-20T03:38:15.000000Z,63.357,63.252
2015-07-20T03:38:30.000000Z,63.354,63.249
2015-07-20T03:38:35.000000Z,63.351,63.246
2015-07-20T03:38:45.000000Z,63.349,63.244
2015-07-20T03:38:50.000000Z,63.351,63.246
2015-07-20T03:39:25.000000Z,63.355,63.25
2015-07-20T03:39:30.000000Z,63.352,63.247
2015-07-20T03:39:35.000000Z,63.354,63.249
2015-07-20T03:40:00.000000Z,63.357,63.252
2015-07-20T03:40:05.000000Z,63.36,63.255
2015-07-20T03:40:10.000000Z,63.36,63.255
2015-07-20T03:41:05.000000Z,63.357,63.252
2015-07-20T03:43:45.000000Z,63.351,63.246
2015-07-20T03:43:50.000000Z,63.349,63.244
2015-07-20T03:44:35.000000Z,63.351,63.246
2015-07-20T03:44:50.000000Z,63.354,63.249
2015-07-20T03:45:15.000000Z,63.352,63.247
2015-07-20T03:46:15.000000Z,63.354,63.249
2015-07-20T03:46:35.000000Z,63.352,63.247
2015-07-20T03:47:00.000000Z,63.349,63.244
2015-07-20T03:47:10.000000Z,63.351,63.246
2015-07-20T03:47:30.000000Z,63.354,63.249
2015-07-20T03:49:10.000000Z,63.357,63.252
2015-07-20T03:50:20.000000Z,63.355,63.25
2015-07-20T03:50:25.000000Z,63.357,63.252
2015-07-20T03:50:35.000000Z,63.355,63.25
2015-07-20T03:50:45.000000Z,63.357,63.252
2015-07-20T03:51:20.000000Z,63.36,63.255
2015-07-20T03:51:35.000000Z,63.361,63.256
2015-07-20T03:51:45.000000Z,63.361,63.256
2015-07-20T03:52:05.000000Z,63.363,63.258
2015-07-20T03:52:15.000000Z,63.361,63.256
2015-07-20T03:52:50.000000Z,63.358,63.253
2015-07-20T03:53:05.000000Z,63.358,63.253
2015-07-20T03:53:30.000000Z,63.36,63.255
2015-07-20T03:53:55.000000Z,63.358,63.253
2015-07-20T03:54:10.000000Z,63.36,63.255
2015-07-20T03:54:25.000000Z,63.364,63.259
2015-07-20T03:54:30.000000Z,63.366,63.261
2015-07-20T03:54:35.000000Z,63.364,63.259
2015-07-20T03:54:55.000000Z,63.361,63.256
2015-07-20T03:55:15.000000Z,63.358,63.253
2015-07-20T03:55:45.000000Z,63.364,63.259
2015-07-20T03:56:30.000000Z,63.366,63.261
2015-07-20T03:59:05.000000Z,63.369,63.264
2015-07-20T03:59:10.000000Z,63.372,63.267
2015-07-20T03:59:15.000000Z,63.37,63.265
2015-07-20T03:59:25.000000Z,63.367,63.262
2015-07-20T04:01:45.000000Z,63.369,63.264
2015-07-20T04:03:45.000000Z,63.372,63.267
2015-07-20T04:03:50.000000Z,63.375,63.27
2015-07-20T04:04:05.000000Z,63.378,63.273
2015-07-20T04:04:10.000000Z,63.381,63.276
2015-07-20T04:04:25.000000Z,63.379,63.274
2015-07-20T04:04:45.000000Z,63.376,63.271
2015-07-20T04:05:55.000000Z,63.378,63.273
2015-07-20T04:06:10.000000Z,63.381,63.276
2015-07-20T04:06:15.000000Z,63.374,63.269
2015-07-20T04:06:20.000000Z,63.382,63.277
2015-07-20T04:07:35.000000Z,63.379,63.274
2015-07-20T04:07:40.000000Z,63.376,63.271
2015-07-20T04:08:15.000000Z,63.373,63.268
2015-07-20T04:09:35.000000Z,63.37,63.265
2015-07-20T04:10:10.000000Z,63.372,63.267
2015-07-20T04:10:20.000000Z,63.375,63.27
2015-07-20T04:10:30.000000Z,63.37,63.265
2015-07-20T04:11:20.000000Z,63.372,63.267
2015-07-20T04:11:35.000000Z,63.372,63.267
2015-07-20T04:11:50.000000Z,63.37,63.265
2015-07-20T04:12:40.000000Z,63.367,63.262
2015-07-20T04:12:45.000000Z,63.367,63.262
2015-07-20T04:13:20.000000Z,63.367,63.262
2015-07-20T04:15:15.000000Z,63.364,63.259
2015-07-20T04:15:40.000000Z,63.361,63.256
2015-07-20T04:15:50.000000Z,63.355,63.25
2015-07-20T04:16:05.000000Z,63.357,63.252
2015-07-20T04:20:35.000000Z,63.36,63.255
2015-07-20T04:22:00.000000Z,63.363,63.258
2015-07-20T04:24:55.000000Z,63.366,63.261
2015-07-20T04:25:55.000000Z,63.364,63.259
2015-07-20T04:28:00.000000Z,63.366,63.261
2015-07-20T04:28:10.000000Z,63.364,63.259
2015-07-20T04:30:25.000000Z,63.361,63.256
2015-07-20T04:30:30.000000Z,63.363,63.258
2015-07-20T04:30:35.000000Z,63.361,63.256
2015-07-20T04:31:40.000000Z,63.358,63.253
2015-07-20T04:32:20.000000Z,63.36,63.255
2015-07-20T04:32:55.000000Z,63.36,63.255
2015-07-20T04:33:15.000000Z,63.363,63.258
2015-07-20T04:33:35.000000Z,63.361,63.256
2015-07-20T04:33:40.000000Z,63.363,63.258
2015-07-20T04:33:45.000000Z,63.361,63.256
2015-07-20T04:33:55.000000Z,63.361,63.256
2015-07-20T04:34:10.000000Z,63.361,63.256
2015-07-20T04:35:45.000000Z,63.363,63.258
2015-07-20T04:35:50.000000Z,63.361,63.256
2015-07-20T04:35:55.000000Z,63.358,63.253
2015-07-20T04:36:55.000000Z,63.36,63.255
2015-07-20T04:37:20.000000Z,63.358,63.253
2015-07-20T04:37:35.000000Z,63.36,63.255
2015-07-20T04:38:25.000000Z,63.358,63.253
2015-07-20T04:44:45.000000Z,63.36,63.255
2015-07-20T04:47:00.000000Z,63.363,63.258
2015-07-20T04:48:10.000000Z,63.366,63.261
2015-07-20T04:49:55.000000Z,63.364,63.259
2015-07-20T04:50:05.000000Z,63.366,63.261
2015-07-20T04:50:15.000000Z,63.364,63.259
2015-07-20T04:50:50.000000Z,63.366,63.261
2015-07-20T04:51:10.000000Z,63.364,63.259
2015-07-20T04:51:15.000000Z,63.361,63.256
2015-07-20T04:51:20.000000Z,63.363,63.258
2015-07-20T04:51:45.000000Z,63.361,63.256
2015-07-20T04:52:10.000000Z,63.358,63.253
2015-07-20T04:52:15.000000Z,63.36,63.255
2015-07-20T04:52:20.000000Z,63.361,63.256
2015-07-20T04:52:30.000000Z,63.363,63.258
2015-07-20T04:53:05.000000Z,63.366,63.261
2015-07-20T04:53:50.000000Z,63.369,63.264
2015-07-20T04:54:00.000000Z,63.37,63.265
2015-07-20T04:55:35.000000Z,63.367,63.262
2015-07-20T04:56:00.000000Z,63.369,63.264
2015-07-20T04:56:35.000000Z,63.367,63.262
2015-07-20T04:57:25.000000Z,63.364,63.259
2015-07-20T04:57:40.000000Z,63.361,63.256
2015-07-20T05:00:30.000000Z,63.355,63.25
2015-07-20T05:00:35.000000Z,63.358,63.253
2015-07-20T05:01:05.000000Z,63.36,63.255
2015-07-20T05:05:05.000000Z,63.364,63.259
2015-07-20T05:05:35.000000Z,63.361,63.256
2015-07-20T05:07:30.000000Z,63.357,63.252
2015-07-20T05:08:35.000000Z,63.355,63.25
2015-07-20T05:09:05.000000Z,63.352,63.247
2015-07-20T05:09:10.000000Z,63.354,63.249
2015-07-20T05:09:35.000000Z,63.352,63.247
2015-07-20T05:12:35.000000Z,63.354,63.249
2015-07-20T05:12:40.000000Z,63.352,63.247
2015-07-20T05:15:45.000000Z,63.354,63.249
2015-07-20T05:16:40.000000Z,63.352,63.247
2015-07-20T05:20:45.000000Z,63.348,63.243
2015-07-20T05:21:15.000000Z,63.345,63.24
2015-07-20T05:21:35.000000Z,63.343,63.238
2015-07-20T05:22:10.000000Z,63.341,63.236
2015-07-20T05:22:45.000000Z,63.343,63.238
2015-07-20T05:25:35.000000Z,63.341,63.236
2015-07-20T05:26:15.000000Z,63.343,63.238
2015-07-20T05:26:30.000000Z,63.345,63.24
2015-07-20T05:26:55.000000Z,63.343,63.238
2015-07-20T05:27:40.000000Z,63.341,63.236
2015-07-20T05:28:35.000000Z,63.343,63.238
2015-07-20T05:29:50.000000Z,63.341,63.236
2015-07-20T05:30:20.000000Z,63.343,63.238
2015-07-20T05:30:30.000000Z,63.341,63.236
2015-07-20T05:31:00.000000Z,63.345,63.24
2015-07-20T05:31:50.000000Z,63.348,63.243
2015-07-20T05:32:55.000000Z,63.351,63.246
2015-07-20T05:33:05.000000Z,63.354,63.249
2015-07-20T05:33:10.000000Z,63.352,63.247
2015-07-20T05:34:15.000000Z,63.349,63.244
2015-07-20T05:37:35.000000Z,63.351,63.246
2015-07-20T05:38:30.000000Z,63.354,63.249
2015-07-20T05:39:30.000000Z,63.352,63.247
2015-07-20T05:39:50.000000Z,63.349,63.244
2015-07-20T05:39:55.000000Z,63.351,63.246
2015-07-20T05:41:05.000000Z,63.354,63.249
2015-07-20T05:41:35.000000Z,63.357,63.252
2015-07-20T05:41:40.000000Z,63.36,63.255
2015-07-20T05:42:05.000000Z,63.358,63.253
2015-07-20T05:48:40.000000Z,63.36,63.255
2015-07-20T05:50:20.000000Z,63.358,63.253
2015-07-20T05:52:15.000000Z,63.355,63.25
2015-07-20T05:53:05.000000Z,63.352,63.247
2015-07-20T05:53:10.000000Z,63.349,63.244
2015-07-20T05:53:20.000000Z,63.351,63.246
2015-07-20T05:53:50.000000Z,63.349,63.244
2015-07-20T05:54:35.000000Z,63.351,63.246
2015-07-20T05:55:30.000000Z,63.354,63.249
2015-07-20T05:56:30.000000Z,63.352,63.247
2015-07-20T05:57:40.000000Z,63.354,63.249
2015-07-20T05:57:45.000000Z,63.355,63.25
2015-07-20T05:57:50.000000Z,63.357,63.252
2015-07-20T06:00:10.000000Z,63.355,63.25
2015-07-20T06:00:40.000000Z,63.357,63.252
2015-07-20T06:01:55.000000Z,63.356,63.251
2015-07-20T06:02:00.000000Z,63.356,63.251
2015-07-20T06:02:05.000000Z,63.355,63.25
2015-07-20T06:03:15.000000Z,63.352,63.247
2015-07-20T06:04:10.000000Z,63.354,63.249
2015-07-20T06:06:00.000000Z,63.354,63.249
2015-07-20T06:06:05.000000Z,63.354,63.249
2015-07-20T06:07:00.000000Z,63.353,63.248
2015-07-20T06:08:15.000000Z,63.356,63.251
2015-07-20T06:09:40.000000Z,63.35,63.245
2015-07-20T06:09:45.000000Z,63.347,63.242
2015-07-20T06:09:50.000000Z,63.35,63.245
2015-07-20T06:19:25.000000Z,63.343,63.238
2015-07-20T06:19:35.000000Z,63.34,63.235
2015-07-20T06:19:40.000000Z,63.338,63.233
2015-07-20T06:21:45.000000Z,63.34,63.235
2015-07-20T06:22:05.000000Z,63.342,63.237
2015-07-20T06:22:10.000000Z,63.34,63.235
2015-07-20T06:22:20.000000Z,63.34,63.235
2015-07-20T06:23:25.000000Z,63.342,63.237
2015-07-20T06:23:30.000000Z,63.346,63.241
2015-07-20T06:23:35.000000Z,63.348,63.243
2015-07-20T06:23:40.000000Z,63.346,63.241
2015-07-20T06:23:45.000000Z,63.341,63.236
2015-07-20T06:24:25.000000Z,63.341,63.236
2015-07-20T06:24:55.000000Z,63.342,63.237
2015-07-20T06:25:00.000000Z,63.34,63.235
2015-07-20T06:25:05.000000Z,63.34,63.235
2015-07-20T06:25:15.000000Z,63.342,63.237
2015-07-20T06:25:20.000000Z,63.34,63.235
2015-07-20T06:25:25.000000Z,63.34,63.235
2015-07-20T06:25:35.000000Z,63.34,63.235
2015-07-20T06:25:55.000000Z,63.337,63.232
2015-07-20T06:26:00.000000Z,63.339,63.234
2015-07-20T06:26:40.000000Z,63.343,63.238
2015-07-20T06:27:05.000000Z,63.345,63.24
2015-07-20T06:27:10.000000Z,63.341,63.236
2015-07-20T06:28:45.000000Z,63.343,63.238
2015-07-20T06:28:50.000000Z,63.343,63.238
2015-07-20T06:28:55.000000Z,63.351,63.246
2015-07-20T06:29:00.000000Z,63.349,63.244
2015-07-20T06:29:10.000000Z,63.345,63.24
2015-07-20T06:29:20.000000Z,63.345,63.24
2015-07-20T06:29:30.000000Z,63.341,63.236
2015-07-20T06:29:35.000000Z,63.343,63.238
2015-07-20T06:29:45.000000Z,63.348,63.243
2015-07-20T06:29:50.000000Z,63.348,63.243
2015-07-20T06:30:00.000000Z,63.348,63.243
2015-07-20T06:30:05.000000Z,63.345,63.24
2015-07-20T06:30:10.000000Z,63.349,63.244
2015-07-20T06:30:45.000000Z,63.351,63.246
2015-07-20T06:30:50.000000Z,63.349,63.244
2015-07-20T06:33:55.000000Z,63.346,63.241
2015-07-20T06:34:05.000000Z,63.349,63.244
2015-07-20T06:34:10.000000Z,63.348,63.243
2015-07-20T06:34:25.000000Z,63.346,63.241
2015-07-20T06:34:35.000000Z,63.348,63.243
2015-07-20T06:34:45.000000Z,63.345,63.24
2015-07-20T06:34:50.000000Z,63.343,63.238
2015-07-20T06:35:25.000000Z,63.345,63.24
2015-07-20T06:35:30.000000Z,63.346,63.241
2015-07-20T06:35:35.000000Z,63.349,63.244
2015-07-20T06:35:40.000000Z,63.345,63.24
2015-07-20T06:35:45.000000Z,63.345,63.24
2015-07-20T06:36:00.000000Z,63.348,63.243
2015-07-20T06:36:05.000000Z,63.346,63.241
2015-07-20T06:36:15.000000Z,63.348,63.243
2015-07-20T06:38:45.000000Z,63.351,63.246
2015-07-20T06:39:00.000000Z,63.349,63.244
2015-07-20T06:46:50.000000Z,63.351,63.246
2015-07-20T06:47:00.000000Z,63.349,63.244
2015-07-20T06:47:05.000000Z,63.346,63.241
2015-07-20T06:47:30.000000Z,63.343,63.238
2015-07-20T06:48:50.000000Z,63.346,63.241
2015-07-20T06:48:55.000000Z,63.348,63.243
2015-07-20T06:49:10.000000Z,63.344,63.239
2015-07-20T06:49:50.000000Z,63.347,63.242
2015-07-20T06:50:50.000000Z,63.343,63.238
2015-07-20T06:51:15.000000Z,63.345,63.24
2015-07-20T06:51:35.000000Z,63.343,63.238
2015-07-20T06:53:30.000000Z,63.341,63.236
2015-07-20T06:54:10.000000Z,63.338,63.233
2015-07-20T06:55:55.000000Z,63.343,63.238
2015-07-20T06:56:05.000000Z,63.341,63.236
2015-07-20T06:56:50.000000Z,63.344,63.239
2015-07-20T06:57:10.000000Z,63.341,63.236
2015-07-20T06:58:45.000000Z,63.343,63.238
2015-07-20T06:59:55.000000Z,63.341,63.236
2015-07-20T07:02:15.000000Z,63.337,63.232
2015-07-20T07:02:20.000000Z,63.335,63.23
2015-07-20T07:02:30.000000Z,63.332,63.227
2015-07-20T07:02:45.000000Z,63.332,63.227
2015-07-20T07:03:35.000000Z,63.329,63.224
2015-07-20T07:04:25.000000Z,63.331,63.226
2015-07-20T07:04:30.000000Z,63.329,63.224
2015-07-20T07:04:45.000000Z,63.331,63.226
2015-07-20T07:04:55.000000Z,63.329,63.224
2015-07-20T07:05:00.000000Z,63.331,63.226
2015-07-20T07:05:05.000000Z,63.329,63.224
2015-07-20T07:05:20.000000Z,63.331,63.226
2015-07-20T07:05:25.000000Z,63.329,63.224
2015-07-20T07:05:35.000000Z,63.331,63.226
2015-07-20T07:06:55.000000Z,63.333,63.228
2015-07-20T07:08:25.000000Z,63.333,63.228
2015-07-20T07:08:40.000000Z,63.336,63.231
2015-07-20T07:08:50.000000Z,63.339,63.234
2015-07-20T07:12:50.000000Z,63.332,63.227
2015-07-20T07:13:25.000000Z,63.334,63.229
2015-07-20T07:14:35.000000Z,63.337,63.232
2015-07-20T07:14:40.000000Z,63.339,63.234
2015-07-20T07:14:50.000000Z,63.34,63.235
2015-07-20T07:15:05.000000Z,63.338,63.233
2015-07-20T07:15:55.000000Z,63.34,63.235
2015-07-20T07:16:25.000000Z,63.342,63.237
2015-07-20T07:16:30.000000Z,63.34,63.235
2015-07-20T07:16:35.000000Z,63.342,63.237
2015-07-20T07:16:55.000000Z,63.34,63.235
2015-07-20T07:17:00.000000Z,63.342,63.237
2015-07-20T07:17:10.000000Z,63.34,63.235
2015-07-20T07:17:15.000000Z,63.342,63.237
2015-07-20T07:18:00.000000Z,63.34,63.235
2015-07-20T07:20:05.000000Z,63.338,63.233
2015-07-20T07:20:40.000000Z,63.34,63.235
2015-07-20T07:20:45.000000Z,63.342,63.237
2015-07-20T07:21:05.000000Z,63.34,63.235
2015-07-20T07:21:10.000000Z,63.342,63.237
2015-07-20T07:21:20.000000Z,63.34,63.235
2015-07-20T07:21:50.000000Z,63.342,63.237
2015-07-20T07:23:25.000000Z,63.34,63.235
2015-07-20T07:26:00.000000Z,63.34,63.235
2015-07-20T07:26:05.000000Z,63.338,63.233
2015-07-20T07:26:35.000000Z,63.334,63.229
2015-07-20T07:27:05.000000Z,63.332,63.227
2015-07-20T07:28:00.000000Z,63.329,63.224
2015-07-20T07:28:05.000000Z,63.331,63.226
2015-07-20T07:28:45.000000Z,63.329,63.224
2015-07-20T07:30:00.000000Z,63.331,63.226
2015-07-20T07:31:50.000000Z,63.329,63.224
2015-07-20T07:31:55.000000Z,63.331,63.226
2015-07-20T07:32:15.000000Z,63.329,63.224
2015-07-20T07:34:05.000000Z,63.326,63.221
2015-07-20T07:34:10.000000Z,63.328,63.223
2015-07-20T07:34:25.000000Z,63.328,63.223
2015-07-20T07:34:50.000000Z,63.326,63.221
2015-07-20T07:35:25.000000Z,63.328,63.223
2015-07-20T07:35:50.000000Z,63.33,63.225
2015-07-20T07:36:00.000000Z,63.328,63.223
2015-07-20T07:36:40.000000Z,63.326,63.221
2015-07-20T07:36:45.000000Z,63.328,63.223
2015-07-20T07:37:35.000000Z,63.33,63.225
2015-07-20T07:37:55.000000Z,63.333,63.228
2015-07-20T07:39:45.000000Z,63.331,63.226
2015-07-20T07:41:35.000000Z,63.329,63.224
2015-07-20T07:41:55.000000Z,63.326,63.221
2015-07-20T07:42:55.000000Z,63.323,63.218
2015-07-20T07:43:30.000000Z,63.325,63.22
2015-07-20T07:43:45.000000Z,63.327,63.222
2015-07-20T07:44:20.000000Z,63.331,63.226
2015-07-20T07:44:25.000000Z,63.333,63.228
2015-07-20T07:44:40.000000Z,63.331,63.226
2015-07-20T07:45:15.000000Z,63.329,63.224
2015-07-20T07:45:20.000000Z,63.329,63.224
2015-07-20T07:45:50.000000Z,63.326,63.221
2015-07-20T07:45:55.000000Z,63.328,63.223
2015-07-20T07:46:00.000000Z,63.326,63.221
2015-07-20T07:48:05.000000Z,63.323,63.218
2015-07-20T07:48:10.000000Z,63.32,63.215
2015-07-20T07:48:35.000000Z,63.322,63.217
2015-07-20T07:49:20.000000Z,63.324,63.219
2015-07-20T07:49:50.000000Z,63.322,63.217
2015-07-20T07:49:55.000000Z,63.324,63.219
2015-07-20T07:53:05.000000Z,63.327,63.222
2015-07-20T07:54:05.000000Z,63.33,63.225
2015-07-20T07:54:15.000000Z,63.33,63.225
2015-07-20T07:54:25.000000Z,63.328,63.223
2015-07-20T07:54:30.000000Z,63.333,63.228
2015-07-20T07:55:05.000000Z,63.331,63.226
2015-07-20T07:55:15.000000Z,63.333,63.228
2015-07-20T07:55:30.000000Z,63.336,63.231
2015-07-20T07:55:45.000000Z,63.333,63.228
2015-07-20T07:56:05.000000Z,63.331,63.226
2015-07-20T07:57:00.000000Z,63.329,63.224
2015-07-20T07:57:55.000000Z,63.326,63.221
2015-07-20T07:58:05.000000Z,63.328,63.223
2015-07-20T08:00:55.000000Z,63.33,63.225
2015-07-20T08:01:55.000000Z,63.333,63.228
2015-07-20T08:02:25.000000Z,63.331,63.226
2015-07-20T08:02:50.000000Z,63.333,63.228
2015-07-20T08:02:55.000000Z,63.331,63.226
2015-07-20T08:03:40.000000Z,63.329,63.224
2015-07-20T08:03:45.000000Z,63.331,63.226
2015-07-20T08:04:20.000000Z,63.329,63.224
2015-07-20T08:04:40.000000Z,63.331,63.226
2015-07-20T08:05:00.000000Z,63.329,63.224
2015-07-20T08:05:05.000000Z,63.333,63.228
2015-07-20T08:05:25.000000Z,63.331,63.226
2015-07-20T08:06:10.000000Z,63.333,63.228
2015-07-20T08:06:15.000000Z,63.333,63.228
2015-07-20T08:07:10.000000Z,63.336,63.231
2015-07-20T08:08:50.000000Z,63.334,63.229
2015-07-20T08:09:10.000000Z,63.332,63.227
2015-07-20T08:09:20.000000Z,63.334,63.229
2015-07-20T08:09:45.000000Z,63.336,63.231
2015-07-20T08:10:15.000000Z,63.334,63.229
2015-07-20T08:10:20.000000Z,63.336,63.231
2015-07-20T08:10:25.000000Z,63.334,63.229
2015-07-20T08:10:45.000000Z,63.336,63.231
2015-07-20T08:11:15.000000Z,63.334,63.229
2015-07-20T08:11:20.000000Z,63.336,63.231
2015-07-20T08:16:15.000000Z,63.337,63.232
2015-07-20T08:16:20.000000Z,63.337,63.232
2015-07-20T08:16:30.000000Z,63.339,63.234
2015-07-20T08:16:35.000000Z,63.337,63.232
2015-07-20T08:18:30.000000Z,63.339,63.234
2015-07-20T08:18:35.000000Z,63.337,63.232
2015-07-20T08:18:55.000000Z,63.339,63.234
2015-07-20T08:19:20.000000Z,63.342,63.237
2015-07-20T08:20:30.000000Z,63.345,63.24
2015-07-20T08:20:35.000000Z,63.342,63.237
2015-07-20T08:20:40.000000Z,63.34,63.235
2015-07-20T08:20:50.000000Z,63.343,63.238
2015-07-20T08:21:15.000000Z,63.341,63.236
2015-07-20T08:21:20.000000Z,63.338,63.233
2015-07-20T08:21:25.000000Z,63.34,63.235
2015-07-20T08:21:40.000000Z,63.34,63.235
2015-07-20T08:22:15.000000Z,63.338,63.233
2015-07-20T08:24:10.000000Z,63.335,63.23
2015-07-20T08:24:20.000000Z,63.339,63.234
2015-07-20T08:24:55.000000Z,63.34,63.235
2015-07-20T08:25:30.000000Z,63.338,63.233
2015-07-20T08:25:35.000000Z,63.34,63.235
2015-07-20T08:26:25.000000Z,63.342,63.237
2015-07-20T08:27:00.000000Z,63.34,63.235
2015-07-20T08:27:15.000000Z,63.338,63.233
2015-07-20T08:27:30.000000Z,63.34,63.235
2015-07-20T08:28:10.000000Z,63.342,63.237
2015-07-20T08:28:15.000000Z,63.342,63.237
2015-07-20T08:28:30.000000Z,63.348,63.243
2015-07-20T08:29:25.000000Z,63.351,63.246
2015-07-20T08:29:35.000000Z,63.349,63.244
2015-07-20T08:32:15.000000Z,63.351,63.246
2015-07-20T08:33:00.000000Z,63.355,63.25
2015-07-20T08:34:20.000000Z,63.358,63.253
2015-07-20T08:34:55.000000Z,63.355,63.25
2015-07-20T08:35:00.000000Z,63.357,63.252
2015-07-20T08:35:25.000000Z,63.357,63.252
2015-07-20T08:36:40.000000Z,63.36,63.255
2015-07-20T08:36:55.000000Z,63.358,63.253
2015-07-20T08:37:00.000000Z,63.358,63.253
2015-07-20T08:37:10.000000Z,63.363,63.258
2015-07-20T08:37:20.000000Z,63.369,63.264
2015-07-20T08:37:25.000000Z,63.365,63.26
2015-07-20T08:37:30.000000Z,63.367,63.262
2015-07-20T08:37:40.000000Z,63.372,63.267
2015-07-20T08:37:45.000000Z,63.377,63.272
2015-07-20T08:38:25.000000Z,63.38,63.275
2015-07-20T08:38:40.000000Z,63.383,63.278
2015-07-20T08:39:00.000000Z,63.38,63.275
2015-07-20T08:39:05.000000Z,63.383,63.278
2015-07-20T08:40:45.000000Z,63.386,63.281
2015-07-20T08:40:50.000000Z,63.383,63.278
2015-07-20T08:41:30.000000Z,63.38,63.275
2015-07-20T08:41:45.000000Z,63.371,63.266
2015-07-20T08:41:50.000000Z,63.368,63.263
2015-07-20T08:41:55.000000Z,63.364,63.259
2015-07-20T08:42:00.000000Z,63.368,63.263
2015-07-20T08:42:05.000000Z,63.372,63.267
2015-07-20T08:42:10.000000Z,63.375,63.27
2015-07-20T08:42:15.000000Z,63.375,63.27
2015-07-20T08:42:20.000000Z,63.375,63.27
2015-07-20T08:42:40.000000Z,63.373,63.268
2015-07-20T08:44:30.000000Z,63.37,63.265
2015-07-20T08:44:45.000000Z,63.372,63.267
2015-07-20T08:45:55.000000Z,63.368,63.263
2015-07-20T08:46:30.000000Z,63.368,63.263
2015-07-20T08:46:35.000000Z,63.371,63.266
2015-07-20T08:46:50.000000Z,63.374,63.269
2015-07-20T08:47:10.000000Z,63.377,63.272
2015-07-20T08:48:05.000000Z,63.374,63.269
2015-07-20T08:48:10.000000Z,63.371,63.266
2015-07-20T08:48:20.000000Z,63.368,63.263
2015-07-20T08:48:25.000000Z,63.371,63.266
2015-07-20T08:48:35.000000Z,63.374,63.269
2015-07-20T08:48:45.000000Z,63.371,63.266
2015-07-20T08:49:05.000000Z,63.374,63.269
2015-07-20T08:49:20.000000Z,63.369,63.264
2015-07-20T08:49:25.000000Z,63.368,63.263
2015-07-20T08:49:30.000000Z,63.372,63.267
2015-07-20T08:49:55.000000Z,63.37,63.265
2015-07-20T08:50:10.000000Z,63.367,63.262
2015-07-20T08:50:15.000000Z,63.366,63.261
2015-07-20T08:50:20.000000Z,63.366,63.261
2015-07-20T08:50:25.000000Z,63.371,63.266
2015-07-20T08:50:30.000000Z,63.368,63.263
2015-07-20T08:51:00.000000Z,63.371,63.266
2015-07-20T08:51:15.000000Z,63.375,63.27
2015-07-20T08:51:25.000000Z,63.378,63.273
2015-07-20T08:51:40.000000Z,63.376,63.271
2015-07-20T08:52:10.000000Z,63.38,63.275
2015-07-20T08:52:15.000000Z,63.383,63.278
2015-07-20T08:52:20.000000Z,63.387,63.282
2015-07-20T08:52:25.000000Z,63.385,63.28
2015-07-20T08:52:55.000000Z,63.38,63.275
2015-07-20T08:53:00.000000Z,63.376,63.271
2015-07-20T08:53:20.000000Z,63.371,63.266
2015-07-20T08:53:25.000000Z,63.377,63.272
2015-07-20T08:53:30.000000Z,63.378,63.273
2015-07-20T08:53:35.000000Z,63.376,63.271
2015-07-20T08:53:50.000000Z,63.371,63.266
2015-07-20T08:54:05.000000Z,63.374,63.269
2015-07-20T08:54:10.000000Z,63.377,63.272
2015-07-20T08:54:15.000000Z,63.38,63.275
2015-07-20T08:54:20.000000Z,63.377,63.272
2015-07-20T08:54:25.000000Z,63.38,63.275
2015-07-20T08:54:30.000000Z,63.383,63.278
2015-07-20T08:55:35.000000Z,63.386,63.281
2015-07-20T08:58:15.000000Z,63.383,63.278
2015-07-20T09:00:10.000000Z,63.379,63.274
2015-07-20T09:00:15.000000Z,63.382,63.277
2015-07-20T09:00:20.000000Z,63.382,63.277
2015-07-20T09:00:25.000000Z,63.384,63.279
2015-07-20T09:00:40.000000Z,63.382,63.277
2015-07-20T09:00:45.000000Z,63.384,63.279
2015-07-20T09:00:50.000000Z,63.384,63.279
2015-07-20T09:01:00.000000Z,63.382,63.277
2015-07-20T09:01:10.000000Z,63.384,63.279
2015-07-20T09:01:20.000000Z,63.382,63.277
2015-07-20T09:02:00.000000Z,63.384,63.279
2015-07-20T09:03:20.000000Z,63.382,63.277
2015-07-20T09:04:10.000000Z,63.381,63.276
2015-07-20T09:05:00.000000Z,63.384,63.279
2015-07-20T09:05:05.000000Z,63.389,63.284
2015-07-20T09:05:10.000000Z,63.392,63.287
2015-07-20T09:05:15.000000Z,63.395,63.29
2015-07-20T09:05:20.000000Z,63.399,63.294
2015-07-20T09:05:25.000000Z,63.397,63.292
2015-07-20T09:05:30.000000Z,63.4,63.295
2015-07-20T09:05:35.000000Z,63.399,63.294
2015-07-20T09:05:40.000000Z,63.401,63.296
2015-07-20T09:05:50.000000Z,63.404,63.299
2015-07-20T09:05:55.000000Z,63.405,63.3
2015-07-20T09:06:00.000000Z,63.402,63.297
2015-07-20T09:06:05.000000Z,63.402,63.297
2015-07-20T09:06:10.000000Z,63.4,63.295
2015-07-20T09:06:30.000000Z,63.402,63.297
2015-07-20T09:06:35.000000Z,63.4,63.295
2015-07-20T09:07:10.000000Z,63.404,63.299
2015-07-20T09:07:15.000000Z,63.403,63.298
2015-07-20T09:07:20.000000Z,63.406,63.301
2015-07-20T09:07:30.000000Z,63.409,63.304
2015-07-20T09:07:45.000000Z,63.411,63.306
2015-07-20T09:07:55.000000Z,63.409,63.304
2015-07-20T09:08:40.000000Z,63.406,63.301
2015-07-20T09:08:55.000000Z,63.408,63.303
2015-07-20T09:09:10.000000Z,63.405,63.3
2015-07-20T09:10:05.000000Z,63.404,63.299
2015-07-20T09:10:10.000000Z,63.402,63.297
2015-07-20T09:10:20.000000Z,63.4,63.295
2015-07-20T09:11:00.000000Z,63.402,63.297
2015-07-20T09:11:05.000000Z,63.4,63.295
2015-07-20T09:12:35.000000Z,63.402,63.297
2015-07-20T09:13:15.000000Z,63.4,63.295
2015-07-20T09:13:25.000000Z,63.4,63.295
2015-07-20T09:13:30.000000Z,63.4,63.295
2015-07-20T09:13:40.000000Z,63.397,63.292
2015-07-20T09:13:50.000000Z,63.397,63.292
2015-07-20T09:13:55.000000Z,63.397,63.292
2015-07-20T09:14:05.000000Z,63.401,63.296
2015-07-20T09:14:10.000000Z,63.404,63.299
2015-07-20T09:15:55.000000Z,63.407,63.302
2015-07-20T09:17:45.000000Z,63.405,63.3
2015-07-20T09:17:55.000000Z,63.407,63.302
2015-07-20T09:18:50.000000Z,63.41,63.305
2015-07-20T09:19:00.000000Z,63.413,63.308
2015-07-20T09:19:05.000000Z,63.417,63.312
2015-07-20T09:19:10.000000Z,63.415,63.31
2015-07-20T09:19:15.000000Z,63.412,63.307
2015-07-20T09:19:50.000000Z,63.415,63.31
2015-07-20T09:20:05.000000Z,63.417,63.312
2015-07-20T09:20:10.000000Z,63.415,63.31
2015-07-20T09:20:25.000000Z,63.415,63.31
2015-07-20T09:20:30.000000Z,63.419,63.314
2015-07-20T09:20:35.000000Z,63.422,63.317
2015-07-20T09:20:40.000000Z,63.427,63.322
2015-07-20T09:20:55.000000Z,63.424,63.319
2015-07-20T09:21:15.000000Z,63.428,63.323
2015-07-20T09:21:40.000000Z,63.428,63.323
2015-07-20T09:21:45.000000Z,63.434,63.329
2015-07-20T09:21:50.000000Z,63.432,63.327
2015-07-20T09:21:55.000000Z,63.429,63.324
2015-07-20T09:22:00.000000Z,63.431,63.326
2015-07-20T09:22:10.000000Z,63.429,63.324
2015-07-20T09:22:15.000000Z,63.428,63.323
2015-07-20T09:22:25.000000Z,63.428,63.323
2015-07-20T09:22:35.000000Z,63.426,63.321
2015-07-20T09:22:40.000000Z,63.426,63.321
2015-07-20T09:23:00.000000Z,63.422,63.317
2015-07-20T09:24:20.000000Z,63.425,63.32
2015-07-20T09:24:25.000000Z,63.423,63.318
2015-07-20T09:24:30.000000Z,63.425,63.32
2015-07-20T09:24:55.000000Z,63.426,63.321
2015-07-20T09:25:00.000000Z,63.424,63.319
2015-07-20T09:25:30.000000Z,63.421,63.316
2015-07-20T09:25:35.000000Z,63.418,63.313
2015-07-20T09:25:40.000000Z,63.42,63.315
2015-07-20T09:26:10.000000Z,63.418,63.313
2015-07-20T09:27:05.000000Z,63.42,63.315
2015-07-20T09:27:40.000000Z,63.418,63.313
2015-07-20T09:27:45.000000Z,63.42,63.315
2015-07-20T09:28:05.000000Z,63.422,63.317
2015-07-20T09:28:25.000000Z,63.425,63.32
2015-07-20T09:28:30.000000Z,63.423,63.318
2015-07-20T09:28:40.000000Z,63.425,63.32
2015-07-20T09:29:10.000000Z,63.428,63.323
2015-07-20T09:29:15.000000Z,63.431,63.326
2015-07-20T09:29:20.000000Z,63.429,63.324
2015-07-20T09:29:30.000000Z,63.431,63.326
2015-07-20T09:29:40.000000Z,63.429,63.324
2015-07-20T09:29:50.000000Z,63.429,63.324
2015-07-20T09:29:55.000000Z,63.431,63.326
2015-07-20T09:30:00.000000Z,63.434,63.329
2015-07-20T09:30:05.000000Z,63.432,63.327
2015-07-20T09:30:15.000000Z,63.432,63.327
2015-07-20T09:30:30.000000Z,63.432,63.327
2015-07-20T09:30:40.000000Z,63.43,63.325
2015-07-20T09:31:05.000000Z,63.427,63.322
2015-07-20T09:31:10.000000Z,63.431,63.326
2015-07-20T09:31:30.000000Z,63.434,63.329
2015-07-20T09:31:40.000000Z,63.432,63.327
2015-07-20T09:31:55.000000Z,63.434,63.329
2015-07-20T09:32:05.000000Z,63.431,63.326
2015-07-20T09:32:25.000000Z,63.435,63.33
2015-07-20T09:32:30.000000Z,63.437,63.332
2015-07-20T09:32:35.000000Z,63.437,63.332
2015-07-20T09:32:40.000000Z,63.437,63.332
2015-07-20T09:32:45.000000Z,63.444,63.339
2015-07-20T09:32:50.000000Z,63.446,63.341
2015-07-20T09:32:55.000000Z,63.443,63.338
2015-07-20T09:33:00.000000Z,63.448,63.343
2015-07-20T09:33:05.000000Z,63.446,63.341
2015-07-20T09:33:10.000000Z,63.447,63.342
2015-07-20T09:33:15.000000Z,63.442,63.337
2015-07-20T09:33:20.000000Z,63.439,63.334
2015-07-20T09:33:45.000000Z,63.436,63.331
2015-07-20T09:34:00.000000Z,63.438,63.333
2015-07-20T09:34:05.000000Z,63.443,63.338
2015-07-20T09:34:10.000000Z,63.443,63.338
2015-07-20T09:34:15.000000Z,63.441,63.336
2015-07-20T09:34:25.000000Z,63.435,63.33
2015-07-20T09:34:30.000000Z,63.438,63.333
2015-07-20T09:34:50.000000Z,63.433,63.328
2015-07-20T09:35:00.000000Z,63.438,63.333
2015-07-20T09:35:05.000000Z,63.432,63.327
2015-07-20T09:35:10.000000Z,63.43,63.325
2015-07-20T09:35:15.000000Z,63.438,63.333
2015-07-20T09:35:25.000000Z,63.433,63.328
2015-07-20T09:35:30.000000Z,63.439,63.334
2015-07-20T09:35:35.000000Z,63.434,63.329
2015-07-20T09:35:40.000000Z,63.44,63.335
2015-07-20T09:35:45.000000Z,63.44,63.335
2015-07-20T09:36:25.000000Z,63.443,63.338
2015-07-20T09:36:30.000000Z,63.439,63.334
2015-07-20T09:37:00.000000Z,63.436,63.331
2015-07-20T09:37:10.000000Z,63.438,63.333
2015-07-20T09:37:25.000000Z,63.44,63.335
2015-07-20T09:37:50.000000Z,63.443,63.338
2015-07-20T09:38:05.000000Z,63.435,63.33
2015-07-20T09:38:10.000000Z,63.442,63.337
2015-07-20T09:38:15.000000Z,63.436,63.331
2015-07-20T09:38:20.000000Z,63.443,63.338
2015-07-20T09:38:25.000000Z,63.443,63.338
2015-07-20T09:38:35.000000Z,63.442,63.337
2015-07-20T09:38:50.000000Z,63.44,63.335
2015-07-20T09:38:55.000000Z,63.439,63.334
2015-07-20T09:39:00.000000Z,63.439,63.334
2015-07-20T09:39:10.000000Z,63.443,63.338
2015-07-20T09:39:15.000000Z,63.443,63.338
2015-07-20T09:39:25.000000Z,63.441,63.336
2015-07-20T09:39:30.000000Z,63.443,63.338
2015-07-20T09:39:55.000000Z,63.446,63.341
2015-07-20T09:40:00.000000Z,63.444,63.339
2015-07-20T09:40:40.000000Z,63.446,63.341
2015-07-20T09:41:45.000000Z,63.449,63.344
2015-07-20T09:42:00.000000Z,63.447,63.342
2015-07-20T09:42:05.000000Z,63.449,63.344
2015-07-20T09:42:10.000000Z,63.452,63.347
2015-07-20T09:42:35.000000Z,63.455,63.35
2015-07-20T09:43:00.000000Z,63.453,63.348
2015-07-20T09:43:10.000000Z,63.455,63.35
2015-07-20T09:44:10.000000Z,63.453,63.348
2015-07-20T09:44:50.000000Z,63.455,63.35
2015-07-20T09:45:20.000000Z,63.453,63.348
2015-07-20T09:45:35.000000Z,63.451,63.346
2015-07-20T09:45:40.000000Z,63.453,63.348
2015-07-20T09:46:00.000000Z,63.451,63.346
2015-07-20T09:46:30.000000Z,63.453,63.348
2015-07-20T09:46:45.000000Z,63.455,63.35
2015-07-20T09:46:55.000000Z,63.453,63.348
2015-07-20T09:47:35.000000Z,63.455,63.35
2015-07-20T09:47:50.000000Z,63.453,63.348
2015-07-20T09:48:20.000000Z,63.451,63.346
2015-07-20T09:48:55.000000Z,63.453,63.348
2015-07-20T09:49:00.000000Z,63.451,63.346
2015-07-20T09:51:45.000000Z,63.448,63.343
