time,closeAsk,closeBid
2015-07-14T10:24:20.000000Z,63.363,63.233
2015-07-14T10:24:40.000000Z,63.364,63.234
2015-07-14T10:24:50.000000Z,63.366,63.236
2015-07-14T10:25:00.000000Z,63.364,63.234
2015-07-14T10:25:10.000000Z,63.366,63.236
2015-07-14T10:25:40.000000Z,63.371,63.241
2015-07-14T10:25:50.000000Z,63.373,63.243
2015-07-14T10:26:00.000000Z,63.371,63.241
2015-07-14T10:26:10.000000Z,63.373,63.243
2015-07-14T10:26:40.000000Z,63.371,63.241
2015-07-14T10:26:50.000000Z,63.368,63.238
2015-07-14T10:27:40.000000Z,63.37,63.24
2015-07-14T10:28:00.000000Z,63.368,63.238
2015-07-14T10:28:40.000000Z,63.372,63.242
2015-07-14T10:28:50.000000Z,63.37,63.24
2015-07-14T10:29:00.000000Z,63.367,63.237
2015-07-14T10:29:20.000000Z,63.371,63.241
2015-07-14T10:29:40.000000Z,63.367,63.237
2015-07-14T10:29:50.000000Z,63.366,63.236
2015-07-14T10:30:10.000000Z,63.364,63.234
2015-07-14T10:30:20.000000Z,63.366,63.236
2015-07-14T10:30:30.000000Z,63.364,63.234
2015-07-14T10:30:40.000000Z,63.362,63.232
2015-07-14T10:31:00.000000Z,63.364,63.234
2015-07-14T10:31:10.000000Z,63.364,63.234
2015-07-14T10:31:20.000000Z,63.362,63.232
2015-07-14T10:32:30.000000Z,63.365,63.235
2015-07-14T10:34:30.000000Z,63.367,63.237
2015-07-14T10:34:50.000000Z,63.366,63.236
2015-07-14T10:35:00.000000Z,63.364,63.234
2015-07-14T10:38:10.000000Z,63.366,63.236
2015-07-14T10:38:20.000000Z,63.369,63.239
2015-07-14T10:41:10.000000Z,63.367,63.237
2015-07-14T10:41:40.000000Z,63.369,63.239
2015-07-14T10:42:30.000000Z,63.369,63.239
2015-07-14T10:43:50.000000Z,63.367,63.237
2015-07-14T10:44:00.000000Z,63.369,63.239
2015-07-14T10:45:10.000000Z,63.37,63.24
2015-07-14T10:45:20.000000Z,63.37,63.24
2015-07-14T10:45:30.000000Z,63.371,63.241
2015-07-14T10:45:40.000000Z,63.373,63.243
2015-07-14T10:45:50.000000Z,63.371,63.241
2015-07-14T10:46:00.000000Z,63.374,63.244
2015-07-14T10:46:10.000000Z,63.381,63.251
2015-07-14T10:46:20.000000Z,63.382,63.252
2015-07-14T10:46:30.000000Z,63.384,63.254
2015-07-14T10:46:40.000000Z,63.384,63.254
2015-07-14T10:46:50.000000Z,63.382,63.252
2015-07-14T10:47:00.000000Z,63.383,63.253
2015-07-14T10:47:10.000000Z,63.385,63.255
2015-07-14T10:47:20.000000Z,63.385,63.255
2015-07-14T10:47:30.000000Z,63.383,63.253
2015-07-14T10:47:40.000000Z,63.385,63.255
2015-07-14T10:47:50.000000Z,63.383,63.253
2015-07-14T10:48:00.000000Z,63.385,63.255
2015-07-14T10:48:10.000000Z,63.383,63.253
2015-07-14T10:48:20.000000Z,63.386,63.256
2015-07-14T10:48:50.000000Z,63.383,63.253
2015-07-14T10:49:00.000000Z,63.385,63.255
2015-07-14T10:49:20.000000Z,63.385,63.255
2015-07-14T10:50:40.000000Z,63.383,63.253
2015-07-14T10:50:50.000000Z,63.371,63.241
2015-07-14T10:51:00.000000Z,63.38,63.25
2015-07-14T10:51:10.000000Z,63.374,63.244
2015-07-14T10:51:20.000000Z,63.373,63.243
2015-07-14T10:51:30.000000Z,63.384,63.254
2015-07-14T10:51:50.000000Z,63.38,63.25
2015-07-14T10:52:00.000000Z,63.378,63.248
2015-07-14T10:52:10.000000Z,63.378,63.248
2015-07-14T10:52:20.000000Z,63.388,63.258
2015-07-14T10:52:30.000000Z,63.383,63.253
2015-07-14T10:52:40.000000Z,63.38,63.25
2015-07-14T10:52:50.000000Z,63.382,63.252
2015-07-14T10:53:00.000000Z,63.381,63.251
2015-07-14T10:53:10.000000Z,63.38,63.25
2015-07-14T10:53:20.000000Z,63.374,63.244
2015-07-14T10:53:30.000000Z,63.376,63.246
2015-07-14T10:53:40.000000Z,63.378,63.248
2015-07-14T10:55:10.000000Z,63.378,63.248
2015-07-14T10:55:20.000000Z,63.378,63.248
2015-07-14T10:55:30.000000Z,63.375,63.245
2015-07-14T10:55:40.000000Z,63.377,63.247
2015-07-14T10:56:00.000000Z,63.373,63.243
2015-07-14T10:56:20.000000Z,63.375,63.245
2015-07-14T10:56:30.000000Z,63.373,63.243
2015-07-14T10:56:40.000000Z,63.375,63.245
2015-07-14T10:57:50.000000Z,63.375,63.245
2015-07-14T10:58:30.000000Z,63.373,63.243
2015-07-14T10:58:40.000000Z,63.373,63.243
2015-07-14T10:59:10.000000Z,63.372,63.242
2015-07-14T10:59:30.000000Z,63.375,63.245
2015-07-14T10:59:40.000000Z,63.372,63.242
2015-07-14T11:00:10.000000Z,63.375,63.245
2015-07-14T11:00:20.000000Z,63.375,63.245
2015-07-14T11:00:50.000000Z,63.364,63.234
2015-07-14T11:01:00.000000Z,63.36,63.23
2015-07-14T11:01:50.000000Z,63.362,63.232
2015-07-14T11:02:00.000000Z,63.359,63.229
2015-07-14T11:02:20.000000Z,63.356,63.226
2015-07-14T11:03:30.000000Z,63.358,63.228
2015-07-14T11:03:50.000000Z,63.36,63.23
2015-07-14T11:05:30.000000Z,63.363,63.233
2015-07-14T11:06:20.000000Z,63.359,63.229
2015-07-14T11:07:20.000000Z,63.358,63.228
2015-07-14T11:07:40.000000Z,63.358,63.228
2015-07-14T11:07:50.000000Z,63.362,63.232
2015-07-14T11:08:10.000000Z,63.359,63.229
2015-07-14T11:10:00.000000Z,63.356,63.226
2015-07-14T11:10:40.000000Z,63.358,63.228
2015-07-14T11:10:50.000000Z,63.356,63.226
2015-07-14T11:11:10.000000Z,63.353,63.223
2015-07-14T11:11:20.000000Z,63.35,63.22
2015-07-14T11:11:30.000000Z,63.349,63.219
2015-07-14T11:11:40.000000Z,63.347,63.217
2015-07-14T11:11:50.000000Z,63.344,63.214
2015-07-14T11:12:00.000000Z,63.348,63.218
2015-07-14T11:12:10.000000Z,63.348,63.218
2015-07-14T11:12:20.000000Z,63.345,63.215
2015-07-14T11:13:20.000000Z,63.342,63.212
2015-07-14T11:14:10.000000Z,63.345,63.215
2015-07-14T11:14:50.000000Z,63.341,63.211
2015-07-14T11:15:00.000000Z,63.344,63.214
2015-07-14T11:15:10.000000Z,63.341,63.211
2015-07-14T11:15:30.000000Z,63.343,63.213
2015-07-14T11:15:40.000000Z,63.343,63.213
2015-07-14T11:16:00.000000Z,63.339,63.209
2015-07-14T11:16:10.000000Z,63.343,63.213
2015-07-14T11:16:20.000000Z,63.341,63.211
2015-07-14T11:16:40.000000Z,63.344,63.214
2015-07-14T11:16:50.000000Z,63.34,63.21
2015-07-14T11:17:00.000000Z,63.338,63.208
2015-07-14T11:17:30.000000Z,63.337,63.207
2015-07-14T11:18:00.000000Z,63.337,63.207
2015-07-14T11:18:10.000000Z,63.335,63.205
2015-07-14T11:18:20.000000Z,63.332,63.202
2015-07-14T11:18:40.000000Z,63.334,63.204
2015-07-14T11:19:10.000000Z,63.332,63.202
2015-07-14T11:19:20.000000Z,63.337,63.207
2015-07-14T11:19:40.000000Z,63.337,63.207
2015-07-14T11:19:50.000000Z,63.335,63.205
2015-07-14T11:20:00.000000Z,63.337,63.207
2015-07-14T11:20:10.000000Z,63.337,63.207
2015-07-14T11:20:20.000000Z,63.34,63.21
2015-07-14T11:20:30.000000Z,63.338,63.208
2015-07-14T11:21:10.000000Z,63.334,63.204
2015-07-14T11:21:20.000000Z,63.338,63.208
2015-07-14T11:21:30.000000Z,63.333,63.203
2015-07-14T11:21:40.000000Z,63.333,63.203
2015-07-14T11:21:50.000000Z,63.336,63.206
2015-07-14T11:22:00.000000Z,63.333,63.203
2015-07-14T11:22:20.000000Z,63.336,63.206
2015-07-14T11:23:20.000000Z,63.333,63.203
2015-07-14T11:23:30.000000Z,63.337,63.207
2015-07-14T11:23:50.000000Z,63.338,63.208
2015-07-14T11:24:00.000000Z,63.341,63.211
2015-07-14T11:24:10.000000Z,63.344,63.214
2015-07-14T11:24:20.000000Z,63.343,63.213
2015-07-14T11:24:30.000000Z,63.345,63.215
2015-07-14T11:24:40.000000Z,63.344,63.214
2015-07-14T11:24:50.000000Z,63.339,63.209
2015-07-14T11:25:00.000000Z,63.347,63.217
2015-07-14T11:25:10.000000Z,63.342,63.212
2015-07-14T11:25:20.000000Z,63.344,63.214
2015-07-14T11:25:30.000000Z,63.343,63.213
2015-07-14T11:25:40.000000Z,63.338,63.208
2015-07-14T11:25:50.000000Z,63.342,63.212
2015-07-14T11:26:40.000000Z,63.34,63.21
2015-07-14T11:26:50.000000Z,63.337,63.207
2015-07-14T11:27:00.000000Z,63.337,63.207
2015-07-14T11:27:10.000000Z,63.337,63.207
2015-07-14T11:27:40.000000Z,63.335,63.205
2015-07-14T11:28:10.000000Z,63.332,63.202
2015-07-14T11:28:20.000000Z,63.332,63.202
2015-07-14T11:28:30.000000Z,63.33,63.2
2015-07-14T11:29:00.000000Z,63.327,63.197
2015-07-14T11:29:40.000000Z,63.324,63.194
2015-07-14T11:29:50.000000Z,63.321,63.191
2015-07-14T11:31:40.000000Z,63.324,63.194
2015-07-14T11:32:20.000000Z,63.327,63.197
2015-07-14T11:33:30.000000Z,63.332,63.202
2015-07-14T11:33:50.000000Z,63.334,63.204
2015-07-14T11:34:10.000000Z,63.331,63.201
2015-07-14T11:34:20.000000Z,63.329,63.199
2015-07-14T11:34:30.000000Z,63.331,63.201
2015-07-14T11:34:40.000000Z,63.329,63.199
2015-07-14T11:35:00.000000Z,63.323,63.193
2015-07-14T11:35:10.000000Z,63.309,63.179
2015-07-14T11:35:20.000000Z,63.303,63.173
2015-07-14T11:35:30.000000Z,63.309,63.179
2015-07-14T11:35:40.000000Z,63.306,63.176
2015-07-14T11:35:50.000000Z,63.315,63.185
2015-07-14T11:36:00.000000Z,63.312,63.182
2015-07-14T11:36:20.000000Z,63.306,63.176
2015-07-14T11:36:30.000000Z,63.313,63.183
2015-07-14T11:36:40.000000Z,63.31,63.18
2015-07-14T11:36:50.000000Z,63.314,63.184
2015-07-14T11:37:00.000000Z,63.31,63.18
2015-07-14T11:37:40.000000Z,63.31,63.18
2015-07-14T11:37:50.000000Z,63.321,63.191
2015-07-14T11:38:10.000000Z,63.325,63.195
2015-07-14T11:38:40.000000Z,63.32,63.19
2015-07-14T11:39:00.000000Z,63.317,63.187
2015-07-14T11:39:10.000000Z,63.314,63.184
2015-07-14T11:39:20.000000Z,63.315,63.185
2015-07-14T11:39:30.000000Z,63.31,63.18
2015-07-14T11:39:40.000000Z,63.308,63.178
2015-07-14T11:40:00.000000Z,63.31,63.18
2015-07-14T11:40:10.000000Z,63.311,63.181
2015-07-14T11:40:20.000000Z,63.313,63.183
2015-07-14T11:40:30.000000Z,63.31,63.18
2015-07-14T11:40:40.000000Z,63.304,63.174
2015-07-14T11:40:50.000000Z,63.302,63.172
2015-07-14T11:41:00.000000Z,63.308,63.178
2015-07-14T11:41:10.000000Z,63.299,63.169
2015-07-14T11:41:20.000000Z,63.301,63.171
2015-07-14T11:41:30.000000Z,63.301,63.171
2015-07-14T11:42:00.000000Z,63.297,63.167
2015-07-14T11:42:40.000000Z,63.3,63.17
2015-07-14T11:43:20.000000Z,63.297,63.167
2015-07-14T11:43:50.000000Z,63.3,63.17
2015-07-14T11:44:50.000000Z,63.297,63.167
2015-07-14T11:45:00.000000Z,63.3,63.17
2015-07-14T11:45:10.000000Z,63.297,63.167
2015-07-14T11:45:40.000000Z,63.299,63.169
2015-07-14T11:47:00.000000Z,63.301,63.171
2015-07-14T11:47:20.000000Z,63.297,63.167
2015-07-14T11:48:30.000000Z,63.294,63.164
2015-07-14T11:52:30.000000Z,63.291,63.161
2015-07-14T11:53:20.000000Z,63.295,63.165
2015-07-14T11:53:30.000000Z,63.292,63.162
2015-07-14T11:53:40.000000Z,63.295,63.165
2015-07-14T11:54:00.000000Z,63.293,63.163
2015-07-14T11:54:10.000000Z,63.289,63.159
2015-07-14T11:55:00.000000Z,63.287,63.157
2015-07-14T11:55:10.000000Z,63.281,63.151
2015-07-14T11:55:20.000000Z,63.286,63.156
2015-07-14T11:55:30.000000Z,63.287,63.157
2015-07-14T11:55:40.000000Z,63.287,63.157
2015-07-14T11:56:10.000000Z,63.287,63.157
2015-07-14T11:56:20.000000Z,63.286,63.156
2015-07-14T11:56:30.000000Z,63.284,63.154
2015-07-14T11:57:30.000000Z,63.282,63.152
2015-07-14T11:57:40.000000Z,63.278,63.148
2015-07-14T11:57:50.000000Z,63.276,63.146
2015-07-14T11:58:00.000000Z,63.284,63.154
2015-07-14T11:58:20.000000Z,63.282,63.152
2015-07-14T11:59:00.000000Z,63.284,63.154
2015-07-14T11:59:10.000000Z,63.282,63.152
2015-07-14T11:59:50.000000Z,63.279,63.149
2015-07-14T12:00:10.000000Z,63.27,63.14
2015-07-14T12:01:10.000000Z,63.272,63.142
2015-07-14T12:02:10.000000Z,63.272,63.142
2015-07-14T12:02:20.000000Z,63.27,63.14
2015-07-14T12:02:30.000000Z,63.272,63.142
2015-07-14T12:02:50.000000Z,63.272,63.142
2015-07-14T12:03:10.000000Z,63.269,63.139
2015-07-14T12:03:30.000000Z,63.27,63.14
2015-07-14T12:03:50.000000Z,63.272,63.142
2015-07-14T12:04:00.000000Z,63.269,63.139
2015-07-14T12:04:20.000000Z,63.269,63.139
2015-07-14T12:04:30.000000Z,63.269,63.139
2015-07-14T12:04:50.000000Z,63.268,63.138
2015-07-14T12:05:00.000000Z,63.271,63.141
2015-07-14T12:05:30.000000Z,63.269,63.139
2015-07-14T12:05:40.000000Z,63.271,63.141
2015-07-14T12:05:50.000000Z,63.269,63.139
2015-07-14T12:06:00.000000Z,63.272,63.142
2015-07-14T12:06:10.000000Z,63.273,63.143
2015-07-14T12:08:10.000000Z,63.27,63.14
2015-07-14T12:08:40.000000Z,63.267,63.137
2015-07-14T12:09:00.000000Z,63.269,63.139
2015-07-14T12:09:10.000000Z,63.267,63.137
2015-07-14T12:09:40.000000Z,63.264,63.134
2015-07-14T12:11:50.000000Z,63.261,63.131
2015-07-14T12:12:00.000000Z,63.263,63.133
2015-07-14T12:12:10.000000Z,63.26,63.13
2015-07-14T12:12:20.000000Z,63.262,63.132
2015-07-14T12:13:00.000000Z,63.26,63.13
2015-07-14T12:13:10.000000Z,63.262,63.132
2015-07-14T12:13:20.000000Z,63.263,63.133
2015-07-14T12:13:30.000000Z,63.263,63.133
2015-07-14T12:13:50.000000Z,63.265,63.135
2015-07-14T12:14:10.000000Z,63.268,63.138
2015-07-14T12:14:20.000000Z,63.266,63.136
2015-07-14T12:14:50.000000Z,63.268,63.138
2015-07-14T12:15:20.000000Z,63.271,63.141
2015-07-14T12:16:00.000000Z,63.269,63.139
2015-07-14T12:16:40.000000Z,63.267,63.137
2015-07-14T12:16:50.000000Z,63.268,63.138
2015-07-14T12:17:10.000000Z,63.264,63.134
2015-07-14T12:17:20.000000Z,63.266,63.136
2015-07-14T12:17:30.000000Z,63.264,63.134
2015-07-14T12:19:40.000000Z,63.266,63.136
2015-07-14T12:19:50.000000Z,63.264,63.134
2015-07-14T12:20:30.000000Z,63.268,63.138
2015-07-14T12:20:40.000000Z,63.268,63.138
2015-07-14T12:20:50.000000Z,63.266,63.136
2015-07-14T12:21:00.000000Z,63.268,63.138
2015-07-14T12:21:10.000000Z,63.271,63.141
2015-07-14T12:21:20.000000Z,63.275,63.145
2015-07-14T12:21:50.000000Z,63.275,63.145
2015-07-14T12:22:00.000000Z,63.273,63.143
2015-07-14T12:22:30.000000Z,63.275,63.145
2015-07-14T12:22:40.000000Z,63.277,63.147
2015-07-14T12:22:50.000000Z,63.275,63.145
2015-07-14T12:23:40.000000Z,63.273,63.143
2015-07-14T12:23:50.000000Z,63.275,63.145
2015-07-14T12:24:10.000000Z,63.273,63.143
2015-07-14T12:24:20.000000Z,63.275,63.145
2015-07-14T12:24:30.000000Z,63.278,63.148
2015-07-14T12:24:40.000000Z,63.292,63.162
2015-07-14T12:24:50.000000Z,63.291,63.161
2015-07-14T12:25:00.000000Z,63.285,63.155
2015-07-14T12:25:10.000000Z,63.287,63.157
2015-07-14T12:25:20.000000Z,63.289,63.159
2015-07-14T12:25:40.000000Z,63.29,63.16
2015-07-14T12:25:50.000000Z,63.287,63.157
2015-07-14T12:26:10.000000Z,63.286,63.156
2015-07-14T12:26:20.000000Z,63.284,63.154
2015-07-14T12:26:30.000000Z,63.284,63.154
2015-07-14T12:26:40.000000Z,63.286,63.156
2015-07-14T12:28:40.000000Z,63.289,63.159
2015-07-14T12:29:20.000000Z,63.286,63.156
2015-07-14T12:30:00.000000Z,63.276,63.146
2015-07-14T12:30:10.000000Z,63.276,63.146
2015-07-14T12:30:20.000000Z,63.268,63.138
2015-07-14T12:30:30.000000Z,63.26,63.13
2015-07-14T12:30:40.000000Z,63.249,63.119
2015-07-14T12:30:50.000000Z,63.245,63.115
2015-07-14T12:31:00.000000Z,63.242,63.112
2015-07-14T12:31:10.000000Z,63.241,63.111
2015-07-14T12:31:20.000000Z,63.239,63.109
2015-07-14T12:31:30.000000Z,63.234,63.104
2015-07-14T12:31:40.000000Z,63.231,63.101
2015-07-14T12:31:50.000000Z,63.236,63.106
2015-07-14T12:32:10.000000Z,63.236,63.106
2015-07-14T12:32:20.000000Z,63.236,63.106
2015-07-14T12:32:40.000000Z,63.241,63.111
2015-07-14T12:33:00.000000Z,63.239,63.109
2015-07-14T12:33:10.000000Z,63.231,63.101
2015-07-14T12:33:30.000000Z,63.227,63.097
2015-07-14T12:33:40.000000Z,63.223,63.093
2015-07-14T12:33:50.000000Z,63.221,63.091
2015-07-14T12:34:00.000000Z,63.223,63.093
2015-07-14T12:34:10.000000Z,63.226,63.096
2015-07-14T12:34:20.000000Z,63.228,63.098
2015-07-14T12:34:30.000000Z,63.216,63.086
2015-07-14T12:34:40.000000Z,63.229,63.099
2015-07-14T12:35:00.000000Z,63.226,63.096
2015-07-14T12:35:10.000000Z,63.229,63.099
2015-07-14T12:35:40.000000Z,63.229,63.099
2015-07-14T12:35:50.000000Z,63.232,63.102
2015-07-14T12:36:10.000000Z,63.232,63.102
2015-07-14T12:36:50.000000Z,63.23,63.1
2015-07-14T12:37:00.000000Z,63.228,63.098
2015-07-14T12:37:10.000000Z,63.226,63.096
2015-07-14T12:37:30.000000Z,63.224,63.094
2015-07-14T12:37:40.000000Z,63.224,63.094
2015-07-14T12:37:50.000000Z,63.221,63.091
2015-07-14T12:38:00.000000Z,63.226,63.096
2015-07-14T12:38:20.000000Z,63.234,63.104
2015-07-14T12:38:30.000000Z,63.234,63.104
2015-07-14T12:38:40.000000Z,63.238,63.108
2015-07-14T12:38:50.000000Z,63.241,63.111
2015-07-14T12:39:00.000000Z,63.237,63.107
2015-07-14T12:39:10.000000Z,63.241,63.111
2015-07-14T12:39:20.000000Z,63.255,63.125
2015-07-14T12:39:30.000000Z,63.25,63.12
2015-07-14T12:39:40.000000Z,63.247,63.117
2015-07-14T12:39:50.000000Z,63.249,63.119
2015-07-14T12:40:00.000000Z,63.25,63.12
2015-07-14T12:40:10.000000Z,63.251,63.121
2015-07-14T12:40:20.000000Z,63.25,63.12
2015-07-14T12:40:30.000000Z,63.251,63.121
2015-07-14T12:40:40.000000Z,63.24,63.11
2015-07-14T12:40:50.000000Z,63.233,63.103
2015-07-14T12:41:00.000000Z,63.232,63.102
2015-07-14T12:41:10.000000Z,63.227,63.097
2015-07-14T12:41:20.000000Z,63.233,63.103
2015-07-14T12:41:30.000000Z,63.231,63.101
2015-07-14T12:41:40.000000Z,63.23,63.1
2015-07-14T12:42:30.000000Z,63.228,63.098
2015-07-14T12:42:40.000000Z,63.232,63.102
2015-07-14T12:42:50.000000Z,63.23,63.1
2015-07-14T12:43:30.000000Z,63.233,63.103
2015-07-14T12:43:40.000000Z,63.228,63.098
2015-07-14T12:43:50.000000Z,63.231,63.101
2015-07-14T12:44:00.000000Z,63.221,63.091
2015-07-14T12:44:10.000000Z,63.226,63.096
2015-07-14T12:44:20.000000Z,63.214,63.084
2015-07-14T12:44:30.000000Z,63.197,63.067
2015-07-14T12:44:40.000000Z,63.201,63.071
2015-07-14T12:44:50.000000Z,63.2,63.07
2015-07-14T12:45:40.000000Z,63.195,63.065
2015-07-14T12:45:50.000000Z,63.197,63.067
2015-07-14T12:46:10.000000Z,63.2,63.07
2015-07-14T12:46:20.000000Z,63.197,63.067
2015-07-14T12:46:30.000000Z,63.19,63.06
2015-07-14T12:46:40.000000Z,63.194,63.064
2015-07-14T12:46:50.000000Z,63.198,63.068
2015-07-14T12:47:00.000000Z,63.195,63.065
2015-07-14T12:47:10.000000Z,63.199,63.069
2015-07-14T12:47:30.000000Z,63.196,63.066
2015-07-14T12:47:40.000000Z,63.19,63.06
2015-07-14T12:47:50.000000Z,63.217,63.087
2015-07-14T12:48:00.000000Z,63.219,63.089
2015-07-14T12:48:10.000000Z,63.223,63.093
2015-07-14T12:48:20.000000Z,63.223,63.093
2015-07-14T12:48:30.000000Z,63.228,63.098
2015-07-14T12:48:40.000000Z,63.214,63.084
2015-07-14T12:48:50.000000Z,63.234,63.104
2015-07-14T12:49:00.000000Z,63.238,63.108
2015-07-14T12:49:10.000000Z,63.218,63.088
2015-07-14T12:49:20.000000Z,63.223,63.093
2015-07-14T12:49:30.000000Z,63.218,63.088
2015-07-14T12:49:40.000000Z,63.213,63.083
2015-07-14T12:49:50.000000Z,63.226,63.096
2015-07-14T12:50:00.000000Z,63.224,63.094
2015-07-14T12:50:10.000000Z,63.224,63.094
2015-07-14T12:50:20.000000Z,63.219,63.089
2015-07-14T12:50:30.000000Z,63.22,63.09
2015-07-14T12:50:40.000000Z,63.221,63.091
2015-07-14T12:50:50.000000Z,63.216,63.086
2015-07-14T12:51:00.000000Z,63.214,63.084
2015-07-14T12:51:10.000000Z,63.21,63.08
2015-07-14T12:51:50.000000Z,63.203,63.073
2015-07-14T12:52:10.000000Z,63.201,63.071
2015-07-14T12:52:20.000000Z,63.203,63.073
2015-07-14T12:52:30.000000Z,63.206,63.076
2015-07-14T12:52:40.000000Z,63.212,63.082
2015-07-14T12:52:50.000000Z,63.207,63.077
2015-07-14T12:53:00.000000Z,63.206,63.076
2015-07-14T12:53:10.000000Z,63.204,63.074
2015-07-14T12:53:50.000000Z,63.21,63.08
2015-07-14T12:54:00.000000Z,63.201,63.071
2015-07-14T12:54:10.000000Z,63.203,63.073
2015-07-14T12:56:10.000000Z,63.207,63.077
2015-07-14T12:56:20.000000Z,63.21,63.08
2015-07-14T12:56:30.000000Z,63.204,63.074
2015-07-14T12:56:40.000000Z,63.205,63.075
2015-07-14T12:56:50.000000Z,63.208,63.078
2015-07-14T12:57:10.000000Z,63.204,63.074
2015-07-14T12:57:30.000000Z,63.211,63.081
2015-07-14T12:57:40.000000Z,63.208,63.078
2015-07-14T12:57:50.000000Z,63.217,63.087
2015-07-14T12:58:00.000000Z,63.22,63.09
2015-07-14T12:58:30.000000Z,63.221,63.091
2015-07-14T12:58:40.000000Z,63.223,63.093
2015-07-14T12:58:50.000000Z,63.226,63.096
2015-07-14T12:59:00.000000Z,63.223,63.093
2015-07-14T12:59:10.000000Z,63.229,63.099
2015-07-14T12:59:30.000000Z,63.227,63.097
2015-07-14T13:00:10.000000Z,63.227,63.097
2015-07-14T13:00:30.000000Z,63.229,63.099
2015-07-14T13:00:40.000000Z,63.227,63.097
2015-07-14T13:01:10.000000Z,63.232,63.102
2015-07-14T13:01:20.000000Z,63.236,63.106
2015-07-14T13:01:30.000000Z,63.238,63.108
2015-07-14T13:01:50.000000Z,63.244,63.114
2015-07-14T13:03:00.000000Z,63.246,63.116
2015-07-14T13:03:10.000000Z,63.244,63.114
2015-07-14T13:03:40.000000Z,63.242,63.112
2015-07-14T13:04:10.000000Z,63.24,63.11
2015-07-14T13:04:20.000000Z,63.239,63.109
2015-07-14T13:04:30.000000Z,63.236,63.106
2015-07-14T13:04:40.000000Z,63.244,63.114
2015-07-14T13:05:00.000000Z,63.24,63.11
2015-07-14T13:05:20.000000Z,63.248,63.118
2015-07-14T13:05:30.000000Z,63.241,63.111
2015-07-14T13:05:40.000000Z,63.239,63.109
2015-07-14T13:05:50.000000Z,63.239,63.109
2015-07-14T13:06:00.000000Z,63.242,63.112
2015-07-14T13:06:10.000000Z,63.24,63.11
2015-07-14T13:06:20.000000Z,63.239,63.109
2015-07-14T13:07:30.000000Z,63.241,63.111
2015-07-14T13:07:50.000000Z,63.236,63.106
2015-07-14T13:08:00.000000Z,63.234,63.104
2015-07-14T13:08:50.000000Z,63.239,63.109
2015-07-14T13:09:20.000000Z,63.236,63.106
2015-07-14T13:10:10.000000Z,63.238,63.108
2015-07-14T13:10:40.000000Z,63.243,63.113
2015-07-14T13:10:50.000000Z,63.246,63.116
2015-07-14T13:11:10.000000Z,63.251,63.121
2015-07-14T13:12:10.000000Z,63.253,63.123
2015-07-14T13:12:20.000000Z,63.251,63.121
2015-07-14T13:12:30.000000Z,63.253,63.123
2015-07-14T13:14:10.000000Z,63.25,63.12
2015-07-14T13:15:50.000000Z,63.246,63.116
2015-07-14T13:17:50.000000Z,63.243,63.113
2015-07-14T13:18:30.000000Z,63.242,63.112
2015-07-14T13:19:00.000000Z,63.24,63.11
2015-07-14T13:19:20.000000Z,63.236,63.106
2015-07-14T13:19:50.000000Z,63.234,63.104
2015-07-14T13:21:50.000000Z,63.231,63.101
2015-07-14T13:22:00.000000Z,63.227,63.097
2015-07-14T13:22:30.000000Z,63.215,63.085
2015-07-14T13:22:40.000000Z,63.21,63.08
2015-07-14T13:22:50.000000Z,63.208,63.078
2015-07-14T13:23:10.000000Z,63.211,63.081
2015-07-14T13:23:20.000000Z,63.201,63.071
2015-07-14T13:23:30.000000Z,63.198,63.068
2015-07-14T13:23:40.000000Z,63.195,63.065
2015-07-14T13:23:50.000000Z,63.202,63.072
2015-07-14T13:24:10.000000Z,63.207,63.077
2015-07-14T13:24:20.000000Z,63.225,63.095
2015-07-14T13:24:30.000000Z,63.227,63.097
2015-07-14T13:24:40.000000Z,63.232,63.102
2015-07-14T13:25:00.000000Z,63.235,63.105
2015-07-14T13:25:10.000000Z,63.233,63.103
2015-07-14T13:25:40.000000Z,63.22,63.09
2015-07-14T13:25:50.000000Z,63.219,63.089
2015-07-14T13:26:00.000000Z,63.229,63.099
2015-07-14T13:26:10.000000Z,63.232,63.102
2015-07-14T13:28:30.000000Z,63.235,63.105
2015-07-14T13:29:00.000000Z,63.235,63.105
2015-07-14T13:32:20.000000Z,63.241,63.111
2015-07-14T13:33:10.000000Z,63.247,63.117
2015-07-14T13:33:20.000000Z,63.247,63.117
2015-07-14T13:33:50.000000Z,63.25,63.12
2015-07-14T13:34:00.000000Z,63.246,63.116
2015-07-14T13:34:10.000000Z,63.243,63.113
2015-07-14T13:34:40.000000Z,63.24,63.11
2015-07-14T13:35:10.000000Z,63.242,63.112
2015-07-14T13:35:40.000000Z,63.227,63.097
2015-07-14T13:35:50.000000Z,63.227,63.097
2015-07-14T13:36:20.000000Z,63.221,63.091
2015-07-14T13:36:30.000000Z,63.219,63.089
2015-07-14T13:36:40.000000Z,63.214,63.084
2015-07-14T13:36:50.000000Z,63.211,63.081
2015-07-14T13:37:00.000000Z,63.225,63.095
2015-07-14T13:37:10.000000Z,63.229,63.099
2015-07-14T13:37:40.000000Z,63.232,63.102
2015-07-14T13:37:50.000000Z,63.235,63.105
2015-07-14T13:38:00.000000Z,63.235,63.105
2015-07-14T13:38:30.000000Z,63.233,63.103
2015-07-14T13:38:40.000000Z,63.235,63.105
2015-07-14T13:38:50.000000Z,63.235,63.105
2015-07-14T13:39:30.000000Z,63.232,63.102
2015-07-14T13:39:50.000000Z,63.23,63.1
2015-07-14T13:40:20.000000Z,63.227,63.097
2015-07-14T13:40:40.000000Z,63.23,63.1
2015-07-14T13:40:50.000000Z,63.232,63.102
2015-07-14T13:42:00.000000Z,63.23,63.1
2015-07-14T13:43:00.000000Z,63.228,63.098
2015-07-14T13:44:00.000000Z,63.225,63.095
2015-07-14T13:45:00.000000Z,63.227,63.097
2015-07-14T13:46:00.000000Z,63.229,63.099
2015-07-14T13:46:10.000000Z,63.227,63.097
2015-07-14T13:46:20.000000Z,63.227,63.097
2015-07-14T13:47:00.000000Z,63.229,63.099
2015-07-14T13:47:10.000000Z,63.232,63.102
2015-07-14T13:50:10.000000Z,63.235,63.105
2015-07-14T13:51:30.000000Z,63.238,63.108
2015-07-14T13:52:00.000000Z,63.243,63.113
2015-07-14T13:52:10.000000Z,63.245,63.115
2015-07-14T13:52:20.000000Z,63.243,63.113
2015-07-14T13:52:40.000000Z,63.24,63.11
2015-07-14T13:52:50.000000Z,63.24,63.11
2015-07-14T13:53:00.000000Z,63.242,63.112
2015-07-14T13:53:30.000000Z,63.247,63.117
2015-07-14T13:53:40.000000Z,63.25,63.12
2015-07-14T13:53:50.000000Z,63.247,63.117
2015-07-14T13:55:10.000000Z,63.245,63.115
2015-07-14T13:55:20.000000Z,63.25,63.12
2015-07-14T13:55:50.000000Z,63.246,63.116
2015-07-14T13:56:20.000000Z,63.248,63.118
2015-07-14T13:56:50.000000Z,63.246,63.116
2015-07-14T13:57:30.000000Z,63.248,63.118
2015-07-14T13:57:50.000000Z,63.25,63.12
2015-07-14T13:58:00.000000Z,63.247,63.117
2015-07-14T13:58:40.000000Z,63.245,63.115
2015-07-14T13:59:00.000000Z,63.243,63.113
2015-07-14T13:59:40.000000Z,63.246,63.116
2015-07-14T14:03:30.000000Z,63.248,63.118
2015-07-14T14:04:00.000000Z,63.246,63.116
2015-07-14T14:04:30.000000Z,63.248,63.118
2015-07-14T14:04:40.000000Z,63.246,63.116
2015-07-14T14:05:40.000000Z,63.246,63.116
2015-07-14T14:06:30.000000Z,63.286,63.156
2015-07-14T14:06:50.000000Z,63.286,63.156
2015-07-14T14:07:20.000000Z,63.281,63.151
2015-07-14T14:07:30.000000Z,63.279,63.149
2015-07-14T14:08:30.000000Z,63.281,63.151
2015-07-14T14:08:40.000000Z,63.286,63.156
2015-07-14T14:09:50.000000Z,63.287,63.157
2015-07-14T14:10:50.000000Z,63.289,63.159
2015-07-14T14:11:20.000000Z,63.286,63.156
2015-07-14T14:11:30.000000Z,63.284,63.154
2015-07-14T14:11:40.000000Z,63.286,63.156
2015-07-14T14:13:10.000000Z,63.283,63.153
2015-07-14T14:17:30.000000Z,63.281,63.151
2015-07-14T14:17:40.000000Z,63.283,63.153
2015-07-14T14:17:50.000000Z,63.281,63.151
2015-07-14T14:18:00.000000Z,63.283,63.153
2015-07-14T14:18:40.000000Z,63.306,63.156
2015-07-14T14:19:30.000000Z,63.308,63.158
2015-07-14T14:19:40.000000Z,63.314,63.164
2015-07-14T14:20:00.000000Z,63.312,63.162
2015-07-14T14:20:10.000000Z,63.314,63.164
2015-07-14T14:21:20.000000Z,63.312,63.162
2015-07-14T14:23:50.000000Z,63.314,63.164
2015-07-14T14:25:10.000000Z,63.312,63.162
2015-07-14T14:25:50.000000Z,63.314,63.164
2015-07-14T14:26:50.000000Z,63.32,63.17
2015-07-14T14:27:00.000000Z,63.323,63.173
2015-07-14T14:27:20.000000Z,63.327,63.177
2015-07-14T14:27:30.000000Z,63.327,63.177
2015-07-14T14:27:40.000000Z,63.336,63.186
2015-07-14T14:27:50.000000Z,63.33,63.18
2015-07-14T14:28:00.000000Z,63.324,63.174
2015-07-14T14:30:00.000000Z,63.326,63.176
2015-07-14T14:30:10.000000Z,63.329,63.179
2015-07-14T14:31:20.000000Z,63.337,63.187
2015-07-14T14:31:50.000000Z,63.341,63.191
2015-07-14T14:32:50.000000Z,63.341,63.191
2015-07-14T14:33:20.000000Z,63.338,63.188
2015-07-14T14:34:40.000000Z,63.336,63.186
2015-07-14T14:35:00.000000Z,63.335,63.185
2015-07-14T14:36:40.000000Z,63.338,63.188
2015-07-14T14:36:50.000000Z,63.338,63.188
2015-07-14T14:37:00.000000Z,63.341,63.191
2015-07-14T14:37:10.000000Z,63.338,63.188
2015-07-14T14:37:20.000000Z,63.342,63.192
2015-07-14T14:37:30.000000Z,63.345,63.195
2015-07-14T14:37:40.000000Z,63.341,63.191
2015-07-14T14:38:00.000000Z,63.339,63.189
2015-07-14T14:39:00.000000Z,63.345,63.195
2015-07-14T14:39:10.000000Z,63.339,63.189
2015-07-14T14:39:30.000000Z,63.339,63.189
2015-07-14T14:39:40.000000Z,63.34,63.19
2015-07-14T14:40:40.000000Z,63.343,63.193
2015-07-14T14:40:50.000000Z,63.343,63.193
2015-07-14T14:41:10.000000Z,63.34,63.19
2015-07-14T14:42:10.000000Z,63.337,63.187
2015-07-14T14:43:10.000000Z,63.334,63.184
2015-07-14T14:45:00.000000Z,63.337,63.187
2015-07-14T14:47:00.000000Z,63.34,63.19
2015-07-14T14:49:50.000000Z,63.346,63.196
2015-07-14T14:50:00.000000Z,63.342,63.192
2015-07-14T14:51:00.000000Z,63.344,63.194
2015-07-14T14:51:40.000000Z,63.342,63.192
2015-07-14T14:53:20.000000Z,63.339,63.189
2015-07-14T14:55:30.000000Z,63.333,63.183
2015-07-14T14:55:40.000000Z,63.33,63.18
2015-07-14T14:56:10.000000Z,63.332,63.182
2015-07-14T14:58:00.000000Z,63.335,63.185
2015-07-14T14:58:50.000000Z,63.338,63.188
2015-07-14T14:59:00.000000Z,63.336,63.186
2015-07-14T15:00:10.000000Z,63.333,63.183
2015-07-14T15:03:50.000000Z,63.33,63.18
2015-07-14T15:04:10.000000Z,63.327,63.177
2015-07-14T15:04:40.000000Z,63.324,63.174
2015-07-14T15:06:30.000000Z,63.326,63.176
2015-07-14T15:07:10.000000Z,63.323,63.173
2015-07-14T15:08:10.000000Z,63.321,63.171
2015-07-14T15:09:40.000000Z,63.323,63.173
2015-07-14T15:10:00.000000Z,63.321,63.171
2015-07-14T15:11:00.000000Z,63.323,63.173
2015-07-14T15:11:10.000000Z,63.328,63.178
2015-07-14T15:11:20.000000Z,63.331,63.181
2015-07-14T15:11:30.000000Z,63.328,63.178
2015-07-14T15:11:50.000000Z,63.331,63.181
2015-07-14T15:13:40.000000Z,63.334,63.184
2015-07-14T15:14:50.000000Z,63.331,63.181
2015-07-14T15:15:20.000000Z,63.334,63.184
2015-07-14T15:16:30.000000Z,63.337,63.187
2015-07-14T15:18:10.000000Z,63.34,63.19
2015-07-14T15:18:40.000000Z,63.337,63.187
2015-07-14T15:19:20.000000Z,63.34,63.19
2015-07-14T15:19:40.000000Z,63.337,63.187
2015-07-14T15:20:00.000000Z,63.34,63.19
2015-07-14T15:20:10.000000Z,63.327,63.177
2015-07-14T15:20:20.000000Z,63.324,63.174
2015-07-14T15:20:30.000000Z,63.321,63.171
2015-07-14T15:22:00.000000Z,63.316,63.166
2015-07-14T15:22:20.000000Z,63.314,63.164
2015-07-14T15:22:30.000000Z,63.312,63.162
2015-07-14T15:22:40.000000Z,63.314,63.164
2015-07-14T15:23:10.000000Z,63.311,63.161
2015-07-14T15:25:30.000000Z,63.311,63.161
2015-07-14T15:27:00.000000Z,63.315,63.165
2015-07-14T15:27:40.000000Z,63.312,63.162
2015-07-14T15:28:10.000000Z,63.314,63.164
2015-07-14T15:28:30.000000Z,63.312,63.162
2015-07-14T15:29:10.000000Z,63.311,63.161
2015-07-14T15:29:20.000000Z,63.307,63.157
2015-07-14T15:30:10.000000Z,63.31,63.16
2015-07-14T15:30:20.000000Z,63.304,63.154
2015-07-14T15:30:30.000000Z,63.301,63.151
2015-07-14T15:30:50.000000Z,63.297,63.147
2015-07-14T15:31:20.000000Z,63.299,63.149
2015-07-14T15:31:40.000000Z,63.297,63.147
2015-07-14T15:31:50.000000Z,63.296,63.146
2015-07-14T15:32:20.000000Z,63.302,63.152
2015-07-14T15:32:40.000000Z,63.298,63.148
2015-07-14T15:33:00.000000Z,63.302,63.152
2015-07-14T15:33:20.000000Z,63.299,63.149
2015-07-14T15:34:10.000000Z,63.304,63.154
2015-07-14T15:34:20.000000Z,63.3,63.15
2015-07-14T15:34:30.000000Z,63.305,63.155
2015-07-14T15:34:50.000000Z,63.3,63.15
2015-07-14T15:35:10.000000Z,63.307,63.157
2015-07-14T15:40:20.000000Z,63.313,63.163
2015-07-14T15:41:10.000000Z,63.31,63.16
2015-07-14T15:43:30.000000Z,63.313,63.163
2015-07-14T15:43:50.000000Z,63.31,63.16
2015-07-14T15:49:00.000000Z,63.307,63.157
2015-07-14T15:50:20.000000Z,63.308,63.158
2015-07-14T15:50:30.000000Z,63.309,63.159
2015-07-14T15:51:00.000000Z,63.303,63.153
2015-07-14T15:51:10.000000Z,63.31,63.16
2015-07-14T15:54:50.000000Z,63.306,63.156
2015-07-14T15:55:00.000000Z,63.311,63.161
2015-07-14T15:55:10.000000Z,63.312,63.162
2015-07-14T15:55:30.000000Z,63.305,63.155
2015-07-14T15:56:00.000000Z,63.313,63.163
2015-07-14T15:57:20.000000Z,63.313,63.163
2015-07-14T15:57:30.000000Z,63.313,63.163
2015-07-14T15:58:20.000000Z,63.316,63.166
2015-07-14T15:59:10.000000Z,63.312,63.162
2015-07-14T15:59:20.000000Z,63.308,63.158
2015-07-14T15:59:30.000000Z,63.31,63.16
2015-07-14T15:59:40.000000Z,63.317,63.167
2015-07-14T15:59:50.000000Z,63.335,63.185
2015-07-14T16:00:00.000000Z,63.329,63.179
2015-07-14T16:00:10.000000Z,63.327,63.177
2015-07-14T16:00:30.000000Z,63.33,63.18
2015-07-14T16:00:40.000000Z,63.332,63.182
2015-07-14T16:00:50.000000Z,63.326,63.176
2015-07-14T16:01:10.000000Z,63.326,63.176
2015-07-14T16:01:20.000000Z,63.33,63.18
2015-07-14T16:01:30.000000Z,63.326,63.176
2015-07-14T16:01:50.000000Z,63.331,63.181
2015-07-14T16:02:10.000000Z,63.327,63.177
2015-07-14T16:02:20.000000Z,63.329,63.179
2015-07-14T16:02:30.000000Z,63.327,63.177
2015-07-14T16:02:40.000000Z,63.33,63.18
2015-07-14T16:02:50.000000Z,63.327,63.177
2015-07-14T16:03:00.000000Z,63.329,63.179
2015-07-14T16:03:10.000000Z,63.327,63.177
2015-07-14T16:03:20.000000Z,63.329,63.179
2015-07-14T16:04:20.000000Z,63.327,63.177
2015-07-14T16:04:30.000000Z,63.329,63.179
2015-07-14T16:05:30.000000Z,63.325,63.175
2015-07-14T16:05:50.000000Z,63.322,63.172
2015-07-14T16:07:20.000000Z,63.325,63.175
2015-07-14T16:07:30.000000Z,63.322,63.172
2015-07-14T16:08:30.000000Z,63.325,63.175
2015-07-14T16:10:30.000000Z,63.322,63.172
2015-07-14T16:13:20.000000Z,63.328,63.178
2015-07-14T16:13:40.000000Z,63.331,63.181
2015-07-14T16:14:30.000000Z,63.335,63.185
2015-07-14T16:14:50.000000Z,63.332,63.182
2015-07-14T16:15:00.000000Z,63.335,63.185
2015-07-14T16:16:20.000000Z,63.338,63.188
2015-07-14T16:16:30.000000Z,63.341,63.191
2015-07-14T16:17:00.000000Z,63.339,63.189
2015-07-14T16:17:10.000000Z,63.338,63.188
2015-07-14T16:18:20.000000Z,63.341,63.191
2015-07-14T16:19:40.000000Z,63.339,63.189
2015-07-14T16:23:00.000000Z,63.338,63.188
2015-07-14T16:23:10.000000Z,63.336,63.186
2015-07-14T16:23:20.000000Z,63.338,63.188
2015-07-14T16:27:10.000000Z,63.336,63.186
2015-07-14T16:32:50.000000Z,63.338,63.188
2015-07-14T16:34:00.000000Z,63.342,63.192
2015-07-14T16:34:10.000000Z,63.339,63.189
2015-07-14T16:39:40.000000Z,63.341,63.191
2015-07-14T16:39:50.000000Z,63.339,63.189
2015-07-14T16:41:00.000000Z,63.341,63.191
2015-07-14T16:41:10.000000Z,63.339,63.189
2015-07-14T16:41:20.000000Z,63.339,63.189
2015-07-14T16:41:40.000000Z,63.342,63.192
2015-07-14T16:41:50.000000Z,63.345,63.195
2015-07-14T16:46:30.000000Z,63.342,63.192
2015-07-14T16:46:50.000000Z,63.335,63.185
2015-07-14T16:47:00.000000Z,63.335,63.185
2015-07-14T16:47:10.000000Z,63.336,63.186
2015-07-14T16:47:20.000000Z,63.341,63.191
2015-07-14T16:48:20.000000Z,63.345,63.195
2015-07-14T16:53:10.000000Z,63.341,63.191
2015-07-14T17:03:40.000000Z,63.344,63.194
2015-07-14T17:10:00.000000Z,63.341,63.191
2015-07-14T17:10:50.000000Z,63.339,63.189
2015-07-14T17:11:10.000000Z,63.341,63.191
2015-07-14T17:11:20.000000Z,63.339,63.189
2015-07-14T17:11:40.000000Z,63.341,63.191
2015-07-14T17:12:50.000000Z,63.344,63.194
2015-07-14T17:16:10.000000Z,63.347,63.197
2015-07-14T17:16:50.000000Z,63.345,63.195
2015-07-14T17:17:00.000000Z,63.347,63.197
2015-07-14T17:18:10.000000Z,63.353,63.203
2015-07-14T17:18:20.000000Z,63.351,63.201
2015-07-14T17:19:10.000000Z,63.349,63.199
2015-07-14T17:23:40.000000Z,63.346,63.196
2015-07-14T17:23:50.000000Z,63.349,63.199
2015-07-14T17:25:00.000000Z,63.352,63.202
2015-07-14T17:25:50.000000Z,63.349,63.199
2015-07-14T17:27:00.000000Z,63.346,63.196
2015-07-14T17:27:30.000000Z,63.342,63.192
2015-07-14T17:27:50.000000Z,63.342,63.192
2015-07-14T17:28:00.000000Z,63.338,63.188
2015-07-14T17:28:20.000000Z,63.344,63.194
2015-07-14T17:28:30.000000Z,63.339,63.189
2015-07-14T17:29:00.000000Z,63.341,63.191
2015-07-14T17:29:10.000000Z,63.344,63.194
2015-07-14T17:29:50.000000Z,63.347,63.197
2015-07-14T17:30:40.000000Z,63.348,63.198
2015-07-14T17:31:20.000000Z,63.347,63.197
2015-07-14T17:31:40.000000Z,63.345,63.195
2015-07-14T17:32:20.000000Z,63.345,63.195
2015-07-14T17:32:30.000000Z,63.342,63.192
2015-07-14T17:32:40.000000Z,63.344,63.194
2015-07-14T17:36:10.000000Z,63.344,63.194
2015-07-14T17:36:40.000000Z,63.348,63.198
2015-07-14T17:37:50.000000Z,63.35,63.2
2015-07-14T17:38:30.000000Z,63.348,63.198
2015-07-14T17:38:50.000000Z,63.351,63.201
2015-07-14T17:39:40.000000Z,63.348,63.198
2015-07-14T17:43:10.000000Z,63.347,63.197
2015-07-14T17:43:20.000000Z,63.342,63.192
2015-07-14T17:44:00.000000Z,63.344,63.194
2015-07-14T17:44:40.000000Z,63.341,63.191
2015-07-14T17:46:40.000000Z,63.339,63.189
2015-07-14T17:48:20.000000Z,63.336,63.186
2015-07-14T17:48:30.000000Z,63.335,63.185
2015-07-14T17:49:10.000000Z,63.335,63.185
2015-07-14T17:49:30.000000Z,63.337,63.187
2015-07-14T17:49:40.000000Z,63.334,63.184
2015-07-14T17:52:50.000000Z,63.332,63.182
2015-07-14T17:53:00.000000Z,63.33,63.18
2015-07-14T17:54:50.000000Z,63.327,63.177
2015-07-14T17:55:00.000000Z,63.328,63.178
2015-07-14T17:55:20.000000Z,63.332,63.182
2015-07-14T17:57:30.000000Z,63.33,63.18
2015-07-14T17:59:40.000000Z,63.332,63.182
2015-07-14T18:00:10.000000Z,63.33,63.18
2015-07-14T18:01:10.000000Z,63.332,63.182
2015-07-14T18:01:20.000000Z,63.33,63.18
2015-07-14T18:08:50.000000Z,63.332,63.182
2015-07-14T18:16:10.000000Z,63.33,63.18
2015-07-14T18:22:40.000000Z,63.332,63.182
2015-07-14T18:33:40.000000Z,63.326,63.176
2015-07-14T18:33:50.000000Z,63.327,63.177
2015-07-14T18:34:30.000000Z,63.323,63.173
2015-07-14T18:34:50.000000Z,63.329,63.179
2015-07-14T18:35:00.000000Z,63.327,63.177
2015-07-14T18:37:10.000000Z,63.324,63.174
2015-07-14T18:37:20.000000Z,63.326,63.176
2015-07-14T18:43:50.000000Z,63.329,63.179
2015-07-14T18:45:50.000000Z,63.332,63.182
2015-07-14T18:53:00.000000Z,63.33,63.18
2015-07-14T18:53:10.000000Z,63.332,63.182
2015-07-14T18:55:00.000000Z,63.382,63.132
2015-07-14T19:02:00.000000Z,63.379,63.129
2015-07-14T19:25:40.000000Z,63.376,63.126
2015-07-14T19:38:30.000000Z,63.383,63.133
2015-07-14T19:38:40.000000Z,63.386,63.136
2015-07-14T19:38:50.000000Z,63.389,63.139
2015-07-14T19:54:00.000000Z,63.392,63.142
2015-07-14T21:03:10.000000Z,63.382,63.132
2015-07-14T23:30:00.000000Z,63.379,63.129
2015-07-14T23:56:20.000000Z,63.382,63.132
2015-07-15T00:01:40.000000Z,63.384,63.134
2015-07-15T00:02:00.000000Z,63.386,63.136
2015-07-15T00:05:30.000000Z,63.389,63.139
2015-07-15T00:30:00.000000Z,63.393,63.143
2015-07-15T00:30:20.000000Z,63.399,63.149
2015-07-15T00:48:50.000000Z,63.401,63.151
2015-07-15T01:15:00.000000Z,63.398,63.148
2015-07-15T01:15:20.000000Z,63.401,63.151
2015-07-15T01:16:10.000000Z,63.398,63.148
2015-07-15T01:17:00.000000Z,63.401,63.151
2015-07-15T01:18:10.000000Z,63.398,63.148
2015-07-15T01:18:30.000000Z,63.401,63.151
2015-07-15T01:20:00.000000Z,63.398,63.148
2015-07-15T01:22:40.000000Z,63.401,63.151
2015-07-15T01:36:00.000000Z,63.399,63.149
2015-07-15T01:37:20.000000Z,63.393,63.143
2015-07-15T02:03:50.000000Z,63.39,63.14
2015-07-15T02:09:50.000000Z,63.388,63.138
2015-07-15T02:24:30.000000Z,63.385,63.135
2015-07-15T02:32:00.000000Z,63.382,63.132
2015-07-15T02:35:40.000000Z,63.385,63.135
2015-07-15T02:37:50.000000Z,63.376,63.126
2015-07-15T02:57:30.000000Z,63.373,63.123
2015-07-15T03:02:10.000000Z,63.376,63.126
2015-07-15T03:03:00.000000Z,63.38,63.13
2015-07-15T03:09:50.000000Z,63.385,63.135
2015-07-15T03:11:10.000000Z,63.387,63.137
2015-07-15T03:12:50.000000Z,63.394,63.144
2015-07-15T03:13:30.000000Z,63.398,63.148
2015-07-15T03:13:40.000000Z,63.394,63.144
2015-07-15T03:13:50.000000Z,63.394,63.144
2015-07-15T03:14:00.000000Z,63.401,63.151
2015-07-15T03:14:10.000000Z,63.399,63.149
2015-07-15T03:14:20.000000Z,63.394,63.144
2015-07-15T03:19:10.000000Z,63.397,63.147
2015-07-15T03:19:40.000000Z,63.392,63.142
2015-07-15T03:21:20.000000Z,63.395,63.145
2015-07-15T03:21:30.000000Z,63.402,63.152
2015-07-15T03:25:20.000000Z,63.391,63.141
2015-07-15T03:27:10.000000Z,63.386,63.136
2015-07-15T03:30:00.000000Z,63.382,63.132
2015-07-15T03:30:10.000000Z,63.381,63.131
2015-07-15T03:30:20.000000Z,63.383,63.133
2015-07-15T03:30:30.000000Z,63.312,63.207
2015-07-15T03:30:40.000000Z,63.308,63.203
2015-07-15T03:30:50.000000Z,63.308,63.203
2015-07-15T03:31:00.000000Z,63.305,63.2
2015-07-15T03:31:10.000000Z,63.305,63.2
2015-07-15T03:31:30.000000Z,63.307,63.202
2015-07-15T03:31:40.000000Z,63.305,63.2
2015-07-15T03:31:50.000000Z,63.308,63.203
2015-07-15T03:32:00.000000Z,63.31,63.205
2015-07-15T03:32:10.000000Z,63.308,63.203
2015-07-15T03:32:30.000000Z,63.31,63.205
2015-07-15T03:32:40.000000Z,63.308,63.203
2015-07-15T03:33:20.000000Z,63.308,63.203
2015-07-15T03:33:30.000000Z,63.312,63.207
2015-07-15T03:33:40.000000Z,63.315,63.21
2015-07-15T03:33:50.000000Z,63.316,63.211
2015-07-15T03:35:00.000000Z,63.321,63.216
2015-07-15T03:35:10.000000Z,63.322,63.217
2015-07-15T03:35:20.000000Z,63.318,63.213
2015-07-15T03:35:30.000000Z,63.316,63.211
2015-07-15T03:35:50.000000Z,63.318,63.213
2015-07-15T03:36:00.000000Z,63.319,63.214
2015-07-15T03:36:10.000000Z,63.319,63.214
2015-07-15T03:36:40.000000Z,63.321,63.216
2015-07-15T03:38:50.000000Z,63.322,63.217
2015-07-15T03:39:00.000000Z,63.327,63.222
2015-07-15T03:39:30.000000Z,63.322,63.217
2015-07-15T03:39:50.000000Z,63.324,63.219
2015-07-15T03:40:00.000000Z,63.325,63.22
2015-07-15T03:40:20.000000Z,63.323,63.218
2015-07-15T03:40:30.000000Z,63.328,63.223
2015-07-15T03:40:40.000000Z,63.328,63.223
2015-07-15T03:40:50.000000Z,63.325,63.22
2015-07-15T03:41:00.000000Z,63.326,63.221
2015-07-15T03:42:40.000000Z,63.329,63.224
2015-07-15T03:43:40.000000Z,63.331,63.226
2015-07-15T03:44:20.000000Z,63.336,63.231
2015-07-15T03:44:30.000000Z,63.34,63.235
2015-07-15T03:44:40.000000Z,63.338,63.233
2015-07-15T03:45:00.000000Z,63.34,63.235
2015-07-15T03:45:10.000000Z,63.342,63.237
2015-07-15T03:45:30.000000Z,63.342,63.237
2015-07-15T03:46:00.000000Z,63.342,63.237
2015-07-15T03:46:10.000000Z,63.34,63.235
2015-07-15T03:46:20.000000Z,63.338,63.233
2015-07-15T03:46:30.000000Z,63.34,63.235
2015-07-15T03:46:40.000000Z,63.342,63.237
2015-07-15T03:47:20.000000Z,63.346,63.241
2015-07-15T03:48:00.000000Z,63.348,63.243
2015-07-15T03:48:20.000000Z,63.341,63.236
2015-07-15T03:48:40.000000Z,63.341,63.236
2015-07-15T03:49:00.000000Z,63.343,63.238
2015-07-15T03:49:30.000000Z,63.341,63.236
2015-07-15T03:49:40.000000Z,63.343,63.238
2015-07-15T03:50:00.000000Z,63.341,63.236
2015-07-15T03:50:10.000000Z,63.343,63.238
2015-07-15T03:50:40.000000Z,63.341,63.236
2015-07-15T03:52:00.000000Z,63.338,63.233
2015-07-15T03:52:10.000000Z,63.335,63.23
2015-07-15T03:52:20.000000Z,63.332,63.227
2015-07-15T03:52:50.000000Z,63.334,63.229
2015-07-15T03:53:00.000000Z,63.333,63.228
2015-07-15T03:53:20.000000Z,63.331,63.226
2015-07-15T03:53:30.000000Z,63.329,63.224
2015-07-15T03:54:00.000000Z,63.331,63.226
2015-07-15T03:55:20.000000Z,63.329,63.224
2015-07-15T03:55:40.000000Z,63.326,63.221
2015-07-15T03:56:00.000000Z,63.328,63.223
2015-07-15T03:56:20.000000Z,63.33,63.225
2015-07-15T03:59:10.000000Z,63.328,63.223
2015-07-15T03:59:20.000000Z,63.325,63.22
2015-07-15T03:59:30.000000Z,63.323,63.218
2015-07-15T03:59:40.000000Z,63.325,63.22
2015-07-15T03:59:50.000000Z,63.328,63.223
2015-07-15T04:00:20.000000Z,63.33,63.225
2015-07-15T04:01:00.000000Z,63.328,63.223
2015-07-15T04:02:20.000000Z,63.33,63.225
2015-07-15T04:02:50.000000Z,63.328,63.223
2015-07-15T04:03:20.000000Z,63.33,63.225
2015-07-15T04:04:40.000000Z,63.328,63.223
2015-07-15T04:04:50.000000Z,63.33,63.225
2015-07-15T04:08:20.000000Z,63.328,63.223
2015-07-15T04:08:30.000000Z,63.33,63.225
2015-07-15T04:08:40.000000Z,63.326,63.221
2015-07-15T04:10:10.000000Z,63.328,63.223
2015-07-15T04:10:20.000000Z,63.328,63.223
2015-07-15T04:13:10.000000Z,63.328,63.223
2015-07-15T04:13:20.000000Z,63.33,63.225
2015-07-15T04:13:30.000000Z,63.328,63.223
2015-07-15T04:14:00.000000Z,63.33,63.225
2015-07-15T04:14:20.000000Z,63.33,63.225
2015-07-15T04:14:30.000000Z,63.328,63.223
2015-07-15T04:14:40.000000Z,63.328,63.223
2015-07-15T04:14:50.000000Z,63.33,63.225
2015-07-15T04:17:30.000000Z,63.334,63.229
2015-07-15T04:17:50.000000Z,63.332,63.227
2015-07-15T04:18:00.000000Z,63.334,63.229
2015-07-15T04:19:00.000000Z,63.334,63.229
2015-07-15T04:21:40.000000Z,63.336,63.231
2015-07-15T04:28:10.000000Z,63.334,63.229
2015-07-15T04:29:00.000000Z,63.336,63.231
2015-07-15T04:30:00.000000Z,63.334,63.229
2015-07-15T04:30:10.000000Z,63.331,63.226
2015-07-15T04:30:20.000000Z,63.333,63.228
2015-07-15T04:31:20.000000Z,63.335,63.23
2015-07-15T04:31:50.000000Z,63.337,63.232
2015-07-15T04:32:00.000000Z,63.342,63.237
2015-07-15T04:32:20.000000Z,63.34,63.235
2015-07-15T04:32:30.000000Z,63.343,63.238
2015-07-15T04:32:40.000000Z,63.345,63.24
2015-07-15T04:33:00.000000Z,63.343,63.238
2015-07-15T04:33:10.000000Z,63.341,63.236
2015-07-15T04:33:40.000000Z,63.343,63.238
2015-07-15T04:33:50.000000Z,63.341,63.236
2015-07-15T04:34:10.000000Z,63.344,63.239
2015-07-15T04:34:20.000000Z,63.341,63.236
2015-07-15T04:35:10.000000Z,63.343,63.238
2015-07-15T04:36:30.000000Z,63.341,63.236
2015-07-15T04:37:50.000000Z,63.341,63.236
2015-07-15T04:39:00.000000Z,63.332,63.227
2015-07-15T04:39:20.000000Z,63.331,63.226
2015-07-15T04:39:30.000000Z,63.329,63.224
2015-07-15T04:39:50.000000Z,63.336,63.231
2015-07-15T04:40:00.000000Z,63.334,63.229
2015-07-15T04:40:10.000000Z,63.337,63.232
2015-07-15T04:40:20.000000Z,63.334,63.229
2015-07-15T04:40:30.000000Z,63.329,63.224
2015-07-15T04:40:40.000000Z,63.331,63.226
2015-07-15T04:42:10.000000Z,63.331,63.226
2015-07-15T04:42:30.000000Z,63.329,63.224
2015-07-15T04:42:40.000000Z,63.326,63.221
2015-07-15T04:42:50.000000Z,63.328,63.223
2015-07-15T04:43:10.000000Z,63.326,63.221
2015-07-15T04:43:20.000000Z,63.325,63.22
2015-07-15T04:43:40.000000Z,63.322,63.217
2015-07-15T04:43:50.000000Z,63.324,63.219
2015-07-15T04:44:00.000000Z,63.322,63.217
2015-07-15T04:44:10.000000Z,63.324,63.219
2015-07-15T04:44:40.000000Z,63.327,63.222
2015-07-15T04:44:50.000000Z,63.325,63.22
2015-07-15T04:45:20.000000Z,63.327,63.222
2015-07-15T04:45:30.000000Z,63.322,63.217
2015-07-15T04:45:50.000000Z,63.325,63.22
2015-07-15T04:46:00.000000Z,63.327,63.222
2015-07-15T04:46:30.000000Z,63.333,63.228
2015-07-15T04:46:40.000000Z,63.334,63.229
2015-07-15T04:46:50.000000Z,63.329,63.224
2015-07-15T04:51:20.000000Z,63.331,63.226
2015-07-15T04:51:30.000000Z,63.331,63.226
2015-07-15T04:51:40.000000Z,63.336,63.231
2015-07-15T04:52:10.000000Z,63.339,63.234
2015-07-15T04:52:30.000000Z,63.342,63.237
2015-07-15T04:52:50.000000Z,63.34,63.235
2015-07-15T04:53:00.000000Z,63.342,63.237
2015-07-15T04:55:00.000000Z,63.34,63.235
2015-07-15T04:55:30.000000Z,63.345,63.24
2015-07-15T04:55:40.000000Z,63.342,63.237
2015-07-15T04:56:10.000000Z,63.34,63.235
2015-07-15T04:59:10.000000Z,63.342,63.237
2015-07-15T05:00:30.000000Z,63.339,63.234
2015-07-15T05:01:10.000000Z,63.342,63.237
2015-07-15T05:01:20.000000Z,63.34,63.235
2015-07-15T05:01:30.000000Z,63.338,63.233
2015-07-15T05:01:50.000000Z,63.335,63.23
2015-07-15T05:02:50.000000Z,63.338,63.233
2015-07-15T05:03:10.000000Z,63.335,63.23
2015-07-15T05:03:20.000000Z,63.335,63.23
2015-07-15T05:03:40.000000Z,63.337,63.232
2015-07-15T05:04:50.000000Z,63.335,63.23
2015-07-15T05:05:30.000000Z,63.34,63.235
2015-07-15T05:05:40.000000Z,63.338,63.233
2015-07-15T05:08:40.000000Z,63.335,63.23
2015-07-15T05:09:00.000000Z,63.337,63.232
2015-07-15T05:09:20.000000Z,63.339,63.234
2015-07-15T05:10:00.000000Z,63.337,63.232
2015-07-15T05:10:10.000000Z,63.335,63.23
2015-07-15T05:10:30.000000Z,63.331,63.226
2015-07-15T05:11:00.000000Z,63.329,63.224
2015-07-15T05:11:40.000000Z,63.331,63.226
2015-07-15T05:11:50.000000Z,63.333,63.228
2015-07-15T05:14:20.000000Z,63.329,63.224
2015-07-15T05:14:40.000000Z,63.332,63.227
2015-07-15T05:15:10.000000Z,63.329,63.224
2015-07-15T05:16:30.000000Z,63.326,63.221
2015-07-15T05:17:30.000000Z,63.327,63.222
2015-07-15T05:18:00.000000Z,63.325,63.22
2015-07-15T05:18:20.000000Z,63.327,63.222
2015-07-15T05:18:50.000000Z,63.333,63.228
2015-07-15T05:19:00.000000Z,63.331,63.226
2015-07-15T05:19:10.000000Z,63.329,63.224
2015-07-15T05:19:20.000000Z,63.332,63.227
2015-07-15T05:19:30.000000Z,63.335,63.23
2015-07-15T05:19:40.000000Z,63.332,63.227
2015-07-15T05:22:00.000000Z,63.334,63.229
2015-07-15T05:23:00.000000Z,63.332,63.227
2015-07-15T05:23:30.000000Z,63.334,63.229
2015-07-15T05:23:50.000000Z,63.332,63.227
2015-07-15T05:24:10.000000Z,63.334,63.229
2015-07-15T05:25:10.000000Z,63.332,63.227
2015-07-15T05:25:20.000000Z,63.334,63.229
2015-07-15T05:26:00.000000Z,63.332,63.227
2015-07-15T05:26:10.000000Z,63.334,63.229
2015-07-15T05:27:30.000000Z,63.332,63.227
2015-07-15T05:34:10.000000Z,63.334,63.229
2015-07-15T05:34:40.000000Z,63.336,63.231
2015-07-15T05:34:50.000000Z,63.334,63.229
2015-07-15T05:35:00.000000Z,63.332,63.227
2015-07-15T05:35:30.000000Z,63.329,63.224
2015-07-15T05:36:10.000000Z,63.326,63.221
2015-07-15T05:36:20.000000Z,63.323,63.218
2015-07-15T05:36:30.000000Z,63.32,63.215
2015-07-15T05:38:50.000000Z,63.316,63.211
2015-07-15T05:39:10.000000Z,63.32,63.215
2015-07-15T05:41:00.000000Z,63.318,63.213
2015-07-15T05:41:20.000000Z,63.318,63.213
2015-07-15T05:42:00.000000Z,63.318,63.213
2015-07-15T05:42:10.000000Z,63.321,63.216
2015-07-15T05:43:10.000000Z,63.318,63.213
2015-07-15T05:43:20.000000Z,63.321,63.216
2015-07-15T05:43:30.000000Z,63.319,63.214
2015-07-15T05:43:40.000000Z,63.317,63.212
2015-07-15T05:43:50.000000Z,63.321,63.216
2015-07-15T05:44:00.000000Z,63.319,63.214
2015-07-15T05:44:10.000000Z,63.317,63.212
2015-07-15T05:44:20.000000Z,63.32,63.215
2015-07-15T05:44:30.000000Z,63.322,63.217
2015-07-15T05:44:40.000000Z,63.324,63.219
2015-07-15T05:45:50.000000Z,63.327,63.222
2015-07-15T05:48:40.000000Z,63.33,63.225
2015-07-15T05:48:50.000000Z,63.328,63.223
2015-07-15T05:49:00.000000Z,63.326,63.221
2015-07-15T05:52:50.000000Z,63.32,63.215
2015-07-15T05:53:00.000000Z,63.317,63.212
2015-07-15T05:53:40.000000Z,63.314,63.209
2015-07-15T05:59:10.000000Z,63.311,63.206
2015-07-15T06:00:00.000000Z,63.313,63.208
2015-07-15T06:00:30.000000Z,63.315,63.21
2015-07-15T06:01:40.000000Z,63.313,63.208
2015-07-15T06:03:10.000000Z,63.315,63.21
2015-07-15T06:03:50.000000Z,63.313,63.208
2015-07-15T06:04:00.000000Z,63.313,63.208
2015-07-15T06:04:20.000000Z,63.315,63.21
2015-07-15T06:06:40.000000Z,63.319,63.214
2015-07-15T06:08:00.000000Z,63.321,63.216
2015-07-15T06:08:10.000000Z,63.319,63.214
2015-07-15T06:09:30.000000Z,63.327,63.222
2015-07-15T06:09:50.000000Z,63.325,63.22
2015-07-15T06:10:00.000000Z,63.323,63.218
2015-07-15T06:10:30.000000Z,63.32,63.215
2015-07-15T06:12:30.000000Z,63.322,63.217
2015-07-15T06:12:40.000000Z,63.322,63.217
2015-07-15T06:12:50.000000Z,63.32,63.215
2015-07-15T06:13:10.000000Z,63.324,63.219
2015-07-15T06:13:20.000000Z,63.322,63.217
2015-07-15T06:14:10.000000Z,63.32,63.215
2015-07-15T06:14:30.000000Z,63.323,63.218
2015-07-15T06:15:30.000000Z,63.32,63.215
2015-07-15T06:15:50.000000Z,63.317,63.212
2015-07-15T06:16:30.000000Z,63.319,63.214
2015-07-15T06:16:40.000000Z,63.324,63.219
2015-07-15T06:16:50.000000Z,63.322,63.217
2015-07-15T06:17:00.000000Z,63.324,63.219
2015-07-15T06:17:10.000000Z,63.322,63.217
2015-07-15T06:17:30.000000Z,63.324,63.219
2015-07-15T06:17:40.000000Z,63.322,63.217
2015-07-15T06:18:00.000000Z,63.324,63.219
2015-07-15T06:20:40.000000Z,63.322,63.217
2015-07-15T06:20:50.000000Z,63.324,63.219
2015-07-15T06:21:00.000000Z,63.322,63.217
2015-07-15T06:21:20.000000Z,63.32,63.215
2015-07-15T06:21:40.000000Z,63.317,63.212
2015-07-15T06:22:10.000000Z,63.319,63.214
2015-07-15T06:22:50.000000Z,63.317,63.212
2015-07-15T06:24:10.000000Z,63.319,63.214
2015-07-15T06:24:20.000000Z,63.317,63.212
2015-07-15T06:24:30.000000Z,63.317,63.212
2015-07-15T06:24:40.000000Z,63.317,63.212
2015-07-15T06:25:10.000000Z,63.314,63.209
2015-07-15T06:26:40.000000Z,63.312,63.207
2015-07-15T06:27:20.000000Z,63.306,63.201
2015-07-15T06:27:50.000000Z,63.302,63.197
2015-07-15T06:28:00.000000Z,63.304,63.199
2015-07-15T06:28:10.000000Z,63.306,63.201
2015-07-15T06:28:50.000000Z,63.309,63.204
2015-07-15T06:29:30.000000Z,63.312,63.207
2015-07-15T06:29:50.000000Z,63.312,63.207
2015-07-15T06:30:10.000000Z,63.315,63.21
2015-07-15T06:30:30.000000Z,63.315,63.21
2015-07-15T06:32:00.000000Z,63.313,63.208
2015-07-15T06:32:40.000000Z,63.315,63.21
2015-07-15T06:34:50.000000Z,63.313,63.208
2015-07-15T06:35:10.000000Z,63.315,63.21
2015-07-15T06:35:30.000000Z,63.313,63.208
2015-07-15T06:36:20.000000Z,63.311,63.206
2015-07-15T06:37:00.000000Z,63.313,63.208
2015-07-15T06:37:40.000000Z,63.315,63.21
2015-07-15T06:37:50.000000Z,63.313,63.208
2015-07-15T06:38:50.000000Z,63.315,63.21
2015-07-15T06:40:00.000000Z,63.313,63.208
2015-07-15T06:40:10.000000Z,63.313,63.208
2015-07-15T06:42:10.000000Z,63.315,63.21
2015-07-15T06:42:30.000000Z,63.318,63.213
2015-07-15T06:43:00.000000Z,63.314,63.209
2015-07-15T06:43:10.000000Z,63.316,63.211
2015-07-15T06:44:00.000000Z,63.314,63.209
2015-07-15T06:44:20.000000Z,63.313,63.208
2015-07-15T06:45:00.000000Z,63.311,63.206
2015-07-15T06:45:40.000000Z,63.31,63.205
2015-07-15T06:46:50.000000Z,63.31,63.205
2015-07-15T06:47:00.000000Z,63.312,63.207
2015-07-15T06:47:10.000000Z,63.316,63.211
2015-07-15T06:47:30.000000Z,63.314,63.209
2015-07-15T06:48:30.000000Z,63.316,63.211
2015-07-15T06:48:40.000000Z,63.318,63.213
2015-07-15T06:48:50.000000Z,63.321,63.216
2015-07-15T06:49:10.000000Z,63.324,63.219
2015-07-15T06:49:20.000000Z,63.322,63.217
2015-07-15T06:49:30.000000Z,63.324,63.219
2015-07-15T06:49:40.000000Z,63.322,63.217
2015-07-15T06:50:10.000000Z,63.324,63.219
2015-07-15T06:50:40.000000Z,63.327,63.222
2015-07-15T06:52:20.000000Z,63.325,63.22
2015-07-15T06:52:50.000000Z,63.327,63.222
2015-07-15T06:54:00.000000Z,63.325,63.22
2015-07-15T06:56:50.000000Z,63.323,63.218
2015-07-15T06:57:20.000000Z,63.319,63.214
2015-07-15T06:57:30.000000Z,63.321,63.216
2015-07-15T06:57:40.000000Z,63.325,63.22
2015-07-15T06:58:10.000000Z,63.327,63.222
2015-07-15T07:01:40.000000Z,63.325,63.22
2015-07-15T07:02:40.000000Z,63.33,63.225
2015-07-15T07:04:00.000000Z,63.333,63.228
2015-07-15T07:04:20.000000Z,63.331,63.226
2015-07-15T07:05:20.000000Z,63.329,63.224
2015-07-15T07:05:40.000000Z,63.331,63.226
2015-07-15T07:07:10.000000Z,63.329,63.224
2015-07-15T07:07:20.000000Z,63.325,63.22
2015-07-15T07:07:30.000000Z,63.33,63.225
2015-07-15T07:08:40.000000Z,63.333,63.228
2015-07-15T07:08:50.000000Z,63.339,63.234
2015-07-15T07:09:00.000000Z,63.339,63.234
2015-07-15T07:09:20.000000Z,63.337,63.232
2015-07-15T07:10:00.000000Z,63.335,63.23
2015-07-15T07:11:00.000000Z,63.337,63.232
2015-07-15T07:11:20.000000Z,63.335,63.23
2015-07-15T07:11:50.000000Z,63.335,63.23
2015-07-15T07:14:00.000000Z,63.339,63.234
2015-07-15T07:14:10.000000Z,63.337,63.232
2015-07-15T07:16:20.000000Z,63.337,63.232
2015-07-15T07:16:50.000000Z,63.335,63.23
2015-07-15T07:17:40.000000Z,63.332,63.227
2015-07-15T07:17:50.000000Z,63.332,63.227
2015-07-15T07:18:00.000000Z,63.326,63.221
2015-07-15T07:18:10.000000Z,63.328,63.223
2015-07-15T07:18:30.000000Z,63.324,63.219
2015-07-15T07:21:00.000000Z,63.327,63.222
2015-07-15T07:21:30.000000Z,63.327,63.222
2015-07-15T07:21:50.000000Z,63.325,63.22
2015-07-15T07:23:00.000000Z,63.323,63.218
2015-07-15T07:23:10.000000Z,63.325,63.22
2015-07-15T07:23:20.000000Z,63.323,63.218
2015-07-15T07:25:00.000000Z,63.32,63.215
2015-07-15T07:25:40.000000Z,63.32,63.215
2015-07-15T07:26:00.000000Z,63.322,63.217
2015-07-15T07:26:20.000000Z,63.32,63.215
2015-07-15T07:26:50.000000Z,63.323,63.218
2015-07-15T07:27:40.000000Z,63.325,63.22
2015-07-15T07:27:50.000000Z,63.323,63.218
2015-07-15T07:29:20.000000Z,63.326,63.221
2015-07-15T07:29:30.000000Z,63.326,63.221
2015-07-15T07:29:40.000000Z,63.323,63.218
2015-07-15T07:29:50.000000Z,63.325,63.22
2015-07-15T07:30:00.000000Z,63.327,63.222
2015-07-15T07:30:20.000000Z,63.326,63.221
2015-07-15T07:30:30.000000Z,63.322,63.217
2015-07-15T07:31:10.000000Z,63.32,63.215
2015-07-15T07:32:30.000000Z,63.322,63.217
2015-07-15T07:34:30.000000Z,63.32,63.215
2015-07-15T07:35:30.000000Z,63.317,63.212
2015-07-15T07:35:40.000000Z,63.314,63.209
2015-07-15T07:36:10.000000Z,63.316,63.211
2015-07-15T07:36:20.000000Z,63.314,63.209
2015-07-15T07:36:40.000000Z,63.316,63.211
2015-07-15T07:37:00.000000Z,63.316,63.211
2015-07-15T07:37:20.000000Z,63.318,63.213
2015-07-15T07:39:00.000000Z,63.316,63.211
2015-07-15T07:39:20.000000Z,63.316,63.211
2015-07-15T07:39:40.000000Z,63.316,63.211
2015-07-15T07:40:00.000000Z,63.318,63.213
2015-07-15T07:40:30.000000Z,63.316,63.211
2015-07-15T07:44:00.000000Z,63.318,63.213
2015-07-15T07:44:20.000000Z,63.316,63.211
2015-07-15T07:44:30.000000Z,63.318,63.213
2015-07-15T07:44:40.000000Z,63.318,63.213
2015-07-15T07:45:00.000000Z,63.316,63.211
2015-07-15T07:45:30.000000Z,63.314,63.209
2015-07-15T07:45:40.000000Z,63.316,63.211
2015-07-15T07:46:00.000000Z,63.314,63.209
2015-07-15T07:46:10.000000Z,63.314,63.209
2015-07-15T07:47:20.000000Z,63.316,63.211
2015-07-15T07:47:30.000000Z,63.314,63.209
2015-07-15T07:47:40.000000Z,63.317,63.212
2015-07-15T07:47:50.000000Z,63.314,63.209
2015-07-15T07:48:20.000000Z,63.316,63.211
2015-07-15T07:48:30.000000Z,63.314,63.209
2015-07-15T07:49:50.000000Z,63.316,63.211
2015-07-15T07:50:10.000000Z,63.316,63.211
2015-07-15T07:50:20.000000Z,63.316,63.211
2015-07-15T07:50:40.000000Z,63.314,63.209
2015-07-15T07:51:10.000000Z,63.314,63.209
2015-07-15T07:51:20.000000Z,63.316,63.211
2015-07-15T07:51:30.000000Z,63.314,63.209
2015-07-15T07:51:40.000000Z,63.316,63.211
2015-07-15T07:52:20.000000Z,63.314,63.209
2015-07-15T07:53:00.000000Z,63.318,63.213
2015-07-15T07:53:20.000000Z,63.314,63.209
2015-07-15T07:53:40.000000Z,63.316,63.211
2015-07-15T07:53:50.000000Z,63.316,63.211
2015-07-15T07:55:10.000000Z,63.318,63.213
2015-07-15T07:55:30.000000Z,63.316,63.211
2015-07-15T07:55:40.000000Z,63.311,63.206
2015-07-15T07:56:50.000000Z,63.308,63.203
2015-07-15T08:00:00.000000Z,63.31,63.205
2015-07-15T08:00:10.000000Z,63.308,63.203
2015-07-15T08:00:50.000000Z,63.313,63.208
2015-07-15T08:01:00.000000Z,63.311,63.206
2015-07-15T08:01:10.000000Z,63.308,63.203
2015-07-15T08:01:50.000000Z,63.31,63.205
2015-07-15T08:02:20.000000Z,63.312,63.207
2015-07-15T08:03:00.000000Z,63.315,63.21
2015-07-15T08:04:50.000000Z,63.318,63.213
2015-07-15T08:06:00.000000Z,63.318,63.213
2015-07-15T08:06:10.000000Z,63.316,63.211
2015-07-15T08:06:20.000000Z,63.314,63.209
2015-07-15T08:07:50.000000Z,63.316,63.211
2015-07-15T08:08:00.000000Z,63.316,63.211
2015-07-15T08:08:10.000000Z,63.318,63.213
2015-07-15T08:08:40.000000Z,63.316,63.211
2015-07-15T08:08:50.000000Z,63.321,63.216
2015-07-15T08:09:00.000000Z,63.319,63.214
2015-07-15T08:09:40.000000Z,63.324,63.219
2015-07-15T08:10:10.000000Z,63.327,63.222
2015-07-15T08:10:30.000000Z,63.33,63.225
2015-07-15T08:10:40.000000Z,63.333,63.228
2015-07-15T08:11:20.000000Z,63.333,63.228
2015-07-15T08:12:20.000000Z,63.331,63.226
2015-07-15T08:12:30.000000Z,63.333,63.228
2015-07-15T08:12:40.000000Z,63.331,63.226
2015-07-15T08:13:20.000000Z,63.333,63.228
2015-07-15T08:14:10.000000Z,63.334,63.229
2015-07-15T08:14:30.000000Z,63.339,63.234
2015-07-15T08:14:50.000000Z,63.337,63.232
2015-07-15T08:15:00.000000Z,63.335,63.23
2015-07-15T08:15:10.000000Z,63.338,63.233
2015-07-15T08:15:30.000000Z,63.335,63.23
2015-07-15T08:18:30.000000Z,63.332,63.227
2015-07-15T08:18:40.000000Z,63.334,63.229
2015-07-15T08:18:50.000000Z,63.338,63.233
2015-07-15T08:20:00.000000Z,63.337,63.232
2015-07-15T08:20:10.000000Z,63.339,63.234
2015-07-15T08:21:30.000000Z,63.342,63.237
2015-07-15T08:22:00.000000Z,63.34,63.235
2015-07-15T08:22:20.000000Z,63.338,63.233
2015-07-15T08:22:30.000000Z,63.335,63.23
2015-07-15T08:22:50.000000Z,63.337,63.232
2015-07-15T08:23:00.000000Z,63.335,63.23
2015-07-15T08:23:20.000000Z,63.334,63.229
2015-07-15T08:23:30.000000Z,63.34,63.235
2015-07-15T08:23:40.000000Z,63.338,63.233
2015-07-15T08:24:00.000000Z,63.341,63.236
2015-07-15T08:24:50.000000Z,63.338,63.233
2015-07-15T08:25:00.000000Z,63.34,63.235
2015-07-15T08:25:20.000000Z,63.338,63.233
2015-07-15T08:26:50.000000Z,63.342,63.237
2015-07-15T08:27:40.000000Z,63.349,63.244
2015-07-15T08:28:20.000000Z,63.351,63.246
2015-07-15T08:28:30.000000Z,63.354,63.249
2015-07-15T08:29:10.000000Z,63.358,63.253
2015-07-15T08:29:20.000000Z,63.36,63.255
2015-07-15T08:29:30.000000Z,63.358,63.253
2015-07-15T08:29:40.000000Z,63.357,63.252
2015-07-15T08:30:00.000000Z,63.361,63.256
2015-07-15T08:30:10.000000Z,63.354,63.249
2015-07-15T08:30:20.000000Z,63.357,63.252
2015-07-15T08:30:40.000000Z,63.354,63.249
2015-07-15T08:32:20.000000Z,63.352,63.247
2015-07-15T08:32:30.000000Z,63.348,63.243
2015-07-15T08:33:00.000000Z,63.353,63.248
2015-07-15T08:33:20.000000Z,63.35,63.245
2015-07-15T08:34:20.000000Z,63.347,63.242
2015-07-15T08:35:00.000000Z,63.344,63.239
2015-07-15T08:35:10.000000Z,63.347,63.242
2015-07-15T08:37:00.000000Z,63.35,63.245
2015-07-15T08:38:00.000000Z,63.347,63.242
2015-07-15T08:40:00.000000Z,63.344,63.239
2015-07-15T08:40:20.000000Z,63.347,63.242
2015-07-15T08:41:00.000000Z,63.341,63.236
2015-07-15T08:41:10.000000Z,63.343,63.238
2015-07-15T08:41:50.000000Z,63.345,63.24
2015-07-15T08:42:00.000000Z,63.343,63.238
2015-07-15T08:44:00.000000Z,63.342,63.237
2015-07-15T08:44:30.000000Z,63.339,63.234
2015-07-15T08:45:10.000000Z,63.337,63.232
2015-07-15T08:45:40.000000Z,63.335,63.23
2015-07-15T08:46:00.000000Z,63.337,63.232
2015-07-15T08:47:00.000000Z,63.335,63.23
2015-07-15T08:47:10.000000Z,63.337,63.232
2015-07-15T08:49:00.000000Z,63.339,63.234
2015-07-15T08:50:10.000000Z,63.337,63.232
2015-07-15T08:51:40.000000Z,63.334,63.229
2015-07-15T08:52:10.000000Z,63.336,63.231
2015-07-15T08:52:20.000000Z,63.334,63.229
2015-07-15T08:52:30.000000Z,63.336,63.231
2015-07-15T08:53:40.000000Z,63.334,63.229
2015-07-15T08:54:20.000000Z,63.334,63.229
2015-07-15T08:54:30.000000Z,63.334,63.229
2015-07-15T08:54:50.000000Z,63.336,63.231
2015-07-15T08:55:00.000000Z,63.336,63.231
2015-07-15T08:55:20.000000Z,63.334,63.229
2015-07-15T08:55:30.000000Z,63.336,63.231
2015-07-15T08:57:30.000000Z,63.333,63.228
2015-07-15T08:58:20.000000Z,63.336,63.231
2015-07-15T08:59:30.000000Z,63.336,63.231
2015-07-15T08:59:50.000000Z,63.333,63.228
2015-07-15T09:00:20.000000Z,63.336,63.231
2015-07-15T09:04:50.000000Z,63.334,63.229
2015-07-15T09:05:10.000000Z,63.332,63.227
2015-07-15T09:05:20.000000Z,63.329,63.224
2015-07-15T09:06:30.000000Z,63.326,63.221
2015-07-15T09:06:50.000000Z,63.325,63.22
2015-07-15T09:07:00.000000Z,63.323,63.218
2015-07-15T09:07:10.000000Z,63.325,63.22
2015-07-15T09:07:20.000000Z,63.326,63.221
2015-07-15T09:07:30.000000Z,63.323,63.218
2015-07-15T09:07:40.000000Z,63.325,63.22
2015-07-15T09:08:10.000000Z,63.323,63.218
2015-07-15T09:08:30.000000Z,63.325,63.22
2015-07-15T09:11:00.000000Z,63.323,63.218
2015-07-15T09:13:30.000000Z,63.325,63.22
2015-07-15T09:13:50.000000Z,63.325,63.22
2015-07-15T09:14:00.000000Z,63.327,63.222
2015-07-15T09:14:10.000000Z,63.325,63.22
2015-07-15T09:14:20.000000Z,63.327,63.222
2015-07-15T09:14:30.000000Z,63.325,63.22
2015-07-15T09:14:40.000000Z,63.327,63.222
2015-07-15T09:15:40.000000Z,63.325,63.22
2015-07-15T09:15:50.000000Z,63.323,63.218
2015-07-15T09:16:00.000000Z,63.325,63.22
2015-07-15T09:16:20.000000Z,63.323,63.218
2015-07-15T09:16:50.000000Z,63.32,63.215
2015-07-15T09:17:00.000000Z,63.317,63.212
2015-07-15T09:17:20.000000Z,63.319,63.214
2015-07-15T09:19:10.000000Z,63.321,63.216
2015-07-15T09:19:30.000000Z,63.319,63.214
2015-07-15T09:20:00.000000Z,63.321,63.216
2015-07-15T09:20:10.000000Z,63.32,63.215
2015-07-15T09:20:20.000000Z,63.32,63.215
2015-07-15T09:20:30.000000Z,63.322,63.217
2015-07-15T09:20:40.000000Z,63.32,63.215
2015-07-15T09:21:10.000000Z,63.322,63.217
2015-07-15T09:21:30.000000Z,63.324,63.219
2015-07-15T09:24:10.000000Z,63.327,63.222
2015-07-15T09:25:10.000000Z,63.33,63.225
2015-07-15T09:25:20.000000Z,63.328,63.223
2015-07-15T09:26:00.000000Z,63.326,63.221
2015-07-15T09:28:30.000000Z,63.323,63.218
2015-07-15T09:29:30.000000Z,63.32,63.215
2015-07-15T09:30:10.000000Z,63.322,63.217
2015-07-15T09:30:50.000000Z,63.327,63.222
2015-07-15T09:32:10.000000Z,63.33,63.225
2015-07-15T09:33:10.000000Z,63.327,63.222
2015-07-15T09:33:20.000000Z,63.325,63.22
2015-07-15T09:33:40.000000Z,63.323,63.218
2015-07-15T09:34:10.000000Z,63.32,63.215
2015-07-15T09:34:20.000000Z,63.322,63.217
2015-07-15T09:37:50.000000Z,63.322,63.217
2015-07-15T09:38:10.000000Z,63.325,63.22
2015-07-15T09:39:00.000000Z,63.323,63.218
2015-07-15T09:45:50.000000Z,63.323,63.218
2015-07-15T09:46:50.000000Z,63.329,63.224
2015-07-15T09:47:40.000000Z,63.331,63.226
2015-07-15T09:47:50.000000Z,63.329,63.224
2015-07-15T09:48:10.000000Z,63.33,63.225
2015-07-15T09:48:20.000000Z,63.328,63.223
2015-07-15T09:48:30.000000Z,63.33,63.225
2015-07-15T09:48:40.000000Z,63.333,63.228
2015-07-15T09:48:50.000000Z,63.329,63.224
2015-07-15T09:49:20.000000Z,63.323,63.218
2015-07-15T09:49:40.000000Z,63.32,63.215
2015-07-15T09:49:50.000000Z,63.32,63.215
2015-07-15T09:50:40.000000Z,63.317,63.212
2015-07-15T09:51:40.000000Z,63.314,63.209
2015-07-15T09:51:50.000000Z,63.316,63.211
2015-07-15T09:52:00.000000Z,63.314,63.209
2015-07-15T09:52:20.000000Z,63.316,63.211
2015-07-15T09:52:40.000000Z,63.316,63.211
2015-07-15T09:52:50.000000Z,63.318,63.213
2015-07-15T09:53:30.000000Z,63.316,63.211
2015-07-15T09:53:40.000000Z,63.318,63.213
2015-07-15T09:54:00.000000Z,63.318,63.213
2015-07-15T09:54:30.000000Z,63.316,63.211
2015-07-15T09:56:00.000000Z,63.318,63.213
2015-07-15T09:59:00.000000Z,63.319,63.214
2015-07-15T09:59:30.000000Z,63.321,63.216
2015-07-15T10:00:00.000000Z,63.318,63.213
2015-07-15T10:02:10.000000Z,63.321,63.216
2015-07-15T10:02:50.000000Z,63.321,63.216
2015-07-15T10:03:00.000000Z,63.319,63.214
2015-07-15T10:03:50.000000Z,63.322,63.217
2015-07-15T10:04:00.000000Z,63.324,63.219
2015-07-15T10:05:20.000000Z,63.33,63.225
2015-07-15T10:05:40.000000Z,63.328,63.223
2015-07-15T10:05:50.000000Z,63.333,63.228
2015-07-15T10:06:10.000000Z,63.331,63.226
2015-07-15T10:06:40.000000Z,63.328,63.223
2015-07-15T10:07:00.000000Z,63.326,63.221
2015-07-15T10:07:20.000000Z,63.33,63.225
2015-07-15T10:14:00.000000Z,63.334,63.229
2015-07-15T10:14:10.000000Z,63.339,63.234
2015-07-15T10:19:10.000000Z,63.337,63.232
2015-07-15T10:19:30.000000Z,63.339,63.234
2015-07-15T10:24:20.000000Z,63.337,63.232
2015-07-15T10:24:30.000000Z,63.334,63.229
2015-07-15T10:24:40.000000Z,63.332,63.227
2015-07-15T10:26:20.000000Z,63.318,63.213
2015-07-15T10:26:40.000000Z,63.316,63.211
2015-07-15T10:26:50.000000Z,63.323,63.218
2015-07-15T10:27:00.000000Z,63.318,63.213
2015-07-15T10:27:10.000000Z,63.333,63.228
2015-07-15T10:27:20.000000Z,63.331,63.226
2015-07-15T10:27:30.000000Z,63.329,63.224
2015-07-15T10:27:40.000000Z,63.331,63.226
2015-07-15T10:27:50.000000Z,63.331,63.226
2015-07-15T10:28:00.000000Z,63.333,63.228
2015-07-15T10:28:30.000000Z,63.337,63.232
2015-07-15T10:28:40.000000Z,63.337,63.232
2015-07-15T10:28:50.000000Z,63.33,63.225
2015-07-15T10:29:00.000000Z,63.331,63.226
2015-07-15T10:29:10.000000Z,63.328,63.223
2015-07-15T10:29:20.000000Z,63.335,63.23
2015-07-15T10:29:40.000000Z,63.338,63.233
2015-07-15T10:29:50.000000Z,63.33,63.225
2015-07-15T10:30:00.000000Z,63.336,63.231
2015-07-15T10:30:30.000000Z,63.329,63.224
2015-07-15T10:30:50.000000Z,63.334,63.229
2015-07-15T10:31:00.000000Z,63.338,63.233
2015-07-15T10:32:40.000000Z,63.34,63.235
2015-07-15T10:34:10.000000Z,63.338,63.233
2015-07-15T10:34:40.000000Z,63.339,63.234
2015-07-15T10:35:20.000000Z,63.337,63.232
2015-07-15T10:35:30.000000Z,63.339,63.234
2015-07-15T10:36:00.000000Z,63.337,63.232
2015-07-15T10:36:10.000000Z,63.339,63.234
2015-07-15T10:36:30.000000Z,63.348,63.243
2015-07-15T10:36:40.000000Z,63.345,63.24
2015-07-15T10:36:50.000000Z,63.343,63.238
2015-07-15T10:37:00.000000Z,63.345,63.24
2015-07-15T10:37:10.000000Z,63.348,63.243
2015-07-15T10:37:20.000000Z,63.351,63.246
2015-07-15T10:37:40.000000Z,63.349,63.244
2015-07-15T10:39:00.000000Z,63.354,63.249
2015-07-15T10:44:20.000000Z,63.349,63.244
2015-07-15T10:44:40.000000Z,63.35,63.245
2015-07-15T10:46:10.000000Z,63.347,63.242
2015-07-15T10:48:10.000000Z,63.351,63.246
2015-07-15T10:48:20.000000Z,63.351,63.246
2015-07-15T10:49:10.000000Z,63.347,63.242
2015-07-15T10:49:20.000000Z,63.355,63.25
2015-07-15T10:50:20.000000Z,63.357,63.252
2015-07-15T10:50:40.000000Z,63.36,63.255
2015-07-15T10:51:10.000000Z,63.366,63.261
2015-07-15T10:51:20.000000Z,63.369,63.264
2015-07-15T10:51:30.000000Z,63.373,63.268
2015-07-15T10:52:10.000000Z,63.375,63.27
2015-07-15T10:52:20.000000Z,63.375,63.27
2015-07-15T10:52:30.000000Z,63.373,63.268
2015-07-15T10:52:40.000000Z,63.372,63.267
2015-07-15T10:52:50.000000Z,63.37,63.265
2015-07-15T10:53:00.000000Z,63.377,63.272
2015-07-15T10:53:10.000000Z,63.371,63.266
2015-07-15T10:53:20.000000Z,63.378,63.273
2015-07-15T10:53:30.000000Z,63.376,63.271
2015-07-15T10:53:50.000000Z,63.378,63.273
2015-07-15T10:54:20.000000Z,63.369,63.264
2015-07-15T10:54:30.000000Z,63.37,63.265
2015-07-15T10:54:40.000000Z,63.38,63.275
2015-07-15T10:54:50.000000Z,63.374,63.269
2015-07-15T10:55:10.000000Z,63.383,63.278
2015-07-15T10:55:20.000000Z,63.381,63.276
2015-07-15T10:55:40.000000Z,63.378,63.273
2015-07-15T10:55:50.000000Z,63.376,63.271
2015-07-15T10:56:00.000000Z,63.373,63.268
2015-07-15T10:56:10.000000Z,63.378,63.273
2015-07-15T10:56:20.000000Z,63.374,63.269
2015-07-15T10:56:30.000000Z,63.378,63.273
2015-07-15T10:56:40.000000Z,63.379,63.274
2015-07-15T10:56:50.000000Z,63.384,63.279
2015-07-15T10:57:00.000000Z,63.379,63.274
2015-07-15T10:57:10.000000Z,63.384,63.279
2015-07-15T10:57:20.000000Z,63.38,63.275
2015-07-15T10:57:30.000000Z,63.382,63.277
2015-07-15T10:57:40.000000Z,63.383,63.278
2015-07-15T10:57:50.000000Z,63.383,63.278
2015-07-15T10:58:00.000000Z,63.392,63.287
2015-07-15T10:58:20.000000Z,63.39,63.285
2015-07-15T10:59:00.000000Z,63.395,63.29
2015-07-15T10:59:10.000000Z,63.391,63.286
2015-07-15T10:59:20.000000Z,63.393,63.288
2015-07-15T10:59:50.000000Z,63.39,63.285
2015-07-15T11:00:00.000000Z,63.393,63.288
2015-07-15T11:00:10.000000Z,63.39,63.285
2015-07-15T11:00:40.000000Z,63.39,63.285
2015-07-15T11:01:50.000000Z,63.392,63.287
2015-07-15T11:02:00.000000Z,63.39,63.285
2015-07-15T11:02:30.000000Z,63.392,63.287
2015-07-15T11:02:40.000000Z,63.388,63.283
2015-07-15T11:04:00.000000Z,63.39,63.285
2015-07-15T11:05:20.000000Z,63.387,63.282
2015-07-15T11:05:30.000000Z,63.389,63.284
2015-07-15T11:06:20.000000Z,63.387,63.282
2015-07-15T11:06:30.000000Z,63.389,63.284
2015-07-15T11:08:00.000000Z,63.392,63.287
2015-07-15T11:08:10.000000Z,63.39,63.285
2015-07-15T11:08:30.000000Z,63.387,63.282
2015-07-15T11:10:40.000000Z,63.385,63.28
2015-07-15T11:12:40.000000Z,63.382,63.277
2015-07-15T11:13:20.000000Z,63.384,63.279
2015-07-15T11:17:40.000000Z,63.382,63.277
2015-07-15T11:18:20.000000Z,63.384,63.279
2015-07-15T11:18:50.000000Z,63.389,63.284
2015-07-15T11:19:00.000000Z,63.395,63.29
2015-07-15T11:19:10.000000Z,63.395,63.29
2015-07-15T11:19:30.000000Z,63.398,63.293
2015-07-15T11:20:10.000000Z,63.39,63.285
2015-07-15T11:20:20.000000Z,63.397,63.292
2015-07-15T11:20:30.000000Z,63.401,63.296
2015-07-15T11:20:40.000000Z,63.4,63.295
2015-07-15T11:20:50.000000Z,63.393,63.288
2015-07-15T11:21:10.000000Z,63.4,63.295
2015-07-15T11:21:20.000000Z,63.398,63.293
2015-07-15T11:21:30.000000Z,63.392,63.287
2015-07-15T11:21:40.000000Z,63.399,63.294
2015-07-15T11:21:50.000000Z,63.401,63.296
2015-07-15T11:22:40.000000Z,63.391,63.286
2015-07-15T11:22:50.000000Z,63.388,63.283
2015-07-15T11:23:10.000000Z,63.395,63.29
2015-07-15T11:23:30.000000Z,63.391,63.286
2015-07-15T11:23:40.000000Z,63.397,63.292
2015-07-15T11:23:50.000000Z,63.39,63.285
2015-07-15T11:24:00.000000Z,63.386,63.281
2015-07-15T11:24:10.000000Z,63.391,63.286
2015-07-15T11:24:20.000000Z,63.39,63.285
2015-07-15T11:24:40.000000Z,63.392,63.287
2015-07-15T11:25:10.000000Z,63.392,63.287
2015-07-15T11:25:20.000000Z,63.394,63.289
2015-07-15T11:25:40.000000Z,63.391,63.286
2015-07-15T11:27:50.000000Z,63.393,63.288
2015-07-15T11:28:00.000000Z,63.391,63.286
2015-07-15T11:29:50.000000Z,63.388,63.283
2015-07-15T11:30:00.000000Z,63.392,63.287
2015-07-15T11:30:20.000000Z,63.39,63.285
2015-07-15T11:31:00.000000Z,63.392,63.287
2015-07-15T11:32:00.000000Z,63.395,63.29
2015-07-15T11:33:20.000000Z,63.393,63.288
2015-07-15T11:34:10.000000Z,63.395,63.29
2015-07-15T11:34:30.000000Z,63.398,63.293
2015-07-15T11:38:00.000000Z,63.401,63.296
2015-07-15T11:38:10.000000Z,63.401,63.296
2015-07-15T11:38:50.000000Z,63.399,63.294
2015-07-15T11:39:20.000000Z,63.401,63.296
2015-07-15T11:39:30.000000Z,63.407,63.302
2015-07-15T11:39:40.000000Z,63.41,63.305
2015-07-15T11:41:10.000000Z,63.406,63.301
2015-07-15T11:42:50.000000Z,63.405,63.3
2015-07-15T11:44:30.000000Z,63.407,63.302
2015-07-15T11:45:30.000000Z,63.411,63.306
2015-07-15T11:45:40.000000Z,63.416,63.311
2015-07-15T11:46:10.000000Z,63.419,63.314
2015-07-15T11:46:20.000000Z,63.423,63.318
2015-07-15T11:46:30.000000Z,63.425,63.32
2015-07-15T11:47:40.000000Z,63.422,63.317
2015-07-15T11:48:20.000000Z,63.425,63.32
2015-07-15T11:49:50.000000Z,63.429,63.324
2015-07-15T11:52:20.000000Z,63.426,63.321
2015-07-15T11:52:50.000000Z,63.424,63.319
2015-07-15T11:53:00.000000Z,63.426,63.321
2015-07-15T11:55:20.000000Z,63.424,63.319
2015-07-15T11:56:20.000000Z,63.426,63.321
2015-07-15T11:56:30.000000Z,63.424,63.319
2015-07-15T11:58:40.000000Z,63.426,63.321
2015-07-15T12:01:30.000000Z,63.424,63.319
2015-07-15T12:02:50.000000Z,63.426,63.321
2015-07-15T12:03:40.000000Z,63.422,63.317
2015-07-15T12:03:50.000000Z,63.419,63.314
2015-07-15T12:04:00.000000Z,63.417,63.312
2015-07-15T12:04:10.000000Z,63.415,63.31
2015-07-15T12:05:30.000000Z,63.412,63.307
2015-07-15T12:05:40.000000Z,63.414,63.309
2015-07-15T12:07:20.000000Z,63.416,63.311
2015-07-15T12:07:40.000000Z,63.42,63.315
2015-07-15T12:07:50.000000Z,63.422,63.317
2015-07-15T12:09:30.000000Z,63.417,63.312
2015-07-15T12:09:40.000000Z,63.419,63.314
2015-07-15T12:11:00.000000Z,63.422,63.317
2015-07-15T12:12:20.000000Z,63.415,63.31
2015-07-15T12:13:00.000000Z,63.418,63.313
2015-07-15T12:14:10.000000Z,63.409,63.304
2015-07-15T12:17:40.000000Z,63.417,63.312
2015-07-15T12:17:50.000000Z,63.417,63.312
2015-07-15T12:19:20.000000Z,63.419,63.314
2015-07-15T12:20:50.000000Z,63.417,63.312
2015-07-15T12:21:10.000000Z,63.415,63.31
2015-07-15T12:23:10.000000Z,63.419,63.314
2015-07-15T12:24:40.000000Z,63.415,63.31
2015-07-15T12:25:10.000000Z,63.412,63.307
2015-07-15T12:26:20.000000Z,63.414,63.309
2015-07-15T12:27:00.000000Z,63.412,63.307
2015-07-15T12:27:20.000000Z,63.411,63.306
2015-07-15T12:27:40.000000Z,63.412,63.307
2015-07-15T12:28:00.000000Z,63.411,63.306
2015-07-15T12:28:40.000000Z,63.406,63.301
2015-07-15T12:29:40.000000Z,63.405,63.3
2015-07-15T12:29:50.000000Z,63.403,63.298
2015-07-15T12:30:10.000000Z,63.41,63.305
2015-07-15T12:30:20.000000Z,63.411,63.306
2015-07-15T12:30:30.000000Z,63.411,63.306
2015-07-15T12:30:40.000000Z,63.413,63.308
2015-07-15T12:31:00.000000Z,63.419,63.314
2015-07-15T12:31:30.000000Z,63.418,63.313
2015-07-15T12:31:40.000000Z,63.42,63.315
2015-07-15T12:31:50.000000Z,63.422,63.317
2015-07-15T12:32:00.000000Z,63.428,63.323
2015-07-15T12:32:10.000000Z,63.425,63.32
2015-07-15T12:32:20.000000Z,63.427,63.322
2015-07-15T12:32:30.000000Z,63.43,63.325
2015-07-15T12:32:40.000000Z,63.43,63.325
2015-07-15T12:33:00.000000Z,63.434,63.329
2015-07-15T12:33:10.000000Z,63.433,63.328
2015-07-15T12:33:20.000000Z,63.427,63.322
2015-07-15T12:33:30.000000Z,63.43,63.325
2015-07-15T12:33:40.000000Z,63.426,63.321
2015-07-15T12:33:50.000000Z,63.426,63.321
2015-07-15T12:34:00.000000Z,63.426,63.321
2015-07-15T12:34:20.000000Z,63.425,63.32
2015-07-15T12:34:30.000000Z,63.43,63.325
2015-07-15T12:34:40.000000Z,63.435,63.33
2015-07-15T12:34:50.000000Z,63.435,63.33
2015-07-15T12:35:00.000000Z,63.437,63.332
2015-07-15T12:35:10.000000Z,63.44,63.335
2015-07-15T12:35:50.000000Z,63.437,63.332
2015-07-15T12:36:20.000000Z,63.435,63.33
2015-07-15T12:36:40.000000Z,63.441,63.336
2015-07-15T12:37:30.000000Z,63.439,63.334
2015-07-15T12:38:00.000000Z,63.431,63.326
2015-07-15T12:38:10.000000Z,63.429,63.324
2015-07-15T12:38:20.000000Z,63.429,63.324
2015-07-15T12:38:30.000000Z,63.431,63.326
2015-07-15T12:38:40.000000Z,63.434,63.329
2015-07-15T12:38:50.000000Z,63.426,63.321
2015-07-15T12:39:00.000000Z,63.421,63.316
2015-07-15T12:39:10.000000Z,63.423,63.318
2015-07-15T12:39:20.000000Z,63.423,63.318
2015-07-15T12:39:40.000000Z,63.421,63.316
2015-07-15T12:40:00.000000Z,63.418,63.313
2015-07-15T12:40:10.000000Z,63.422,63.317
2015-07-15T12:40:30.000000Z,63.419,63.314
2015-07-15T12:40:40.000000Z,63.421,63.316
2015-07-15T12:40:50.000000Z,63.422,63.317
2015-07-15T12:41:00.000000Z,63.428,63.323
2015-07-15T12:41:10.000000Z,63.432,63.327
2015-07-15T12:41:30.000000Z,63.43,63.325
2015-07-15T12:41:40.000000Z,63.432,63.327
2015-07-15T12:41:50.000000Z,63.43,63.325
2015-07-15T12:42:00.000000Z,63.434,63.329
2015-07-15T12:42:30.000000Z,63.435,63.33
2015-07-15T12:42:40.000000Z,63.432,63.327
2015-07-15T12:43:10.000000Z,63.434,63.329
2015-07-15T12:44:10.000000Z,63.435,63.33
2015-07-15T12:44:20.000000Z,63.432,63.327
2015-07-15T12:44:30.000000Z,63.43,63.325
2015-07-15T12:44:50.000000Z,63.432,63.327
2015-07-15T12:45:00.000000Z,63.434,63.329
2015-07-15T12:45:20.000000Z,63.432,63.327
2015-07-15T12:45:40.000000Z,63.44,63.335
2015-07-15T12:45:50.000000Z,63.437,63.332
2015-07-15T12:46:30.000000Z,63.443,63.338
2015-07-15T12:46:40.000000Z,63.441,63.336
2015-07-15T12:46:50.000000Z,63.447,63.342
2015-07-15T12:47:00.000000Z,63.454,63.349
2015-07-15T12:47:40.000000Z,63.456,63.351
2015-07-15T12:48:40.000000Z,63.454,63.349
2015-07-15T12:49:40.000000Z,63.459,63.354
2015-07-15T12:49:50.000000Z,63.46,63.355
2015-07-15T12:50:10.000000Z,63.462,63.357
2015-07-15T12:50:20.000000Z,63.466,63.361
2015-07-15T12:50:40.000000Z,63.461,63.356
2015-07-15T12:51:10.000000Z,63.469,63.364
2015-07-15T12:51:30.000000Z,63.472,63.367
2015-07-15T12:53:30.000000Z,63.464,63.359
2015-07-15T12:53:40.000000Z,63.459,63.354
2015-07-15T12:53:50.000000Z,63.458,63.353
2015-07-15T12:54:00.000000Z,63.459,63.354
2015-07-15T12:54:10.000000Z,63.456,63.351
2015-07-15T12:54:20.000000Z,63.458,63.353
2015-07-15T12:56:00.000000Z,63.467,63.362
2015-07-15T12:57:10.000000Z,63.468,63.363
2015-07-15T12:57:30.000000Z,63.466,63.361
2015-07-15T12:57:50.000000Z,63.468,63.363
2015-07-15T12:58:40.000000Z,63.466,63.361
2015-07-15T12:59:00.000000Z,63.468,63.363
2015-07-15T12:59:10.000000Z,63.466,63.361
2015-07-15T12:59:20.000000Z,63.463,63.358
2015-07-15T12:59:30.000000Z,63.463,63.358
2015-07-15T12:59:40.000000Z,63.465,63.36
2015-07-15T12:59:50.000000Z,63.465,63.36
2015-07-15T13:00:00.000000Z,63.463,63.358
2015-07-15T13:00:20.000000Z,63.465,63.36
2015-07-15T13:01:00.000000Z,63.467,63.362
2015-07-15T13:01:30.000000Z,63.47,63.365
2015-07-15T13:01:40.000000Z,63.468,63.363
2015-07-15T13:02:30.000000Z,63.466,63.361
2015-07-15T13:02:40.000000Z,63.47,63.365
2015-07-15T13:03:50.000000Z,63.471,63.366
2015-07-15T13:04:10.000000Z,63.472,63.367
2015-07-15T13:04:20.000000Z,63.477,63.372
2015-07-15T13:04:50.000000Z,63.48,63.375
2015-07-15T13:05:40.000000Z,63.482,63.377
2015-07-15T13:06:10.000000Z,63.476,63.371
2015-07-15T13:06:20.000000Z,63.484,63.379
2015-07-15T13:06:30.000000Z,63.489,63.384
2015-07-15T13:06:50.000000Z,63.493,63.388
2015-07-15T13:07:00.000000Z,63.493,63.388
2015-07-15T13:07:10.000000Z,63.485,63.38
2015-07-15T13:07:20.000000Z,63.489,63.384
2015-07-15T13:07:40.000000Z,63.479,63.374
2015-07-15T13:07:50.000000Z,63.485,63.38
2015-07-15T13:08:00.000000Z,63.488,63.383
2015-07-15T13:08:10.000000Z,63.491,63.386
2015-07-15T13:08:20.000000Z,63.489,63.384
2015-07-15T13:09:10.000000Z,63.491,63.386
2015-07-15T13:09:20.000000Z,63.489,63.384
2015-07-15T13:09:30.000000Z,63.491,63.386
2015-07-15T13:09:40.000000Z,63.489,63.384
2015-07-15T13:10:00.000000Z,63.491,63.386
2015-07-15T13:10:30.000000Z,63.503,63.398
2015-07-15T13:10:40.000000Z,63.506,63.401
2015-07-15T13:10:50.000000Z,63.509,63.404
2015-07-15T13:11:00.000000Z,63.506,63.401
2015-07-15T13:11:10.000000Z,63.492,63.387
2015-07-15T13:11:20.000000Z,63.494,63.389
2015-07-15T13:11:40.000000Z,63.495,63.39
2015-07-15T13:12:20.000000Z,63.504,63.399
2015-07-15T13:13:10.000000Z,63.505,63.4
2015-07-15T13:14:40.000000Z,63.504,63.399
2015-07-15T13:15:30.000000Z,63.506,63.401
2015-07-15T13:15:40.000000Z,63.504,63.399
2015-07-15T13:16:10.000000Z,63.506,63.401
2015-07-15T13:16:30.000000Z,63.509,63.404
2015-07-15T13:16:40.000000Z,63.512,63.407
2015-07-15T13:16:50.000000Z,63.51,63.405
2015-07-15T13:17:00.000000Z,63.514,63.409
2015-07-15T13:17:10.000000Z,63.517,63.412
2015-07-15T13:17:40.000000Z,63.52,63.415
2015-07-15T13:17:50.000000Z,63.525,63.42
2015-07-15T13:18:00.000000Z,63.527,63.422
2015-07-15T13:18:10.000000Z,63.525,63.42
2015-07-15T13:18:20.000000Z,63.528,63.423
2015-07-15T13:18:30.000000Z,63.525,63.42
2015-07-15T13:18:40.000000Z,63.529,63.424
2015-07-15T13:18:50.000000Z,63.527,63.422
2015-07-15T13:19:00.000000Z,63.522,63.417
2015-07-15T13:19:10.000000Z,63.526,63.421
2015-07-15T13:19:40.000000Z,63.529,63.424
2015-07-15T13:19:50.000000Z,63.538,63.433
2015-07-15T13:20:00.000000Z,63.541,63.436
2015-07-15T13:20:20.000000Z,63.538,63.433
2015-07-15T13:20:30.000000Z,63.539,63.434
2015-07-15T13:20:40.000000Z,63.547,63.442
2015-07-15T13:21:30.000000Z,63.545,63.44
2015-07-15T13:23:00.000000Z,63.547,63.442
2015-07-15T13:24:00.000000Z,63.547,63.442
2015-07-15T13:24:10.000000Z,63.545,63.44
2015-07-15T13:25:00.000000Z,63.547,63.442
2015-07-15T13:27:50.000000Z,63.541,63.436
2015-07-15T13:28:00.000000Z,63.538,63.433
2015-07-15T13:28:30.000000Z,63.537,63.432
2015-07-15T13:28:40.000000Z,63.542,63.437
2015-07-15T13:28:50.000000Z,63.54,63.435
2015-07-15T13:29:00.000000Z,63.539,63.434
2015-07-15T13:29:10.000000Z,63.525,63.42
2015-07-15T13:29:20.000000Z,63.522,63.417
2015-07-15T13:29:30.000000Z,63.535,63.43
2015-07-15T13:29:40.000000Z,63.542,63.437
2015-07-15T13:30:20.000000Z,63.544,63.439
2015-07-15T13:30:40.000000Z,63.542,63.437
2015-07-15T13:31:30.000000Z,63.544,63.439
2015-07-15T13:31:50.000000Z,63.541,63.436
2015-07-15T13:32:40.000000Z,63.528,63.423
2015-07-15T13:32:50.000000Z,63.526,63.421
2015-07-15T13:33:00.000000Z,63.529,63.424
2015-07-15T13:33:10.000000Z,63.527,63.422
2015-07-15T13:33:30.000000Z,63.529,63.424
2015-07-15T13:33:40.000000Z,63.529,63.424
2015-07-15T13:34:20.000000Z,63.529,63.424
2015-07-15T13:34:50.000000Z,63.532,63.427
2015-07-15T13:35:10.000000Z,63.533,63.428
2015-07-15T13:35:20.000000Z,63.531,63.426
2015-07-15T13:35:40.000000Z,63.533,63.428
2015-07-15T13:35:50.000000Z,63.534,63.429
2015-07-15T13:36:00.000000Z,63.534,63.429
2015-07-15T13:36:10.000000Z,63.531,63.426
2015-07-15T13:36:20.000000Z,63.525,63.42
2015-07-15T13:37:10.000000Z,63.522,63.417
2015-07-15T13:38:20.000000Z,63.524,63.419
2015-07-15T13:38:40.000000Z,63.524,63.419
2015-07-15T13:38:50.000000Z,63.526,63.421
2015-07-15T13:39:00.000000Z,63.523,63.418
2015-07-15T13:39:30.000000Z,63.526,63.421
2015-07-15T13:39:50.000000Z,63.525,63.42
2015-07-15T13:40:00.000000Z,63.522,63.417
2015-07-15T13:40:10.000000Z,63.521,63.416
2015-07-15T13:41:00.000000Z,63.517,63.412
2015-07-15T13:41:10.000000Z,63.536,63.431
2015-07-15T13:41:20.000000Z,63.532,63.427
2015-07-15T13:41:30.000000Z,63.544,63.439
2015-07-15T13:41:40.000000Z,63.542,63.437
2015-07-15T13:42:00.000000Z,63.544,63.439
2015-07-15T13:42:10.000000Z,63.539,63.434
2015-07-15T13:42:20.000000Z,63.537,63.432
2015-07-15T13:42:30.000000Z,63.539,63.434
2015-07-15T13:42:40.000000Z,63.531,63.426
2015-07-15T13:43:40.000000Z,63.528,63.423
2015-07-15T13:44:10.000000Z,63.524,63.419
2015-07-15T13:44:20.000000Z,63.527,63.422
2015-07-15T13:45:10.000000Z,63.529,63.424
2015-07-15T13:45:40.000000Z,63.526,63.421
2015-07-15T13:45:50.000000Z,63.524,63.419
2015-07-15T13:46:00.000000Z,63.527,63.422
2015-07-15T13:47:20.000000Z,63.527,63.422
2015-07-15T13:47:40.000000Z,63.525,63.42
2015-07-15T13:48:00.000000Z,63.527,63.422
2015-07-15T13:49:20.000000Z,63.532,63.427
2015-07-15T13:49:30.000000Z,63.535,63.43
2015-07-15T13:49:40.000000Z,63.538,63.433
2015-07-15T13:50:40.000000Z,63.541,63.436
2015-07-15T13:51:00.000000Z,63.541,63.436
2015-07-15T13:51:20.000000Z,63.539,63.434
2015-07-15T13:52:10.000000Z,63.54,63.435
2015-07-15T13:52:30.000000Z,63.544,63.439
2015-07-15T13:52:50.000000Z,63.566,63.436
2015-07-15T13:53:20.000000Z,63.563,63.433
2015-07-15T13:55:00.000000Z,63.556,63.426
2015-07-15T13:55:10.000000Z,63.559,63.429
2015-07-15T13:55:20.000000Z,63.556,63.426
2015-07-15T13:55:30.000000Z,63.56,63.43
2015-07-15T13:55:40.000000Z,63.557,63.427
2015-07-15T13:55:50.000000Z,63.555,63.425
2015-07-15T13:56:10.000000Z,63.557,63.427
2015-07-15T13:57:00.000000Z,63.56,63.43
2015-07-15T13:57:10.000000Z,63.557,63.427
2015-07-15T13:58:00.000000Z,63.56,63.43
2015-07-15T13:58:10.000000Z,63.556,63.426
2015-07-15T13:58:40.000000Z,63.559,63.429
2015-07-15T13:59:50.000000Z,63.557,63.427
2015-07-15T14:00:00.000000Z,63.552,63.422
2015-07-15T14:00:10.000000Z,63.546,63.416
2015-07-15T14:00:30.000000Z,63.543,63.413
2015-07-15T14:00:40.000000Z,63.542,63.412
2015-07-15T14:01:40.000000Z,63.54,63.41
2015-07-15T14:02:00.000000Z,63.537,63.407
2015-07-15T14:03:00.000000Z,63.543,63.413
2015-07-15T14:03:40.000000Z,63.542,63.412
2015-07-15T14:04:00.000000Z,63.54,63.41
2015-07-15T14:05:00.000000Z,63.537,63.407
2015-07-15T14:05:10.000000Z,63.524,63.394
2015-07-15T14:05:20.000000Z,63.532,63.402
2015-07-15T14:06:00.000000Z,63.531,63.401
2015-07-15T14:06:20.000000Z,63.529,63.399
2015-07-15T14:07:00.000000Z,63.531,63.401
2015-07-15T14:07:30.000000Z,63.529,63.399
2015-07-15T14:07:40.000000Z,63.525,63.395
2015-07-15T14:08:00.000000Z,63.523,63.393
2015-07-15T14:08:20.000000Z,63.526,63.396
2015-07-15T14:08:30.000000Z,63.524,63.394
2015-07-15T14:08:40.000000Z,63.527,63.397
2015-07-15T14:08:50.000000Z,63.522,63.392
2015-07-15T14:09:00.000000Z,63.522,63.392
2015-07-15T14:09:10.000000Z,63.52,63.39
2015-07-15T14:09:20.000000Z,63.523,63.393
2015-07-15T14:11:00.000000Z,63.526,63.396
2015-07-15T14:11:10.000000Z,63.528,63.398
2015-07-15T14:11:30.000000Z,63.526,63.396
2015-07-15T14:11:40.000000Z,63.528,63.398
2015-07-15T14:11:50.000000Z,63.526,63.396
2015-07-15T14:12:10.000000Z,63.523,63.393
2015-07-15T14:13:30.000000Z,63.525,63.395
2015-07-15T14:14:10.000000Z,63.525,63.395
2015-07-15T14:14:20.000000Z,63.525,63.395
2015-07-15T14:14:30.000000Z,63.523,63.393
2015-07-15T14:14:50.000000Z,63.523,63.393
2015-07-15T14:15:40.000000Z,63.525,63.395
2015-07-15T14:15:50.000000Z,63.525,63.395
2015-07-15T14:16:00.000000Z,63.522,63.392
2015-07-15T14:16:10.000000Z,63.52,63.39
2015-07-15T14:16:30.000000Z,63.525,63.395
2015-07-15T14:16:40.000000Z,63.523,63.393
2015-07-15T14:16:50.000000Z,63.52,63.39
2015-07-15T14:17:00.000000Z,63.522,63.392
2015-07-15T14:17:10.000000Z,63.524,63.394
2015-07-15T14:18:00.000000Z,63.53,63.4
2015-07-15T14:18:10.000000Z,63.536,63.406
2015-07-15T14:18:20.000000Z,63.543,63.413
2015-07-15T14:18:30.000000Z,63.545,63.415
2015-07-15T14:19:10.000000Z,63.543,63.413
2015-07-15T14:19:20.000000Z,63.545,63.415
2015-07-15T14:19:40.000000Z,63.543,63.413
2015-07-15T14:21:00.000000Z,63.543,63.413
2015-07-15T14:21:50.000000Z,63.545,63.415
2015-07-15T14:22:50.000000Z,63.541,63.411
2015-07-15T14:23:00.000000Z,63.544,63.414
2015-07-15T14:23:30.000000Z,63.541,63.411
2015-07-15T14:23:40.000000Z,63.536,63.406
2015-07-15T14:23:50.000000Z,63.534,63.404
2015-07-15T14:24:10.000000Z,63.536,63.406
2015-07-15T14:24:50.000000Z,63.537,63.407
2015-07-15T14:25:00.000000Z,63.534,63.404
2015-07-15T14:25:10.000000Z,63.538,63.408
2015-07-15T14:26:20.000000Z,63.542,63.412
2015-07-15T14:26:40.000000Z,63.545,63.415
2015-07-15T14:26:50.000000Z,63.543,63.413
2015-07-15T14:27:40.000000Z,63.54,63.41
2015-07-15T14:27:50.000000Z,63.54,63.41
2015-07-15T14:28:00.000000Z,63.539,63.409
2015-07-15T14:28:10.000000Z,63.536,63.406
2015-07-15T14:28:20.000000Z,63.539,63.409
2015-07-15T14:28:50.000000Z,63.537,63.407
2015-07-15T14:29:00.000000Z,63.534,63.404
2015-07-15T14:29:10.000000Z,63.529,63.399
2015-07-15T14:29:20.000000Z,63.519,63.389
2015-07-15T14:29:30.000000Z,63.53,63.4
2015-07-15T14:29:40.000000Z,63.533,63.403
2015-07-15T14:29:50.000000Z,63.529,63.399
2015-07-15T14:30:00.000000Z,63.534,63.404
2015-07-15T14:30:10.000000Z,63.532,63.402
2015-07-15T14:30:20.000000Z,63.534,63.404
2015-07-15T14:30:30.000000Z,63.529,63.399
2015-07-15T14:30:40.000000Z,63.532,63.402
2015-07-15T14:30:50.000000Z,63.529,63.399
2015-07-15T14:31:00.000000Z,63.531,63.401
2015-07-15T14:31:10.000000Z,63.525,63.395
2015-07-15T14:31:30.000000Z,63.527,63.397
2015-07-15T14:31:40.000000Z,63.525,63.395
2015-07-15T14:31:50.000000Z,63.526,63.396
2015-07-15T14:32:00.000000Z,63.527,63.397
2015-07-15T14:32:10.000000Z,63.524,63.394
2015-07-15T14:32:20.000000Z,63.524,63.394
2015-07-15T14:33:20.000000Z,63.525,63.395
2015-07-15T14:33:30.000000Z,63.525,63.395
2015-07-15T14:34:00.000000Z,63.529,63.399
2015-07-15T14:34:40.000000Z,63.526,63.396
2015-07-15T14:35:10.000000Z,63.523,63.393
2015-07-15T14:35:20.000000Z,63.52,63.39
2015-07-15T14:35:40.000000Z,63.516,63.386
2015-07-15T14:35:50.000000Z,63.514,63.384
2015-07-15T14:36:30.000000Z,63.511,63.381
2015-07-15T14:36:50.000000Z,63.513,63.383
2015-07-15T14:37:00.000000Z,63.51,63.38
2015-07-15T14:37:10.000000Z,63.508,63.378
2015-07-15T14:37:30.000000Z,63.511,63.381
2015-07-15T14:37:50.000000Z,63.505,63.375
2015-07-15T14:38:00.000000Z,63.5,63.37
2015-07-15T14:38:30.000000Z,63.498,63.368
2015-07-15T14:38:50.000000Z,63.5,63.37
2015-07-15T14:39:00.000000Z,63.487,63.357
2015-07-15T14:39:10.000000Z,63.484,63.354
2015-07-15T14:39:20.000000Z,63.486,63.356
2015-07-15T14:39:40.000000Z,63.479,63.349
2015-07-15T14:39:50.000000Z,63.466,63.336
2015-07-15T14:40:00.000000Z,63.462,63.332
2015-07-15T14:40:10.000000Z,63.466,63.336
2015-07-15T14:40:20.000000Z,63.476,63.346
2015-07-15T14:40:30.000000Z,63.466,63.336
2015-07-15T14:40:40.000000Z,63.463,63.333
2015-07-15T14:40:50.000000Z,63.468,63.338
2015-07-15T14:41:00.000000Z,63.484,63.354
2015-07-15T14:41:10.000000Z,63.466,63.336
2015-07-15T14:41:20.000000Z,63.48,63.35
2015-07-15T14:41:30.000000Z,63.474,63.344
2015-07-15T14:41:40.000000Z,63.476,63.346
2015-07-15T14:41:50.000000Z,63.475,63.345
2015-07-15T14:42:10.000000Z,63.479,63.349
2015-07-15T14:42:20.000000Z,63.472,63.342
2015-07-15T14:42:30.000000Z,63.467,63.337
2015-07-15T14:42:40.000000Z,63.479,63.349
2015-07-15T14:42:50.000000Z,63.47,63.34
2015-07-15T14:43:10.000000Z,63.473,63.343
2015-07-15T14:43:20.000000Z,63.471,63.341
2015-07-15T14:43:40.000000Z,63.469,63.339
2015-07-15T14:43:50.000000Z,63.471,63.341
2015-07-15T14:44:00.000000Z,63.473,63.343
2015-07-15T14:44:20.000000Z,63.473,63.343
2015-07-15T14:44:40.000000Z,63.47,63.34
2015-07-15T14:44:50.000000Z,63.466,63.336
2015-07-15T14:45:00.000000Z,63.474,63.344
2015-07-15T14:45:10.000000Z,63.474,63.344
2015-07-15T14:45:20.000000Z,63.472,63.342
2015-07-15T14:45:30.000000Z,63.466,63.336
2015-07-15T14:45:40.000000Z,63.463,63.333
2015-07-15T14:46:20.000000Z,63.462,63.332
2015-07-15T14:46:50.000000Z,63.465,63.335
2015-07-15T14:47:00.000000Z,63.468,63.338
2015-07-15T14:47:10.000000Z,63.488,63.358
2015-07-15T14:47:30.000000Z,63.491,63.361
2015-07-15T14:47:40.000000Z,63.489,63.359
2015-07-15T14:47:50.000000Z,63.491,63.361
2015-07-15T14:49:00.000000Z,63.495,63.365
2015-07-15T14:49:10.000000Z,63.492,63.362
2015-07-15T14:49:30.000000Z,63.492,63.362
2015-07-15T14:49:40.000000Z,63.493,63.363
2015-07-15T14:50:20.000000Z,63.49,63.36
2015-07-15T14:50:30.000000Z,63.492,63.362
2015-07-15T14:52:20.000000Z,63.49,63.36
2015-07-15T14:52:30.000000Z,63.493,63.363
2015-07-15T14:53:50.000000Z,63.49,63.36
2015-07-15T14:54:30.000000Z,63.49,63.36
2015-07-15T14:54:40.000000Z,63.492,63.362
2015-07-15T14:55:10.000000Z,63.489,63.359
2015-07-15T14:55:30.000000Z,63.491,63.361
2015-07-15T14:55:40.000000Z,63.489,63.359
2015-07-15T14:56:10.000000Z,63.491,63.361
2015-07-15T14:56:30.000000Z,63.495,63.365
2015-07-15T14:56:50.000000Z,63.505,63.375
2015-07-15T14:57:10.000000Z,63.509,63.379
2015-07-15T14:57:20.000000Z,63.512,63.382
2015-07-15T14:57:30.000000Z,63.516,63.386
2015-07-15T14:57:40.000000Z,63.51,63.38
2015-07-15T14:57:50.000000Z,63.513,63.383
2015-07-15T14:58:20.000000Z,63.515,63.385
2015-07-15T14:58:40.000000Z,63.513,63.383
2015-07-15T14:58:50.000000Z,63.518,63.388
2015-07-15T14:59:00.000000Z,63.516,63.386
2015-07-15T14:59:10.000000Z,63.514,63.384
2015-07-15T14:59:30.000000Z,63.511,63.381
2015-07-15T14:59:50.000000Z,63.508,63.378
2015-07-15T15:00:00.000000Z,63.504,63.374
2015-07-15T15:00:10.000000Z,63.509,63.379
2015-07-15T15:00:20.000000Z,63.513,63.383
2015-07-15T15:00:30.000000Z,63.51,63.38
2015-07-15T15:00:40.000000Z,63.508,63.378
2015-07-15T15:01:10.000000Z,63.513,63.383
2015-07-15T15:01:20.000000Z,63.511,63.381
2015-07-15T15:01:50.000000Z,63.513,63.383
2015-07-15T15:02:00.000000Z,63.518,63.388
2015-07-15T15:02:20.000000Z,63.507,63.377
2015-07-15T15:02:30.000000Z,63.509,63.379
2015-07-15T15:02:40.000000Z,63.508,63.378
2015-07-15T15:03:40.000000Z,63.513,63.383
2015-07-15T15:04:40.000000Z,63.508,63.378
2015-07-15T15:05:10.000000Z,63.508,63.378
2015-07-15T15:05:20.000000Z,63.51,63.38
2015-07-15T15:05:40.000000Z,63.507,63.377
2015-07-15T15:05:50.000000Z,63.502,63.372
2015-07-15T15:06:00.000000Z,63.501,63.371
2015-07-15T15:06:10.000000Z,63.504,63.374
2015-07-15T15:06:40.000000Z,63.502,63.372
2015-07-15T15:07:20.000000Z,63.499,63.369
2015-07-15T15:07:30.000000Z,63.503,63.373
2015-07-15T15:08:20.000000Z,63.503,63.373
2015-07-15T15:08:50.000000Z,63.501,63.371
2015-07-15T15:09:30.000000Z,63.503,63.373
2015-07-15T15:10:10.000000Z,63.501,63.371
2015-07-15T15:11:50.000000Z,63.499,63.369
2015-07-15T15:13:00.000000Z,63.496,63.366
2015-07-15T15:13:20.000000Z,63.493,63.363
2015-07-15T15:13:30.000000Z,63.495,63.365
2015-07-15T15:13:40.000000Z,63.493,63.363
2015-07-15T15:13:50.000000Z,63.497,63.367
2015-07-15T15:14:00.000000Z,63.496,63.366
2015-07-15T15:14:10.000000Z,63.494,63.364
2015-07-15T15:14:20.000000Z,63.497,63.367
2015-07-15T15:14:50.000000Z,63.495,63.365
2015-07-15T15:17:40.000000Z,63.498,63.368
2015-07-15T15:17:50.000000Z,63.501,63.371
2015-07-15T15:18:00.000000Z,63.499,63.369
2015-07-15T15:18:10.000000Z,63.501,63.371
2015-07-15T15:18:20.000000Z,63.499,63.369
2015-07-15T15:18:30.000000Z,63.502,63.372
2015-07-15T15:18:50.000000Z,63.501,63.371
2015-07-15T15:19:00.000000Z,63.499,63.369
2015-07-15T15:19:50.000000Z,63.508,63.378
2015-07-15T15:20:00.000000Z,63.505,63.375
2015-07-15T15:20:20.000000Z,63.507,63.377
2015-07-15T15:20:40.000000Z,63.505,63.375
2015-07-15T15:21:10.000000Z,63.505,63.375
2015-07-15T15:21:40.000000Z,63.502,63.372
2015-07-15T15:22:00.000000Z,63.504,63.374
2015-07-15T15:22:40.000000Z,63.506,63.376
2015-07-15T15:25:50.000000Z,63.504,63.374
2015-07-15T15:26:40.000000Z,63.506,63.376
2015-07-15T15:27:10.000000Z,63.504,63.374
2015-07-15T15:28:50.000000Z,63.502,63.372
2015-07-15T15:30:50.000000Z,63.504,63.374
2015-07-15T15:31:10.000000Z,63.504,63.374
2015-07-15T15:31:20.000000Z,63.506,63.376
2015-07-15T15:32:20.000000Z,63.504,63.374
2015-07-15T15:34:20.000000Z,63.502,63.372
2015-07-15T15:36:00.000000Z,63.494,63.364
2015-07-15T15:37:10.000000Z,63.497,63.367
2015-07-15T15:37:20.000000Z,63.494,63.364
2015-07-15T15:41:50.000000Z,63.497,63.367
2015-07-15T15:42:00.000000Z,63.495,63.365
2015-07-15T15:42:40.000000Z,63.505,63.355
2015-07-15T15:46:20.000000Z,63.507,63.357
2015-07-15T15:46:40.000000Z,63.505,63.355
2015-07-15T15:47:10.000000Z,63.507,63.357
2015-07-15T15:47:50.000000Z,63.505,63.355
2015-07-15T15:48:00.000000Z,63.505,63.355
2015-07-15T15:49:30.000000Z,63.511,63.361
2015-07-15T15:49:40.000000Z,63.513,63.363
2015-07-15T15:50:30.000000Z,63.516,63.366
2015-07-15T15:50:40.000000Z,63.514,63.364
2015-07-15T15:54:10.000000Z,63.516,63.366
2015-07-15T15:55:40.000000Z,63.514,63.364
2015-07-15T15:55:50.000000Z,63.515,63.365
2015-07-15T15:56:00.000000Z,63.509,63.359
2015-07-15T16:00:20.000000Z,63.506,63.356
2015-07-15T16:01:00.000000Z,63.508,63.358
2015-07-15T16:01:40.000000Z,63.51,63.36
2015-07-15T16:02:10.000000Z,63.513,63.363
2015-07-15T16:04:30.000000Z,63.511,63.361
2015-07-15T16:08:40.000000Z,63.509,63.359
2015-07-15T16:10:50.000000Z,63.506,63.356
2015-07-15T16:11:30.000000Z,63.503,63.353
2015-07-15T16:12:20.000000Z,63.505,63.355
2015-07-15T16:12:40.000000Z,63.503,63.353
2015-07-15T16:14:30.000000Z,63.505,63.355
2015-07-15T16:15:20.000000Z,63.503,63.353
2015-07-15T16:19:30.000000Z,63.505,63.355
2015-07-15T16:22:30.000000Z,63.503,63.353
2015-07-15T16:25:50.000000Z,63.506,63.356
2015-07-15T16:26:00.000000Z,63.505,63.355
2015-07-15T16:28:40.000000Z,63.507,63.357
2015-07-15T16:30:40.000000Z,63.505,63.355
2015-07-15T16:33:00.000000Z,63.503,63.353
2015-07-15T16:33:10.000000Z,63.505,63.355
2015-07-15T16:33:30.000000Z,63.505,63.355
2015-07-15T16:38:10.000000Z,63.507,63.357
2015-07-15T16:39:10.000000Z,63.505,63.355
2015-07-15T16:39:50.000000Z,63.503,63.353
2015-07-15T16:40:20.000000Z,63.503,63.353
2015-07-15T16:47:40.000000Z,63.503,63.353
2015-07-15T16:47:50.000000Z,63.503,63.353
2015-07-15T16:48:10.000000Z,63.505,63.355
2015-07-15T16:51:00.000000Z,63.507,63.357
2015-07-15T16:51:10.000000Z,63.505,63.355
2015-07-15T16:51:30.000000Z,63.507,63.357
2015-07-15T16:54:20.000000Z,63.51,63.36
2015-07-15T16:54:50.000000Z,63.515,63.365
2015-07-15T17:02:30.000000Z,63.517,63.367
2015-07-15T17:02:50.000000Z,63.517,63.367
2015-07-15T17:03:30.000000Z,63.515,63.365
2015-07-15T17:08:10.000000Z,63.512,63.362
2015-07-15T17:10:00.000000Z,63.507,63.357
2015-07-15T17:10:30.000000Z,63.505,63.355
2015-07-15T17:13:20.000000Z,63.507,63.357
2015-07-15T17:13:30.000000Z,63.505,63.355
2015-07-15T17:15:10.000000Z,63.503,63.353
2015-07-15T17:15:20.000000Z,63.506,63.356
2015-07-15T17:16:20.000000Z,63.503,63.353
2015-07-15T17:16:50.000000Z,63.505,63.355
2015-07-15T17:17:20.000000Z,63.507,63.357
2015-07-15T17:17:40.000000Z,63.505,63.355
2015-07-15T17:17:50.000000Z,63.499,63.349
2015-07-15T17:18:00.000000Z,63.497,63.347
2015-07-15T17:18:10.000000Z,63.51,63.36
2015-07-15T17:18:40.000000Z,63.502,63.352
2015-07-15T17:19:20.000000Z,63.5,63.35
2015-07-15T17:19:40.000000Z,63.508,63.358
2015-07-15T17:19:50.000000Z,63.51,63.36
2015-07-15T17:20:10.000000Z,63.507,63.357
2015-07-15T17:20:40.000000Z,63.503,63.353
2015-07-15T17:20:50.000000Z,63.51,63.36
2015-07-15T17:21:20.000000Z,63.508,63.358
2015-07-15T17:21:30.000000Z,63.51,63.36
2015-07-15T17:21:50.000000Z,63.508,63.358
2015-07-15T17:22:00.000000Z,63.505,63.355
2015-07-15T17:23:20.000000Z,63.507,63.357
2015-07-15T17:23:50.000000Z,63.498,63.348
2015-07-15T17:25:00.000000Z,63.509,63.359
2015-07-15T17:25:10.000000Z,63.511,63.361
2015-07-15T17:25:20.000000Z,63.513,63.363
2015-07-15T17:25:50.000000Z,63.516,63.366
2015-07-15T17:26:10.000000Z,63.51,63.36
2015-07-15T17:26:20.000000Z,63.515,63.365
2015-07-15T17:26:30.000000Z,63.509,63.359
2015-07-15T17:27:20.000000Z,63.505,63.355
2015-07-15T17:27:50.000000Z,63.507,63.357
2015-07-15T17:28:30.000000Z,63.51,63.36
2015-07-15T17:29:00.000000Z,63.51,63.36
2015-07-15T17:29:50.000000Z,63.507,63.357
2015-07-15T17:34:00.000000Z,63.507,63.357
2015-07-15T17:35:40.000000Z,63.508,63.358
2015-07-15T17:35:50.000000Z,63.51,63.36
2015-07-15T17:36:10.000000Z,63.508,63.358
2015-07-15T17:37:50.000000Z,63.506,63.356
2015-07-15T17:40:30.000000Z,63.502,63.352
2015-07-15T17:41:00.000000Z,63.505,63.355
2015-07-15T17:41:20.000000Z,63.504,63.354
2015-07-15T17:41:30.000000Z,63.507,63.357
2015-07-15T17:42:50.000000Z,63.505,63.355
2015-07-15T17:43:00.000000Z,63.503,63.353
2015-07-15T17:43:20.000000Z,63.507,63.357
2015-07-15T17:43:40.000000Z,63.505,63.355
2015-07-15T17:43:50.000000Z,63.505,63.355
2015-07-15T17:44:00.000000Z,63.501,63.351
2015-07-15T17:44:30.000000Z,63.506,63.356
2015-07-15T17:44:40.000000Z,63.503,63.353
2015-07-15T17:44:50.000000Z,63.503,63.353
2015-07-15T17:45:00.000000Z,63.505,63.355
2015-07-15T17:45:20.000000Z,63.502,63.352
2015-07-15T17:45:30.000000Z,63.505,63.355
2015-07-15T17:45:40.000000Z,63.506,63.356
2015-07-15T17:46:50.000000Z,63.508,63.358
2015-07-15T17:47:10.000000Z,63.508,63.358
2015-07-15T17:47:20.000000Z,63.506,63.356
2015-07-15T17:47:30.000000Z,63.508,63.358
2015-07-15T17:52:50.000000Z,63.505,63.355
2015-07-15T17:55:10.000000Z,63.507,63.357
2015-07-15T18:00:10.000000Z,63.507,63.357
2015-07-15T18:06:10.000000Z,63.505,63.355
2015-07-15T18:06:20.000000Z,63.502,63.352
2015-07-15T18:06:30.000000Z,63.497,63.347
2015-07-15T18:06:40.000000Z,63.499,63.349
2015-07-15T18:10:40.000000Z,63.497,63.347
2015-07-15T18:14:10.000000Z,63.499,63.349
2015-07-15T18:16:00.000000Z,63.497,63.347
2015-07-15T18:33:40.000000Z,63.494,63.344
2015-07-15T18:38:40.000000Z,63.496,63.346
2015-07-15T18:38:50.000000Z,63.496,63.346
2015-07-15T18:40:50.000000Z,63.494,63.344
2015-07-15T18:41:30.000000Z,63.496,63.346
2015-07-15T18:44:00.000000Z,63.507,63.357
2015-07-15T18:44:10.000000Z,63.498,63.348
2015-07-15T18:44:20.000000Z,63.501,63.351
2015-07-15T18:44:30.000000Z,63.504,63.354
2015-07-15T18:50:00.000000Z,63.507,63.357
2015-07-15T18:51:20.000000Z,63.507,63.357
2015-07-15T18:55:00.000000Z,63.557,63.307
2015-07-15T18:56:10.000000Z,63.562,63.312
2015-07-15T18:56:20.000000Z,63.564,63.314
2015-07-15T18:57:00.000000Z,63.571,63.321
2015-07-15T19:09:10.000000Z,63.573,63.323
2015-07-15T19:14:10.000000Z,63.571,63.321
2015-07-15T19:15:00.000000Z,63.558,63.308
2015-07-15T19:15:10.000000Z,63.556,63.306
2015-07-15T19:15:20.000000Z,63.558,63.308
2015-07-15T19:18:50.000000Z,63.56,63.31
2015-07-15T19:19:10.000000Z,63.558,63.308
2015-07-15T19:19:20.000000Z,63.558,63.308
2015-07-15T19:19:30.000000Z,63.559,63.309
2015-07-15T19:22:20.000000Z,63.561,63.311
2015-07-15T19:23:00.000000Z,63.563,63.313
2015-07-15T19:34:40.000000Z,63.568,63.318
2015-07-15T19:34:50.000000Z,63.565,63.315
2015-07-15T19:42:10.000000Z,63.569,63.319
2015-07-15T19:58:30.000000Z,63.572,63.322
2015-07-15T21:07:30.000000Z,63.532,63.282
2015-07-15T23:10:50.000000Z,63.532,63.282
2015-07-15T23:47:10.000000Z,63.539,63.289
2015-07-16T00:00:00.000000Z,63.549,63.299
2015-07-16T00:10:20.000000Z,63.559,63.309
2015-07-16T00:20:40.000000Z,63.555,63.305
2015-07-16T00:30:00.000000Z,63.552,63.302
2015-07-16T00:31:40.000000Z,63.554,63.304
2015-07-16T01:00:00.000000Z,63.551,63.301
2015-07-16T01:12:10.000000Z,63.555,63.305
2015-07-16T01:14:40.000000Z,63.555,63.305
2015-07-16T01:27:40.000000Z,63.551,63.301
2015-07-16T01:30:00.000000Z,63.551,63.301
2015-07-16T01:33:00.000000Z,63.547,63.297
2015-07-16T02:00:10.000000Z,63.549,63.299
2015-07-16T02:02:40.000000Z,63.548,63.298
2015-07-16T02:11:30.000000Z,63.545,63.295
2015-07-16T02:12:10.000000Z,63.539,63.289
2015-07-16T02:12:30.000000Z,63.537,63.287
2015-07-16T02:28:10.000000Z,63.528,63.278
