time,closeAsk,closeBid
2015-07-22T07:22:05.000000Z,95.343,95.318
2015-07-22T07:22:10.000000Z,95.349,95.327
2015-07-22T07:22:15.000000Z,95.346,95.324
2015-07-22T07:22:20.000000Z,95.36,95.337
2015-07-22T07:22:25.000000Z,95.363,95.34
2015-07-22T07:22:30.000000Z,95.363,95.339
2015-07-22T07:22:35.000000Z,95.363,95.342
2015-07-22T07:22:40.000000Z,95.361,95.336
2015-07-22T07:22:45.000000Z,95.353,95.328
2015-07-22T07:23:00.000000Z,95.351,95.328
2015-07-22T07:23:05.000000Z,95.347,95.327
2015-07-22T07:23:10.000000Z,95.348,95.326
2015-07-22T07:23:15.000000Z,95.351,95.327
2015-07-22T07:23:20.000000Z,95.35,95.327
2015-07-22T07:23:25.000000Z,95.35,95.328
2015-07-22T07:23:30.000000Z,95.352,95.328
2015-07-22T07:23:35.000000Z,95.353,95.33
2015-07-22T07:23:40.000000Z,95.361,95.342
2015-07-22T07:23:45.000000Z,95.362,95.34
2015-07-22T07:23:50.000000Z,95.359,95.338
2015-07-22T07:23:55.000000Z,95.372,95.35
2015-07-22T07:24:00.000000Z,95.372,95.352
2015-07-22T07:24:05.000000Z,95.374,95.352
2015-07-22T07:24:10.000000Z,95.375,95.354
2015-07-22T07:24:15.000000Z,95.377,95.354
2015-07-22T07:24:20.000000Z,95.376,95.355
2015-07-22T07:24:30.000000Z,95.379,95.356
2015-07-22T07:24:35.000000Z,95.381,95.355
2015-07-22T07:24:40.000000Z,95.384,95.361
2015-07-22T07:24:45.000000Z,95.386,95.361
2015-07-22T07:24:50.000000Z,95.386,95.361
2015-07-22T07:24:55.000000Z,95.386,95.36
2015-07-22T07:25:00.000000Z,95.386,95.359
2015-07-22T07:25:05.000000Z,95.387,95.36
2015-07-22T07:25:10.000000Z,95.387,95.359
2015-07-22T07:25:15.000000Z,95.386,95.36
2015-07-22T07:25:20.000000Z,95.375,95.354
2015-07-22T07:25:30.000000Z,95.374,95.353
2015-07-22T07:25:35.000000Z,95.369,95.348
2015-07-22T07:25:40.000000Z,95.37,95.347
2015-07-22T07:25:45.000000Z,95.367,95.345
2015-07-22T07:25:50.000000Z,95.376,95.354
2015-07-22T07:25:55.000000Z,95.376,95.351
2015-07-22T07:26:00.000000Z,95.373,95.351
2015-07-22T07:26:05.000000Z,95.373,95.351
2015-07-22T07:26:10.000000Z,95.378,95.355
2015-07-22T07:26:15.000000Z,95.383,95.36
2015-07-22T07:26:20.000000Z,95.385,95.363
2015-07-22T07:26:25.000000Z,95.385,95.362
2015-07-22T07:26:30.000000Z,95.385,95.362
2015-07-22T07:26:35.000000Z,95.388,95.365
2015-07-22T07:26:40.000000Z,95.389,95.366
2015-07-22T07:26:45.000000Z,95.393,95.37
2015-07-22T07:26:50.000000Z,95.401,95.379
2015-07-22T07:26:55.000000Z,95.398,95.378
2015-07-22T07:27:00.000000Z,95.409,95.386
2015-07-22T07:27:05.000000Z,95.411,95.389
2015-07-22T07:27:10.000000Z,95.411,95.39
2015-07-22T07:27:15.000000Z,95.416,95.395
2015-07-22T07:27:20.000000Z,95.408,95.388
2015-07-22T07:27:25.000000Z,95.41,95.388
2015-07-22T07:27:40.000000Z,95.41,95.39
2015-07-22T07:27:45.000000Z,95.412,95.39
2015-07-22T07:27:50.000000Z,95.409,95.385
2015-07-22T07:27:55.000000Z,95.406,95.384
2015-07-22T07:28:00.000000Z,95.404,95.378
2015-07-22T07:28:05.000000Z,95.404,95.382
2015-07-22T07:28:10.000000Z,95.402,95.379
2015-07-22T07:28:15.000000Z,95.4,95.379
2015-07-22T07:28:20.000000Z,95.398,95.378
2015-07-22T07:28:25.000000Z,95.397,95.375
2015-07-22T07:28:30.000000Z,95.395,95.373
2015-07-22T07:28:35.000000Z,95.398,95.376
2015-07-22T07:28:40.000000Z,95.395,95.375
2015-07-22T07:28:45.000000Z,95.395,95.373
2015-07-22T07:28:50.000000Z,95.396,95.374
2015-07-22T07:28:55.000000Z,95.403,95.381
2015-07-22T07:29:00.000000Z,95.402,95.379
2015-07-22T07:29:05.000000Z,95.401,95.38
2015-07-22T07:29:10.000000Z,95.406,95.384
2015-07-22T07:29:15.000000Z,95.412,95.39
2015-07-22T07:29:20.000000Z,95.405,95.384
2015-07-22T07:29:25.000000Z,95.409,95.388
2015-07-22T07:29:30.000000Z,95.41,95.39
2015-07-22T07:29:35.000000Z,95.411,95.391
2015-07-22T07:29:40.000000Z,95.412,95.391
2015-07-22T07:29:45.000000Z,95.413,95.391
2015-07-22T07:29:50.000000Z,95.412,95.393
2015-07-22T07:29:55.000000Z,95.414,95.393
2015-07-22T07:30:00.000000Z,95.417,95.394
2015-07-22T07:30:05.000000Z,95.411,95.389
2015-07-22T07:30:10.000000Z,95.401,95.378
2015-07-22T07:30:15.000000Z,95.398,95.376
2015-07-22T07:30:20.000000Z,95.392,95.368
2015-07-22T07:30:25.000000Z,95.397,95.373
2015-07-22T07:30:30.000000Z,95.4,95.376
2015-07-22T07:30:35.000000Z,95.399,95.377
2015-07-22T07:30:45.000000Z,95.404,95.382
2015-07-22T07:30:50.000000Z,95.398,95.376
2015-07-22T07:30:55.000000Z,95.4,95.381
2015-07-22T07:31:05.000000Z,95.397,95.377
2015-07-22T07:31:10.000000Z,95.402,95.382
2015-07-22T07:31:15.000000Z,95.402,95.382
2015-07-22T07:31:20.000000Z,95.407,95.382
2015-07-22T07:31:25.000000Z,95.406,95.385
2015-07-22T07:31:30.000000Z,95.414,95.391
2015-07-22T07:31:35.000000Z,95.413,95.391
2015-07-22T07:31:40.000000Z,95.414,95.39
2015-07-22T07:31:45.000000Z,95.419,95.395
2015-07-22T07:31:50.000000Z,95.417,95.397
2015-07-22T07:31:55.000000Z,95.417,95.394
2015-07-22T07:32:00.000000Z,95.413,95.391
2015-07-22T07:32:05.000000Z,95.409,95.388
2015-07-22T07:32:10.000000Z,95.41,95.389
2015-07-22T07:32:15.000000Z,95.399,95.379
2015-07-22T07:32:20.000000Z,95.395,95.373
2015-07-22T07:32:25.000000Z,95.395,95.372
2015-07-22T07:32:30.000000Z,95.403,95.378
2015-07-22T07:32:35.000000Z,95.4,95.378
2015-07-22T07:32:40.000000Z,95.399,95.378
2015-07-22T07:32:45.000000Z,95.398,95.377
2015-07-22T07:32:50.000000Z,95.4,95.379
2015-07-22T07:32:55.000000Z,95.402,95.381
2015-07-22T07:33:00.000000Z,95.403,95.38
2015-07-22T07:33:10.000000Z,95.404,95.382
2015-07-22T07:33:15.000000Z,95.407,95.385
2015-07-22T07:33:20.000000Z,95.41,95.391
2015-07-22T07:33:25.000000Z,95.405,95.382
2015-07-22T07:33:30.000000Z,95.404,95.383
2015-07-22T07:33:35.000000Z,95.406,95.382
2015-07-22T07:33:40.000000Z,95.406,95.385
2015-07-22T07:33:45.000000Z,95.405,95.383
2015-07-22T07:33:55.000000Z,95.406,95.384
2015-07-22T07:34:00.000000Z,95.406,95.385
2015-07-22T07:34:05.000000Z,95.41,95.389
2015-07-22T07:34:10.000000Z,95.41,95.388
2015-07-22T07:34:15.000000Z,95.412,95.391
2015-07-22T07:34:20.000000Z,95.425,95.397
2015-07-22T07:34:25.000000Z,95.422,95.394
2015-07-22T07:34:30.000000Z,95.419,95.394
2015-07-22T07:34:35.000000Z,95.416,95.393
2015-07-22T07:34:40.000000Z,95.414,95.389
2015-07-22T07:34:45.000000Z,95.417,95.389
2015-07-22T07:34:50.000000Z,95.416,95.39
2015-07-22T07:35:00.000000Z,95.415,95.385
2015-07-22T07:35:05.000000Z,95.412,95.393
2015-07-22T07:35:10.000000Z,95.413,95.392
2015-07-22T07:35:15.000000Z,95.415,95.392
2015-07-22T07:35:20.000000Z,95.413,95.392
2015-07-22T07:35:25.000000Z,95.418,95.394
2015-07-22T07:35:30.000000Z,95.418,95.393
2015-07-22T07:35:35.000000Z,95.413,95.394
2015-07-22T07:35:40.000000Z,95.428,95.404
2015-07-22T07:35:45.000000Z,95.429,95.405
2015-07-22T07:35:50.000000Z,95.428,95.405
2015-07-22T07:35:55.000000Z,95.431,95.405
2015-07-22T07:36:00.000000Z,95.427,95.407
2015-07-22T07:36:05.000000Z,95.431,95.408
2015-07-22T07:36:10.000000Z,95.437,95.413
2015-07-22T07:36:15.000000Z,95.433,95.412
2015-07-22T07:36:20.000000Z,95.431,95.411
2015-07-22T07:36:25.000000Z,95.429,95.408
2015-07-22T07:36:30.000000Z,95.436,95.413
2015-07-22T07:36:35.000000Z,95.436,95.413
2015-07-22T07:36:40.000000Z,95.435,95.416
2015-07-22T07:36:45.000000Z,95.428,95.408
2015-07-22T07:36:50.000000Z,95.43,95.408
2015-07-22T07:36:55.000000Z,95.433,95.411
2015-07-22T07:37:00.000000Z,95.425,95.403
2015-07-22T07:37:05.000000Z,95.426,95.403
2015-07-22T07:37:10.000000Z,95.427,95.402
2015-07-22T07:37:15.000000Z,95.423,95.4
2015-07-22T07:37:20.000000Z,95.423,95.399
2015-07-22T07:37:25.000000Z,95.419,95.394
2015-07-22T07:37:30.000000Z,95.42,95.397
2015-07-22T07:37:35.000000Z,95.42,95.397
2015-07-22T07:37:40.000000Z,95.419,95.397
2015-07-22T07:37:45.000000Z,95.413,95.392
2015-07-22T07:37:50.000000Z,95.412,95.391
2015-07-22T07:37:55.000000Z,95.41,95.389
2015-07-22T07:38:05.000000Z,95.411,95.389
2015-07-22T07:38:15.000000Z,95.404,95.382
2015-07-22T07:38:20.000000Z,95.404,95.381
2015-07-22T07:38:25.000000Z,95.4,95.378
2015-07-22T07:38:30.000000Z,95.402,95.379
2015-07-22T07:38:40.000000Z,95.4,95.376
2015-07-22T07:38:50.000000Z,95.404,95.382
2015-07-22T07:38:55.000000Z,95.401,95.38
2015-07-22T07:39:00.000000Z,95.404,95.382
2015-07-22T07:39:05.000000Z,95.404,95.381
2015-07-22T07:39:15.000000Z,95.408,95.384
2015-07-22T07:39:20.000000Z,95.392,95.367
2015-07-22T07:39:25.000000Z,95.39,95.366
2015-07-22T07:39:30.000000Z,95.393,95.368
2015-07-22T07:39:35.000000Z,95.391,95.37
2015-07-22T07:39:40.000000Z,95.389,95.366
2015-07-22T07:39:45.000000Z,95.382,95.361
2015-07-22T07:39:50.000000Z,95.383,95.361
2015-07-22T07:39:55.000000Z,95.386,95.364
2015-07-22T07:40:00.000000Z,95.385,95.362
2015-07-22T07:40:10.000000Z,95.387,95.364
2015-07-22T07:40:15.000000Z,95.394,95.368
2015-07-22T07:40:20.000000Z,95.399,95.373
2015-07-22T07:40:25.000000Z,95.399,95.376
2015-07-22T07:40:30.000000Z,95.398,95.373
2015-07-22T07:40:35.000000Z,95.395,95.373
2015-07-22T07:40:40.000000Z,95.391,95.368
2015-07-22T07:40:45.000000Z,95.393,95.373
2015-07-22T07:40:50.000000Z,95.394,95.373
2015-07-22T07:40:55.000000Z,95.393,95.37
2015-07-22T07:41:00.000000Z,95.391,95.368
2015-07-22T07:41:10.000000Z,95.393,95.369
2015-07-22T07:41:15.000000Z,95.403,95.38
2015-07-22T07:41:20.000000Z,95.401,95.381
2015-07-22T07:41:25.000000Z,95.397,95.375
2015-07-22T07:41:30.000000Z,95.398,95.374
2015-07-22T07:41:35.000000Z,95.402,95.38
2015-07-22T07:41:40.000000Z,95.398,95.375
2015-07-22T07:41:45.000000Z,95.395,95.375
2015-07-22T07:41:50.000000Z,95.395,95.376
2015-07-22T07:41:55.000000Z,95.395,95.375
2015-07-22T07:42:00.000000Z,95.395,95.374
2015-07-22T07:42:05.000000Z,95.398,95.379
2015-07-22T07:42:10.000000Z,95.389,95.367
2015-07-22T07:42:15.000000Z,95.385,95.36
2015-07-22T07:42:25.000000Z,95.382,95.36
2015-07-22T07:42:30.000000Z,95.378,95.356
2015-07-22T07:42:35.000000Z,95.378,95.353
2015-07-22T07:42:40.000000Z,95.377,95.353
2015-07-22T07:42:45.000000Z,95.378,95.353
2015-07-22T07:42:50.000000Z,95.377,95.354
2015-07-22T07:42:55.000000Z,95.382,95.357
2015-07-22T07:43:00.000000Z,95.387,95.363
2015-07-22T07:43:05.000000Z,95.378,95.356
2015-07-22T07:43:10.000000Z,95.378,95.355
2015-07-22T07:43:15.000000Z,95.379,95.357
2015-07-22T07:43:20.000000Z,95.381,95.357
2015-07-22T07:43:25.000000Z,95.377,95.353
2015-07-22T07:43:30.000000Z,95.375,95.35
2015-07-22T07:43:35.000000Z,95.375,95.351
2015-07-22T07:43:40.000000Z,95.368,95.347
2015-07-22T07:43:45.000000Z,95.374,95.349
2015-07-22T07:43:50.000000Z,95.374,95.351
2015-07-22T07:43:55.000000Z,95.371,95.349
2015-07-22T07:44:00.000000Z,95.373,95.35
2015-07-22T07:44:05.000000Z,95.372,95.35
2015-07-22T07:44:10.000000Z,95.372,95.349
2015-07-22T07:44:15.000000Z,95.372,95.349
2015-07-22T07:44:20.000000Z,95.371,95.349
2015-07-22T07:44:25.000000Z,95.375,95.352
2015-07-22T07:44:30.000000Z,95.374,95.35
2015-07-22T07:44:35.000000Z,95.371,95.349
2015-07-22T07:44:40.000000Z,95.374,95.354
2015-07-22T07:44:45.000000Z,95.373,95.349
2015-07-22T07:44:50.000000Z,95.372,95.351
2015-07-22T07:44:55.000000Z,95.373,95.35
2015-07-22T07:45:00.000000Z,95.377,95.355
2015-07-22T07:45:05.000000Z,95.378,95.355
2015-07-22T07:45:10.000000Z,95.38,95.356
2015-07-22T07:45:20.000000Z,95.389,95.367
2015-07-22T07:45:25.000000Z,95.387,95.364
2015-07-22T07:45:30.000000Z,95.389,95.367
2015-07-22T07:45:35.000000Z,95.387,95.362
2015-07-22T07:45:40.000000Z,95.385,95.364
2015-07-22T07:45:45.000000Z,95.388,95.364
2015-07-22T07:45:50.000000Z,95.39,95.368
2015-07-22T07:45:55.000000Z,95.394,95.369
2015-07-22T07:46:00.000000Z,95.389,95.367
2015-07-22T07:46:05.000000Z,95.387,95.368
2015-07-22T07:46:10.000000Z,95.392,95.37
2015-07-22T07:46:15.000000Z,95.393,95.37
2015-07-22T07:46:20.000000Z,95.392,95.37
2015-07-22T07:46:25.000000Z,95.384,95.36
2015-07-22T07:46:30.000000Z,95.389,95.367
2015-07-22T07:46:35.000000Z,95.399,95.376
2015-07-22T07:46:40.000000Z,95.401,95.381
2015-07-22T07:46:45.000000Z,95.401,95.38
2015-07-22T07:46:50.000000Z,95.394,95.37
2015-07-22T07:46:55.000000Z,95.393,95.37
2015-07-22T07:47:00.000000Z,95.392,95.37
2015-07-22T07:47:05.000000Z,95.393,95.37
2015-07-22T07:47:10.000000Z,95.389,95.365
2015-07-22T07:47:15.000000Z,95.393,95.37
2015-07-22T07:47:20.000000Z,95.394,95.37
2015-07-22T07:47:25.000000Z,95.394,95.37
2015-07-22T07:47:30.000000Z,95.395,95.37
2015-07-22T07:47:35.000000Z,95.393,95.373
2015-07-22T07:47:40.000000Z,95.395,95.372
2015-07-22T07:47:45.000000Z,95.389,95.368
2015-07-22T07:47:50.000000Z,95.392,95.372
2015-07-22T07:47:55.000000Z,95.394,95.372
2015-07-22T07:48:00.000000Z,95.389,95.369
2015-07-22T07:48:10.000000Z,95.389,95.369
2015-07-22T07:48:15.000000Z,95.388,95.367
2015-07-22T07:48:25.000000Z,95.388,95.367
2015-07-22T07:48:30.000000Z,95.394,95.372
2015-07-22T07:48:35.000000Z,95.399,95.376
2015-07-22T07:48:40.000000Z,95.4,95.378
2015-07-22T07:48:45.000000Z,95.405,95.38
2015-07-22T07:48:50.000000Z,95.406,95.384
2015-07-22T07:48:55.000000Z,95.403,95.382
2015-07-22T07:49:00.000000Z,95.399,95.377
2015-07-22T07:49:05.000000Z,95.395,95.376
2015-07-22T07:49:10.000000Z,95.401,95.374
2015-07-22T07:49:15.000000Z,95.399,95.375
2015-07-22T07:49:20.000000Z,95.401,95.377
2015-07-22T07:49:25.000000Z,95.397,95.375
2015-07-22T07:49:30.000000Z,95.397,95.374
2015-07-22T07:49:35.000000Z,95.397,95.375
2015-07-22T07:49:40.000000Z,95.401,95.376
2015-07-22T07:49:45.000000Z,95.402,95.376
2015-07-22T07:49:50.000000Z,95.394,95.37
2015-07-22T07:49:55.000000Z,95.394,95.372
2015-07-22T07:50:00.000000Z,95.392,95.37
2015-07-22T07:50:05.000000Z,95.389,95.37
2015-07-22T07:50:10.000000Z,95.387,95.363
2015-07-22T07:50:15.000000Z,95.389,95.365
2015-07-22T07:50:20.000000Z,95.388,95.366
2015-07-22T07:50:25.000000Z,95.388,95.366
2015-07-22T07:50:30.000000Z,95.389,95.367
2015-07-22T07:50:35.000000Z,95.386,95.363
2015-07-22T07:50:40.000000Z,95.387,95.363
2015-07-22T07:50:45.000000Z,95.39,95.364
2015-07-22T07:50:50.000000Z,95.388,95.364
2015-07-22T07:50:55.000000Z,95.39,95.368
2015-07-22T07:51:00.000000Z,95.392,95.37
2015-07-22T07:51:05.000000Z,95.392,95.37
2015-07-22T07:51:10.000000Z,95.392,95.368
2015-07-22T07:51:15.000000Z,95.392,95.37
2015-07-22T07:51:20.000000Z,95.392,95.371
2015-07-22T07:51:25.000000Z,95.393,95.37
2015-07-22T07:51:30.000000Z,95.384,95.362
2015-07-22T07:51:35.000000Z,95.386,95.365
2015-07-22T07:51:40.000000Z,95.388,95.365
2015-07-22T07:51:45.000000Z,95.393,95.37
2015-07-22T07:51:50.000000Z,95.388,95.367
2015-07-22T07:51:55.000000Z,95.383,95.361
2015-07-22T07:52:00.000000Z,95.387,95.365
2015-07-22T07:52:10.000000Z,95.39,95.369
2015-07-22T07:52:15.000000Z,95.392,95.367
2015-07-22T07:52:20.000000Z,95.394,95.37
2015-07-22T07:52:25.000000Z,95.398,95.377
2015-07-22T07:52:30.000000Z,95.405,95.383
2015-07-22T07:52:35.000000Z,95.411,95.388
2015-07-22T07:52:40.000000Z,95.413,95.39
2015-07-22T07:52:45.000000Z,95.405,95.382
2015-07-22T07:52:50.000000Z,95.401,95.376
2015-07-22T07:52:55.000000Z,95.407,95.382
2015-07-22T07:53:00.000000Z,95.41,95.388
2015-07-22T07:53:05.000000Z,95.421,95.4
2015-07-22T07:53:10.000000Z,95.421,95.402
2015-07-22T07:53:15.000000Z,95.43,95.409
2015-07-22T07:53:20.000000Z,95.429,95.408
2015-07-22T07:53:25.000000Z,95.43,95.407
2015-07-22T07:53:30.000000Z,95.425,95.404
2015-07-22T07:53:35.000000Z,95.429,95.408
2015-07-22T07:53:40.000000Z,95.432,95.41
2015-07-22T07:53:45.000000Z,95.431,95.409
2015-07-22T07:53:50.000000Z,95.437,95.417
2015-07-22T07:53:55.000000Z,95.441,95.419
2015-07-22T07:54:00.000000Z,95.444,95.422
2015-07-22T07:54:05.000000Z,95.442,95.42
2015-07-22T07:54:10.000000Z,95.445,95.423
2015-07-22T07:54:15.000000Z,95.448,95.425
2015-07-22T07:54:30.000000Z,95.444,95.422
2015-07-22T07:54:35.000000Z,95.446,95.423
2015-07-22T07:54:40.000000Z,95.444,95.422
2015-07-22T07:54:45.000000Z,95.436,95.416
2015-07-22T07:54:50.000000Z,95.43,95.41
2015-07-22T07:54:55.000000Z,95.434,95.413
2015-07-22T07:55:00.000000Z,95.431,95.409
2015-07-22T07:55:05.000000Z,95.444,95.424
2015-07-22T07:55:10.000000Z,95.449,95.428
2015-07-22T07:55:15.000000Z,95.449,95.431
2015-07-22T07:55:30.000000Z,95.449,95.428
2015-07-22T07:55:35.000000Z,95.449,95.427
2015-07-22T07:55:40.000000Z,95.439,95.417
2015-07-22T07:55:45.000000Z,95.435,95.414
2015-07-22T07:55:50.000000Z,95.437,95.417
2015-07-22T07:55:55.000000Z,95.44,95.42
2015-07-22T07:56:00.000000Z,95.438,95.415
2015-07-22T07:56:05.000000Z,95.434,95.412
2015-07-22T07:56:10.000000Z,95.432,95.412
2015-07-22T07:56:15.000000Z,95.433,95.411
2015-07-22T07:56:20.000000Z,95.433,95.411
2015-07-22T07:56:30.000000Z,95.432,95.41
2015-07-22T07:56:35.000000Z,95.432,95.408
2015-07-22T07:56:40.000000Z,95.437,95.415
2015-07-22T07:56:50.000000Z,95.438,95.418
2015-07-22T07:57:00.000000Z,95.44,95.418
2015-07-22T07:57:05.000000Z,95.445,95.423
2015-07-22T07:57:10.000000Z,95.444,95.424
2015-07-22T07:57:15.000000Z,95.445,95.423
2015-07-22T07:57:35.000000Z,95.444,95.421
2015-07-22T07:57:40.000000Z,95.442,95.421
2015-07-22T07:57:45.000000Z,95.443,95.421
2015-07-22T07:58:00.000000Z,95.444,95.423
2015-07-22T07:58:05.000000Z,95.434,95.415
2015-07-22T07:58:10.000000Z,95.435,95.415
2015-07-22T07:58:15.000000Z,95.435,95.415
2015-07-22T07:58:20.000000Z,95.435,95.417
2015-07-22T07:58:25.000000Z,95.442,95.422
2015-07-22T07:58:45.000000Z,95.443,95.422
2015-07-22T07:58:50.000000Z,95.435,95.416
2015-07-22T07:58:55.000000Z,95.435,95.414
2015-07-22T07:59:05.000000Z,95.439,95.412
2015-07-22T07:59:10.000000Z,95.439,95.414
2015-07-22T07:59:15.000000Z,95.444,95.423
2015-07-22T07:59:20.000000Z,95.443,95.426
2015-07-22T07:59:25.000000Z,95.443,95.423
2015-07-22T07:59:30.000000Z,95.443,95.422
2015-07-22T07:59:35.000000Z,95.442,95.424
2015-07-22T07:59:40.000000Z,95.439,95.419
2015-07-22T07:59:45.000000Z,95.442,95.424
2015-07-22T07:59:50.000000Z,95.444,95.42
2015-07-22T07:59:55.000000Z,95.446,95.424
2015-07-22T08:00:05.000000Z,95.446,95.425
2015-07-22T08:00:10.000000Z,95.451,95.431
2015-07-22T08:00:15.000000Z,95.446,95.424
2015-07-22T08:00:20.000000Z,95.443,95.42
2015-07-22T08:00:25.000000Z,95.442,95.421
2015-07-22T08:00:30.000000Z,95.443,95.421
2015-07-22T08:00:35.000000Z,95.443,95.423
2015-07-22T08:00:40.000000Z,95.443,95.422
2015-07-22T08:00:45.000000Z,95.442,95.421
2015-07-22T08:00:50.000000Z,95.438,95.415
2015-07-22T08:00:55.000000Z,95.426,95.406
2015-07-22T08:01:00.000000Z,95.44,95.42
2015-07-22T08:01:05.000000Z,95.441,95.418
2015-07-22T08:01:10.000000Z,95.436,95.413
2015-07-22T08:01:15.000000Z,95.436,95.412
2015-07-22T08:01:20.000000Z,95.439,95.418
2015-07-22T08:01:25.000000Z,95.441,95.419
2015-07-22T08:01:30.000000Z,95.44,95.419
2015-07-22T08:01:35.000000Z,95.443,95.422
2015-07-22T08:01:45.000000Z,95.435,95.411
2015-07-22T08:01:50.000000Z,95.434,95.41
2015-07-22T08:01:55.000000Z,95.433,95.411
2015-07-22T08:02:00.000000Z,95.43,95.411
2015-07-22T08:02:05.000000Z,95.432,95.41
2015-07-22T08:02:10.000000Z,95.433,95.41
2015-07-22T08:02:15.000000Z,95.443,95.422
2015-07-22T08:02:20.000000Z,95.444,95.424
2015-07-22T08:02:25.000000Z,95.446,95.424
2015-07-22T08:02:35.000000Z,95.447,95.424
2015-07-22T08:02:40.000000Z,95.449,95.425
2015-07-22T08:02:45.000000Z,95.455,95.434
2015-07-22T08:02:55.000000Z,95.446,95.423
2015-07-22T08:03:00.000000Z,95.442,95.416
2015-07-22T08:03:05.000000Z,95.434,95.409
2015-07-22T08:03:10.000000Z,95.433,95.41
2015-07-22T08:03:15.000000Z,95.44,95.416
2015-07-22T08:03:20.000000Z,95.438,95.413
2015-07-22T08:03:25.000000Z,95.434,95.407
2015-07-22T08:03:30.000000Z,95.433,95.406
2015-07-22T08:03:35.000000Z,95.433,95.408
2015-07-22T08:03:40.000000Z,95.435,95.409
2015-07-22T08:03:50.000000Z,95.43,95.407
2015-07-22T08:04:00.000000Z,95.43,95.408
2015-07-22T08:04:05.000000Z,95.448,95.424
2015-07-22T08:04:10.000000Z,95.447,95.424
2015-07-22T08:04:15.000000Z,95.447,95.424
2015-07-22T08:04:20.000000Z,95.448,95.427
2015-07-22T08:04:25.000000Z,95.456,95.434
2015-07-22T08:04:30.000000Z,95.454,95.434
2015-07-22T08:04:35.000000Z,95.45,95.43
2015-07-22T08:04:40.000000Z,95.452,95.43
2015-07-22T08:04:45.000000Z,95.454,95.431
2015-07-22T08:04:50.000000Z,95.457,95.435
2015-07-22T08:04:55.000000Z,95.455,95.433
2015-07-22T08:05:05.000000Z,95.456,95.434
2015-07-22T08:05:10.000000Z,95.455,95.436
2015-07-22T08:05:15.000000Z,95.461,95.438
2015-07-22T08:05:20.000000Z,95.459,95.438
2015-07-22T08:05:25.000000Z,95.455,95.433
2015-07-22T08:05:30.000000Z,95.456,95.432
2015-07-22T08:05:35.000000Z,95.456,95.432
2015-07-22T08:05:40.000000Z,95.454,95.429
2015-07-22T08:05:45.000000Z,95.452,95.43
2015-07-22T08:05:50.000000Z,95.445,95.422
2015-07-22T08:05:55.000000Z,95.433,95.412
2015-07-22T08:06:00.000000Z,95.437,95.416
2015-07-22T08:06:05.000000Z,95.436,95.415
2015-07-22T08:06:10.000000Z,95.426,95.404
2015-07-22T08:06:20.000000Z,95.425,95.403
2015-07-22T08:06:25.000000Z,95.426,95.403
2015-07-22T08:06:30.000000Z,95.426,95.402
2015-07-22T08:06:35.000000Z,95.425,95.402
2015-07-22T08:06:55.000000Z,95.422,95.398
2015-07-22T08:07:00.000000Z,95.408,95.389
2015-07-22T08:07:05.000000Z,95.398,95.374
2015-07-22T08:07:10.000000Z,95.397,95.372
2015-07-22T08:07:15.000000Z,95.396,95.375
2015-07-22T08:07:20.000000Z,95.396,95.375
2015-07-22T08:07:25.000000Z,95.397,95.374
2015-07-22T08:07:30.000000Z,95.399,95.376
2015-07-22T08:07:35.000000Z,95.398,95.375
2015-07-22T08:07:40.000000Z,95.399,95.374
2015-07-22T08:07:45.000000Z,95.399,95.374
2015-07-22T08:07:50.000000Z,95.399,95.375
2015-07-22T08:07:55.000000Z,95.397,95.376
2015-07-22T08:08:00.000000Z,95.399,95.375
2015-07-22T08:08:05.000000Z,95.398,95.376
2015-07-22T08:08:10.000000Z,95.399,95.375
2015-07-22T08:08:15.000000Z,95.399,95.374
2015-07-22T08:08:20.000000Z,95.398,95.375
2015-07-22T08:08:25.000000Z,95.393,95.37
2015-07-22T08:08:30.000000Z,95.393,95.373
2015-07-22T08:08:35.000000Z,95.404,95.382
2015-07-22T08:08:40.000000Z,95.401,95.379
2015-07-22T08:08:45.000000Z,95.399,95.38
2015-07-22T08:08:50.000000Z,95.392,95.375
2015-07-22T08:08:55.000000Z,95.395,95.373
2015-07-22T08:09:00.000000Z,95.394,95.373
2015-07-22T08:09:05.000000Z,95.395,95.374
2015-07-22T08:09:10.000000Z,95.404,95.377
2015-07-22T08:09:15.000000Z,95.405,95.385
2015-07-22T08:09:20.000000Z,95.406,95.385
2015-07-22T08:09:25.000000Z,95.405,95.384
2015-07-22T08:09:30.000000Z,95.404,95.384
2015-07-22T08:09:35.000000Z,95.406,95.385
2015-07-22T08:09:40.000000Z,95.406,95.385
2015-07-22T08:09:45.000000Z,95.406,95.384
2015-07-22T08:10:10.000000Z,95.408,95.385
2015-07-22T08:10:15.000000Z,95.417,95.394
2015-07-22T08:10:20.000000Z,95.411,95.393
2015-07-22T08:10:35.000000Z,95.414,95.391
2015-07-22T08:10:40.000000Z,95.416,95.392
2015-07-22T08:10:45.000000Z,95.414,95.392
2015-07-22T08:10:50.000000Z,95.414,95.392
2015-07-22T08:10:55.000000Z,95.412,95.391
2015-07-22T08:11:05.000000Z,95.414,95.392
2015-07-22T08:11:10.000000Z,95.413,95.391
2015-07-22T08:11:15.000000Z,95.415,95.393
2015-07-22T08:11:20.000000Z,95.417,95.392
2015-07-22T08:11:25.000000Z,95.416,95.393
2015-07-22T08:11:30.000000Z,95.419,95.395
2015-07-22T08:11:40.000000Z,95.419,95.396
2015-07-22T08:11:45.000000Z,95.419,95.395
2015-07-22T08:11:50.000000Z,95.415,95.389
2015-07-22T08:12:00.000000Z,95.411,95.387
2015-07-22T08:12:05.000000Z,95.411,95.387
2015-07-22T08:12:10.000000Z,95.411,95.386
2015-07-22T08:12:15.000000Z,95.415,95.392
2015-07-22T08:12:25.000000Z,95.414,95.391
2015-07-22T08:12:30.000000Z,95.415,95.39
2015-07-22T08:12:35.000000Z,95.415,95.389
2015-07-22T08:12:40.000000Z,95.417,95.392
2015-07-22T08:12:45.000000Z,95.416,95.393
2015-07-22T08:12:50.000000Z,95.419,95.395
2015-07-22T08:12:55.000000Z,95.416,95.394
2015-07-22T08:13:00.000000Z,95.414,95.392
2015-07-22T08:13:05.000000Z,95.405,95.379
2015-07-22T08:13:10.000000Z,95.404,95.381
2015-07-22T08:13:15.000000Z,95.405,95.381
2015-07-22T08:13:20.000000Z,95.405,95.382
2015-07-22T08:13:25.000000Z,95.393,95.369
2015-07-22T08:13:30.000000Z,95.387,95.365
2015-07-22T08:13:45.000000Z,95.391,95.367
2015-07-22T08:13:50.000000Z,95.388,95.363
2015-07-22T08:14:00.000000Z,95.385,95.363
2015-07-22T08:14:05.000000Z,95.389,95.368
2015-07-22T08:14:10.000000Z,95.383,95.361
2015-07-22T08:14:15.000000Z,95.383,95.357
2015-07-22T08:14:20.000000Z,95.383,95.358
2015-07-22T08:14:25.000000Z,95.384,95.361
2015-07-22T08:14:30.000000Z,95.388,95.365
2015-07-22T08:14:35.000000Z,95.386,95.364
2015-07-22T08:14:40.000000Z,95.387,95.361
2015-07-22T08:14:45.000000Z,95.386,95.364
2015-07-22T08:14:50.000000Z,95.386,95.362
2015-07-22T08:14:55.000000Z,95.384,95.359
2015-07-22T08:15:00.000000Z,95.385,95.359
2015-07-22T08:15:05.000000Z,95.38,95.356
2015-07-22T08:15:10.000000Z,95.381,95.357
2015-07-22T08:15:15.000000Z,95.381,95.358
2015-07-22T08:15:20.000000Z,95.381,95.358
2015-07-22T08:15:25.000000Z,95.382,95.357
2015-07-22T08:15:35.000000Z,95.381,95.356
2015-07-22T08:15:45.000000Z,95.382,95.357
2015-07-22T08:15:50.000000Z,95.381,95.357
2015-07-22T08:15:55.000000Z,95.382,95.358
2015-07-22T08:16:05.000000Z,95.383,95.359
2015-07-22T08:16:10.000000Z,95.385,95.361
2015-07-22T08:16:20.000000Z,95.384,95.361
2015-07-22T08:16:25.000000Z,95.386,95.36
2015-07-22T08:16:30.000000Z,95.383,95.36
2015-07-22T08:16:35.000000Z,95.377,95.355
2015-07-22T08:16:40.000000Z,95.367,95.345
2015-07-22T08:16:45.000000Z,95.363,95.343
2015-07-22T08:16:50.000000Z,95.362,95.336
2015-07-22T08:16:55.000000Z,95.355,95.333
2015-07-22T08:17:00.000000Z,95.351,95.327
2015-07-22T08:17:05.000000Z,95.352,95.328
2015-07-22T08:17:10.000000Z,95.346,95.321
2015-07-22T08:17:15.000000Z,95.347,95.32
2015-07-22T08:17:20.000000Z,95.351,95.326
2015-07-22T08:17:25.000000Z,95.354,95.333
2015-07-22T08:17:30.000000Z,95.355,95.332
2015-07-22T08:17:35.000000Z,95.357,95.335
2015-07-22T08:17:40.000000Z,95.372,95.349
2015-07-22T08:17:45.000000Z,95.371,95.346
2015-07-22T08:17:50.000000Z,95.372,95.348
2015-07-22T08:18:00.000000Z,95.367,95.344
2015-07-22T08:18:05.000000Z,95.362,95.339
2015-07-22T08:18:10.000000Z,95.365,95.34
2015-07-22T08:18:15.000000Z,95.367,95.341
2015-07-22T08:18:20.000000Z,95.355,95.33
2015-07-22T08:18:25.000000Z,95.348,95.326
2015-07-22T08:18:30.000000Z,95.343,95.317
2015-07-22T08:18:35.000000Z,95.332,95.307
2015-07-22T08:18:40.000000Z,95.339,95.313
2015-07-22T08:18:45.000000Z,95.341,95.315
2015-07-22T08:18:50.000000Z,95.341,95.32
2015-07-22T08:18:55.000000Z,95.337,95.313
2015-07-22T08:19:00.000000Z,95.338,95.314
2015-07-22T08:19:10.000000Z,95.336,95.316
2015-07-22T08:19:15.000000Z,95.343,95.319
2015-07-22T08:19:20.000000Z,95.338,95.315
2015-07-22T08:19:25.000000Z,95.338,95.317
2015-07-22T08:19:30.000000Z,95.342,95.317
2015-07-22T08:19:35.000000Z,95.345,95.319
2015-07-22T08:19:40.000000Z,95.353,95.327
2015-07-22T08:19:45.000000Z,95.358,95.333
2015-07-22T08:19:50.000000Z,95.357,95.333
2015-07-22T08:19:55.000000Z,95.347,95.328
2015-07-22T08:20:00.000000Z,95.348,95.325
2015-07-22T08:20:05.000000Z,95.341,95.32
2015-07-22T08:20:10.000000Z,95.345,95.327
2015-07-22T08:20:15.000000Z,95.348,95.325
2015-07-22T08:20:20.000000Z,95.346,95.326
2015-07-22T08:20:25.000000Z,95.335,95.312
2015-07-22T08:20:30.000000Z,95.329,95.307
2015-07-22T08:20:35.000000Z,95.329,95.307
2015-07-22T08:20:40.000000Z,95.325,95.303
2015-07-22T08:20:45.000000Z,95.328,95.305
2015-07-22T08:20:50.000000Z,95.329,95.309
2015-07-22T08:20:55.000000Z,95.329,95.311
2015-07-22T08:21:00.000000Z,95.329,95.309
2015-07-22T08:21:05.000000Z,95.332,95.311
2015-07-22T08:21:10.000000Z,95.333,95.31
2015-07-22T08:21:15.000000Z,95.329,95.31
2015-07-22T08:21:20.000000Z,95.32,95.299
2015-07-22T08:21:25.000000Z,95.321,95.299
2015-07-22T08:21:35.000000Z,95.318,95.297
2015-07-22T08:21:45.000000Z,95.306,95.286
2015-07-22T08:21:50.000000Z,95.307,95.286
2015-07-22T08:21:55.000000Z,95.307,95.289
2015-07-22T08:22:00.000000Z,95.311,95.291
2015-07-22T08:22:05.000000Z,95.311,95.291
2015-07-22T08:22:10.000000Z,95.312,95.291
2015-07-22T08:22:15.000000Z,95.312,95.291
2015-07-22T08:22:25.000000Z,95.313,95.29
2015-07-22T08:22:30.000000Z,95.311,95.291
2015-07-22T08:22:35.000000Z,95.316,95.293
2015-07-22T08:22:40.000000Z,95.318,95.302
2015-07-22T08:22:45.000000Z,95.319,95.301
2015-07-22T08:22:50.000000Z,95.32,95.302
2015-07-22T08:22:55.000000Z,95.326,95.306
2015-07-22T08:23:00.000000Z,95.321,95.3
2015-07-22T08:23:05.000000Z,95.323,95.302
2015-07-22T08:23:10.000000Z,95.32,95.299
2015-07-22T08:23:15.000000Z,95.316,95.294
2015-07-22T08:23:25.000000Z,95.313,95.292
2015-07-22T08:23:30.000000Z,95.311,95.29
2015-07-22T08:23:35.000000Z,95.311,95.29
2015-07-22T08:23:55.000000Z,95.311,95.29
2015-07-22T08:24:00.000000Z,95.309,95.288
2015-07-22T08:24:05.000000Z,95.314,95.293
2015-07-22T08:24:10.000000Z,95.306,95.284
2015-07-22T08:24:15.000000Z,95.309,95.288
2015-07-22T08:24:20.000000Z,95.312,95.287
2015-07-22T08:24:25.000000Z,95.309,95.285
2015-07-22T08:24:30.000000Z,95.308,95.283
2015-07-22T08:24:35.000000Z,95.309,95.287
2015-07-22T08:24:40.000000Z,95.309,95.286
2015-07-22T08:24:50.000000Z,95.311,95.288
2015-07-22T08:24:55.000000Z,95.313,95.288
2015-07-22T08:25:00.000000Z,95.311,95.291
2015-07-22T08:25:05.000000Z,95.309,95.292
2015-07-22T08:25:10.000000Z,95.31,95.29
2015-07-22T08:25:15.000000Z,95.311,95.29
2015-07-22T08:25:20.000000Z,95.313,95.292
2015-07-22T08:25:25.000000Z,95.324,95.305
2015-07-22T08:25:30.000000Z,95.322,95.3
2015-07-22T08:25:35.000000Z,95.322,95.298
2015-07-22T08:25:40.000000Z,95.327,95.303
2015-07-22T08:25:45.000000Z,95.329,95.31
2015-07-22T08:25:50.000000Z,95.334,95.313
2015-07-22T08:25:55.000000Z,95.339,95.318
2015-07-22T08:26:00.000000Z,95.344,95.321
2015-07-22T08:26:05.000000Z,95.345,95.322
2015-07-22T08:26:10.000000Z,95.344,95.323
2015-07-22T08:26:15.000000Z,95.347,95.324
2015-07-22T08:26:20.000000Z,95.357,95.337
2015-07-22T08:26:25.000000Z,95.369,95.344
2015-07-22T08:26:30.000000Z,95.372,95.349
2015-07-22T08:26:35.000000Z,95.363,95.34
2015-07-22T08:26:40.000000Z,95.357,95.334
2015-07-22T08:26:45.000000Z,95.369,95.343
2015-07-22T08:26:50.000000Z,95.362,95.339
2015-07-22T08:26:55.000000Z,95.359,95.335
2015-07-22T08:27:00.000000Z,95.359,95.335
2015-07-22T08:27:05.000000Z,95.364,95.338
2015-07-22T08:27:10.000000Z,95.367,95.343
2015-07-22T08:27:15.000000Z,95.366,95.34
2015-07-22T08:27:20.000000Z,95.364,95.34
2015-07-22T08:27:25.000000Z,95.362,95.336
2015-07-22T08:27:35.000000Z,95.366,95.343
2015-07-22T08:27:40.000000Z,95.365,95.343
2015-07-22T08:27:45.000000Z,95.361,95.339
2015-07-22T08:27:50.000000Z,95.362,95.339
2015-07-22T08:27:55.000000Z,95.354,95.327
2015-07-22T08:28:00.000000Z,95.345,95.323
2015-07-22T08:28:05.000000Z,95.338,95.315
2015-07-22T08:28:10.000000Z,95.332,95.309
2015-07-22T08:28:15.000000Z,95.337,95.315
2015-07-22T08:28:20.000000Z,95.336,95.314
2015-07-22T08:28:25.000000Z,95.336,95.315
2015-07-22T08:28:30.000000Z,95.332,95.312
2015-07-22T08:28:35.000000Z,95.332,95.309
2015-07-22T08:28:40.000000Z,95.337,95.316
2015-07-22T08:28:50.000000Z,95.34,95.318
2015-07-22T08:28:55.000000Z,95.339,95.319
2015-07-22T08:29:00.000000Z,95.338,95.318
2015-07-22T08:29:05.000000Z,95.339,95.319
2015-07-22T08:29:15.000000Z,95.34,95.318
2015-07-22T08:29:20.000000Z,95.335,95.314
2015-07-22T08:29:25.000000Z,95.337,95.315
2015-07-22T08:29:30.000000Z,95.342,95.321
2015-07-22T08:29:35.000000Z,95.344,95.322
2015-07-22T08:29:40.000000Z,95.339,95.318
2015-07-22T08:29:45.000000Z,95.338,95.316
2015-07-22T08:29:50.000000Z,95.338,95.316
2015-07-22T08:29:55.000000Z,95.335,95.313
2015-07-22T08:30:00.000000Z,95.336,95.308
2015-07-22T08:30:05.000000Z,95.335,95.313
2015-07-22T08:30:10.000000Z,95.335,95.311
2015-07-22T08:30:15.000000Z,95.33,95.308
2015-07-22T08:30:20.000000Z,95.337,95.311
2015-07-22T08:30:25.000000Z,95.331,95.309
2015-07-22T08:30:30.000000Z,95.32,95.297
2015-07-22T08:30:35.000000Z,95.32,95.297
2015-07-22T08:30:40.000000Z,95.324,95.302
2015-07-22T08:30:45.000000Z,95.328,95.307
2015-07-22T08:30:50.000000Z,95.325,95.3
2015-07-22T08:30:55.000000Z,95.324,95.301
2015-07-22T08:31:00.000000Z,95.322,95.302
2015-07-22T08:31:05.000000Z,95.326,95.301
2015-07-22T08:31:10.000000Z,95.323,95.302
2015-07-22T08:31:15.000000Z,95.323,95.303
2015-07-22T08:31:20.000000Z,95.323,95.299
2015-07-22T08:31:25.000000Z,95.318,95.299
2015-07-22T08:31:30.000000Z,95.322,95.297
2015-07-22T08:31:35.000000Z,95.32,95.297
2015-07-22T08:31:40.000000Z,95.321,95.302
2015-07-22T08:31:45.000000Z,95.326,95.305
2015-07-22T08:31:50.000000Z,95.33,95.308
2015-07-22T08:31:55.000000Z,95.336,95.311
2015-07-22T08:32:00.000000Z,95.34,95.32
2015-07-22T08:32:05.000000Z,95.339,95.315
2015-07-22T08:32:10.000000Z,95.333,95.306
2015-07-22T08:32:15.000000Z,95.335,95.313
2015-07-22T08:32:20.000000Z,95.342,95.316
2015-07-22T08:32:25.000000Z,95.336,95.315
2015-07-22T08:32:30.000000Z,95.335,95.311
2015-07-22T08:32:35.000000Z,95.335,95.315
2015-07-22T08:32:40.000000Z,95.337,95.316
2015-07-22T08:32:45.000000Z,95.338,95.317
2015-07-22T08:32:50.000000Z,95.338,95.314
2015-07-22T08:32:55.000000Z,95.337,95.317
2015-07-22T08:33:00.000000Z,95.334,95.314
2015-07-22T08:33:05.000000Z,95.333,95.311
2015-07-22T08:33:10.000000Z,95.339,95.318
2015-07-22T08:33:15.000000Z,95.335,95.317
2015-07-22T08:33:20.000000Z,95.335,95.311
2015-07-22T08:33:30.000000Z,95.335,95.311
2015-07-22T08:33:35.000000Z,95.337,95.313
2015-07-22T08:33:40.000000Z,95.336,95.312
2015-07-22T08:33:45.000000Z,95.336,95.314
2015-07-22T08:33:50.000000Z,95.335,95.313
2015-07-22T08:33:55.000000Z,95.337,95.315
2015-07-22T08:34:00.000000Z,95.336,95.313
2015-07-22T08:34:05.000000Z,95.331,95.307
2015-07-22T08:34:10.000000Z,95.328,95.305
2015-07-22T08:34:15.000000Z,95.328,95.307
2015-07-22T08:34:20.000000Z,95.331,95.31
2015-07-22T08:34:25.000000Z,95.32,95.296
2015-07-22T08:34:30.000000Z,95.315,95.292
2015-07-22T08:34:35.000000Z,95.318,95.294
2015-07-22T08:34:40.000000Z,95.322,95.298
2015-07-22T08:34:45.000000Z,95.322,95.298
2015-07-22T08:34:50.000000Z,95.326,95.301
2015-07-22T08:34:55.000000Z,95.321,95.298
2015-07-22T08:35:00.000000Z,95.327,95.304
2015-07-22T08:35:05.000000Z,95.33,95.308
2015-07-22T08:35:10.000000Z,95.326,95.303
2015-07-22T08:35:15.000000Z,95.327,95.305
2015-07-22T08:35:20.000000Z,95.324,95.301
2015-07-22T08:35:25.000000Z,95.326,95.304
2015-07-22T08:35:30.000000Z,95.318,95.297
2015-07-22T08:35:35.000000Z,95.316,95.294
2015-07-22T08:35:40.000000Z,95.318,95.296
2015-07-22T08:35:45.000000Z,95.317,95.296
2015-07-22T08:35:50.000000Z,95.312,95.29
2015-07-22T08:35:55.000000Z,95.311,95.286
2015-07-22T08:36:00.000000Z,95.311,95.286
2015-07-22T08:36:05.000000Z,95.31,95.285
2015-07-22T08:36:10.000000Z,95.306,95.284
2015-07-22T08:36:15.000000Z,95.312,95.286
2015-07-22T08:36:20.000000Z,95.305,95.28
2015-07-22T08:36:25.000000Z,95.31,95.286
2015-07-22T08:36:30.000000Z,95.31,95.286
2015-07-22T08:36:35.000000Z,95.31,95.287
2015-07-22T08:36:40.000000Z,95.31,95.288
2015-07-22T08:36:45.000000Z,95.316,95.291
2015-07-22T08:36:50.000000Z,95.316,95.294
2015-07-22T08:36:55.000000Z,95.318,95.296
2015-07-22T08:37:00.000000Z,95.326,95.306
2015-07-22T08:37:05.000000Z,95.328,95.305
2015-07-22T08:37:10.000000Z,95.333,95.307
2015-07-22T08:37:15.000000Z,95.33,95.305
2015-07-22T08:37:20.000000Z,95.336,95.31
2015-07-22T08:37:25.000000Z,95.301,95.272
2015-07-22T08:37:30.000000Z,95.304,95.273
2015-07-22T08:37:35.000000Z,95.296,95.273
2015-07-22T08:37:40.000000Z,95.299,95.269
2015-07-22T08:37:45.000000Z,95.301,95.272
2015-07-22T08:37:50.000000Z,95.3,95.273
2015-07-22T08:37:55.000000Z,95.299,95.272
2015-07-22T08:38:00.000000Z,95.3,95.273
2015-07-22T08:38:05.000000Z,95.299,95.274
2015-07-22T08:38:10.000000Z,95.298,95.273
2015-07-22T08:38:15.000000Z,95.3,95.274
2015-07-22T08:38:20.000000Z,95.304,95.278
2015-07-22T08:38:25.000000Z,95.304,95.28
2015-07-22T08:38:30.000000Z,95.305,95.282
2015-07-22T08:38:35.000000Z,95.312,95.284
2015-07-22T08:38:40.000000Z,95.323,95.301
2015-07-22T08:38:45.000000Z,95.325,95.302
2015-07-22T08:38:50.000000Z,95.323,95.298
2015-07-22T08:38:55.000000Z,95.317,95.294
2015-07-22T08:39:00.000000Z,95.318,95.296
2015-07-22T08:39:05.000000Z,95.315,95.292
2015-07-22T08:39:10.000000Z,95.315,95.291
2015-07-22T08:39:15.000000Z,95.317,95.292
2015-07-22T08:39:20.000000Z,95.336,95.314
2015-07-22T08:39:25.000000Z,95.326,95.303
2015-07-22T08:39:30.000000Z,95.313,95.287
2015-07-22T08:39:35.000000Z,95.317,95.29
2015-07-22T08:39:40.000000Z,95.315,95.293
2015-07-22T08:39:45.000000Z,95.314,95.292
2015-07-22T08:39:50.000000Z,95.311,95.288
2015-07-22T08:39:55.000000Z,95.307,95.285
2015-07-22T08:40:00.000000Z,95.306,95.285
2015-07-22T08:40:05.000000Z,95.305,95.283
2015-07-22T08:40:10.000000Z,95.303,95.281
2015-07-22T08:40:15.000000Z,95.296,95.279
2015-07-22T08:40:20.000000Z,95.297,95.278
2015-07-22T08:40:25.000000Z,95.297,95.277
2015-07-22T08:40:30.000000Z,95.299,95.278
2015-07-22T08:40:35.000000Z,95.306,95.285
2015-07-22T08:40:40.000000Z,95.306,95.282
2015-07-22T08:40:45.000000Z,95.306,95.282
2015-07-22T08:40:50.000000Z,95.306,95.284
2015-07-22T08:40:55.000000Z,95.298,95.278
2015-07-22T08:41:00.000000Z,95.295,95.275
2015-07-22T08:41:05.000000Z,95.297,95.275
2015-07-22T08:41:10.000000Z,95.307,95.285
2015-07-22T08:41:15.000000Z,95.306,95.285
2015-07-22T08:41:20.000000Z,95.306,95.281
2015-07-22T08:41:25.000000Z,95.301,95.282
2015-07-22T08:41:30.000000Z,95.302,95.282
2015-07-22T08:41:40.000000Z,95.307,95.285
2015-07-22T08:41:45.000000Z,95.306,95.283
2015-07-22T08:41:50.000000Z,95.3,95.278
2015-07-22T08:41:55.000000Z,95.299,95.279
2015-07-22T08:42:15.000000Z,95.299,95.279
2015-07-22T08:42:20.000000Z,95.301,95.279
2015-07-22T08:42:25.000000Z,95.299,95.279
2015-07-22T08:42:30.000000Z,95.303,95.281
2015-07-22T08:42:35.000000Z,95.3,95.279
2015-07-22T08:42:40.000000Z,95.292,95.275
2015-07-22T08:42:45.000000Z,95.295,95.275
2015-07-22T08:42:50.000000Z,95.297,95.277
2015-07-22T08:42:55.000000Z,95.296,95.278
2015-07-22T08:43:05.000000Z,95.296,95.275
2015-07-22T08:43:10.000000Z,95.299,95.278
2015-07-22T08:43:25.000000Z,95.298,95.278
2015-07-22T08:43:30.000000Z,95.297,95.278
2015-07-22T08:43:35.000000Z,95.297,95.278
2015-07-22T08:43:50.000000Z,95.289,95.268
2015-07-22T08:43:55.000000Z,95.287,95.265
2015-07-22T08:44:00.000000Z,95.287,95.266
2015-07-22T08:44:15.000000Z,95.283,95.262
2015-07-22T08:44:20.000000Z,95.286,95.266
2015-07-22T08:44:25.000000Z,95.287,95.266
2015-07-22T08:44:30.000000Z,95.287,95.267
2015-07-22T08:44:35.000000Z,95.288,95.267
2015-07-22T08:44:40.000000Z,95.288,95.267
2015-07-22T08:44:45.000000Z,95.285,95.263
2015-07-22T08:44:50.000000Z,95.286,95.265
2015-07-22T08:44:55.000000Z,95.284,95.264
2015-07-22T08:45:00.000000Z,95.287,95.265
2015-07-22T08:45:05.000000Z,95.288,95.267
2015-07-22T08:45:10.000000Z,95.289,95.268
2015-07-22T08:45:15.000000Z,95.29,95.269
2015-07-22T08:45:20.000000Z,95.295,95.273
2015-07-22T08:45:25.000000Z,95.295,95.275
2015-07-22T08:45:30.000000Z,95.295,95.274
2015-07-22T08:45:35.000000Z,95.294,95.271
2015-07-22T08:45:50.000000Z,95.293,95.272
2015-07-22T08:45:55.000000Z,95.298,95.274
2015-07-22T08:46:00.000000Z,95.299,95.275
2015-07-22T08:46:05.000000Z,95.309,95.284
2015-07-22T08:46:10.000000Z,95.307,95.284
2015-07-22T08:46:15.000000Z,95.312,95.29
2015-07-22T08:46:20.000000Z,95.312,95.29
2015-07-22T08:46:25.000000Z,95.313,95.29
2015-07-22T08:46:30.000000Z,95.31,95.289
2015-07-22T08:46:35.000000Z,95.309,95.289
2015-07-22T08:46:40.000000Z,95.308,95.283
2015-07-22T08:46:45.000000Z,95.307,95.285
2015-07-22T08:46:50.000000Z,95.309,95.288
2015-07-22T08:46:55.000000Z,95.31,95.286
2015-07-22T08:47:00.000000Z,95.31,95.289
2015-07-22T08:47:05.000000Z,95.307,95.285
2015-07-22T08:47:10.000000Z,95.303,95.284
2015-07-22T08:47:15.000000Z,95.303,95.282
2015-07-22T08:47:20.000000Z,95.303,95.283
2015-07-22T08:47:25.000000Z,95.311,95.288
2015-07-22T08:47:30.000000Z,95.316,95.292
2015-07-22T08:47:35.000000Z,95.313,95.29
2015-07-22T08:47:40.000000Z,95.317,95.293
2015-07-22T08:47:45.000000Z,95.324,95.301
2015-07-22T08:47:50.000000Z,95.323,95.302
2015-07-22T08:47:55.000000Z,95.326,95.304
2015-07-22T08:48:00.000000Z,95.327,95.306
2015-07-22T08:48:05.000000Z,95.328,95.305
2015-07-22T08:48:10.000000Z,95.331,95.308
2015-07-22T08:48:15.000000Z,95.33,95.306
2015-07-22T08:48:20.000000Z,95.332,95.307
2015-07-22T08:48:25.000000Z,95.333,95.308
2015-07-22T08:48:30.000000Z,95.33,95.304
2015-07-22T08:48:35.000000Z,95.326,95.304
2015-07-22T08:48:40.000000Z,95.328,95.306
2015-07-22T08:48:45.000000Z,95.327,95.305
2015-07-22T08:48:50.000000Z,95.327,95.305
2015-07-22T08:48:55.000000Z,95.328,95.304
2015-07-22T08:49:00.000000Z,95.324,95.302
2015-07-22T08:49:05.000000Z,95.316,95.297
2015-07-22T08:49:10.000000Z,95.318,95.297
2015-07-22T08:49:15.000000Z,95.317,95.296
2015-07-22T08:49:20.000000Z,95.321,95.297
2015-07-22T08:49:25.000000Z,95.319,95.296
2015-07-22T08:49:30.000000Z,95.318,95.293
2015-07-22T08:49:35.000000Z,95.318,95.295
2015-07-22T08:49:40.000000Z,95.327,95.302
2015-07-22T08:49:45.000000Z,95.326,95.301
2015-07-22T08:49:50.000000Z,95.326,95.301
2015-07-22T08:49:55.000000Z,95.327,95.302
2015-07-22T08:50:00.000000Z,95.325,95.303
2015-07-22T08:50:05.000000Z,95.327,95.303
2015-07-22T08:50:10.000000Z,95.328,95.305
2015-07-22T08:50:15.000000Z,95.329,95.307
2015-07-22T08:50:20.000000Z,95.332,95.308
2015-07-22T08:50:25.000000Z,95.326,95.302
2015-07-22T08:50:30.000000Z,95.326,95.304
2015-07-22T08:50:35.000000Z,95.327,95.305
2015-07-22T08:50:40.000000Z,95.329,95.304
2015-07-22T08:50:45.000000Z,95.324,95.301
2015-07-22T08:50:50.000000Z,95.323,95.301
2015-07-22T08:51:00.000000Z,95.324,95.301
2015-07-22T08:51:05.000000Z,95.324,95.3
2015-07-22T08:51:10.000000Z,95.32,95.298
2015-07-22T08:51:15.000000Z,95.311,95.291
2015-07-22T08:51:20.000000Z,95.312,95.29
2015-07-22T08:51:25.000000Z,95.311,95.291
2015-07-22T08:51:30.000000Z,95.309,95.287
2015-07-22T08:51:40.000000Z,95.31,95.29
2015-07-22T08:51:45.000000Z,95.308,95.287
2015-07-22T08:51:50.000000Z,95.307,95.287
2015-07-22T08:51:55.000000Z,95.309,95.287
2015-07-22T08:52:00.000000Z,95.31,95.287
2015-07-22T08:52:10.000000Z,95.31,95.29
2015-07-22T08:52:15.000000Z,95.313,95.293
2015-07-22T08:52:20.000000Z,95.314,95.291
2015-07-22T08:52:25.000000Z,95.312,95.293
2015-07-22T08:52:30.000000Z,95.313,95.293
2015-07-22T08:52:35.000000Z,95.312,95.29
2015-07-22T08:52:40.000000Z,95.311,95.289
2015-07-22T08:52:45.000000Z,95.311,95.29
2015-07-22T08:52:50.000000Z,95.312,95.288
2015-07-22T08:52:55.000000Z,95.32,95.3
2015-07-22T08:53:00.000000Z,95.32,95.296
2015-07-22T08:53:05.000000Z,95.319,95.298
2015-07-22T08:53:10.000000Z,95.343,95.317
2015-07-22T08:53:15.000000Z,95.343,95.318
2015-07-22T08:53:20.000000Z,95.342,95.316
2015-07-22T08:53:25.000000Z,95.338,95.312
2015-07-22T08:53:30.000000Z,95.337,95.31
2015-07-22T08:53:35.000000Z,95.337,95.312
2015-07-22T08:53:40.000000Z,95.342,95.318
2015-07-22T08:53:45.000000Z,95.341,95.316
2015-07-22T08:53:50.000000Z,95.342,95.316
2015-07-22T08:53:55.000000Z,95.342,95.314
2015-07-22T08:54:00.000000Z,95.337,95.308
2015-07-22T08:54:05.000000Z,95.337,95.307
2015-07-22T08:54:10.000000Z,95.329,95.3
2015-07-22T08:54:15.000000Z,95.325,95.296
2015-07-22T08:54:20.000000Z,95.324,95.298
2015-07-22T08:54:25.000000Z,95.327,95.3
2015-07-22T08:54:30.000000Z,95.324,95.297
2015-07-22T08:54:35.000000Z,95.322,95.296
2015-07-22T08:54:40.000000Z,95.328,95.297
2015-07-22T08:54:45.000000Z,95.324,95.297
2015-07-22T08:54:50.000000Z,95.333,95.304
2015-07-22T08:54:55.000000Z,95.33,95.303
2015-07-22T08:55:00.000000Z,95.331,95.31
2015-07-22T08:55:05.000000Z,95.331,95.309
2015-07-22T08:55:10.000000Z,95.335,95.31
2015-07-22T08:55:15.000000Z,95.332,95.309
2015-07-22T08:55:20.000000Z,95.331,95.306
2015-07-22T08:55:25.000000Z,95.328,95.302
2015-07-22T08:55:30.000000Z,95.33,95.304
2015-07-22T08:55:35.000000Z,95.329,95.305
2015-07-22T08:55:40.000000Z,95.326,95.302
2015-07-22T08:55:45.000000Z,95.328,95.307
2015-07-22T08:55:50.000000Z,95.321,95.295
2015-07-22T08:55:55.000000Z,95.318,95.296
2015-07-22T08:56:00.000000Z,95.319,95.297
2015-07-22T08:56:05.000000Z,95.321,95.296
2015-07-22T08:56:15.000000Z,95.322,95.296
2015-07-22T08:56:20.000000Z,95.321,95.296
2015-07-22T08:56:25.000000Z,95.32,95.296
2015-07-22T08:56:30.000000Z,95.321,95.296
2015-07-22T08:56:35.000000Z,95.325,95.3
2015-07-22T08:56:40.000000Z,95.328,95.302
2015-07-22T08:56:45.000000Z,95.34,95.315
2015-07-22T08:56:50.000000Z,95.343,95.317
2015-07-22T08:57:05.000000Z,95.34,95.314
2015-07-22T08:57:15.000000Z,95.348,95.326
2015-07-22T08:57:20.000000Z,95.348,95.325
2015-07-22T08:57:25.000000Z,95.345,95.324
2015-07-22T08:57:30.000000Z,95.355,95.331
2015-07-22T08:57:35.000000Z,95.358,95.333
2015-07-22T08:57:40.000000Z,95.359,95.334
2015-07-22T08:57:45.000000Z,95.36,95.333
2015-07-22T08:57:50.000000Z,95.359,95.333
2015-07-22T08:57:55.000000Z,95.359,95.334
2015-07-22T08:58:00.000000Z,95.362,95.334
2015-07-22T08:58:05.000000Z,95.361,95.335
2015-07-22T08:58:15.000000Z,95.361,95.333
2015-07-22T08:58:20.000000Z,95.361,95.34
2015-07-22T08:58:25.000000Z,95.368,95.345
2015-07-22T08:58:30.000000Z,95.367,95.346
2015-07-22T08:58:35.000000Z,95.369,95.346
2015-07-22T08:58:40.000000Z,95.372,95.353
2015-07-22T08:58:45.000000Z,95.373,95.353
2015-07-22T08:58:50.000000Z,95.374,95.353
2015-07-22T08:58:55.000000Z,95.374,95.354
2015-07-22T08:59:00.000000Z,95.373,95.35
2015-07-22T08:59:05.000000Z,95.373,95.351
2015-07-22T08:59:10.000000Z,95.373,95.351
2015-07-22T08:59:15.000000Z,95.375,95.353
2015-07-22T08:59:20.000000Z,95.376,95.354
2015-07-22T08:59:25.000000Z,95.376,95.352
2015-07-22T08:59:30.000000Z,95.363,95.339
2015-07-22T08:59:35.000000Z,95.359,95.34
2015-07-22T08:59:40.000000Z,95.363,95.343
2015-07-22T08:59:45.000000Z,95.37,95.346
2015-07-22T08:59:50.000000Z,95.367,95.343
2015-07-22T08:59:55.000000Z,95.365,95.342
2015-07-22T09:00:00.000000Z,95.364,95.34
2015-07-22T09:00:05.000000Z,95.369,95.343
2015-07-22T09:00:10.000000Z,95.369,95.344
2015-07-22T09:00:15.000000Z,95.367,95.344
2015-07-22T09:00:20.000000Z,95.369,95.344
2015-07-22T09:00:25.000000Z,95.369,95.346
2015-07-22T09:00:35.000000Z,95.369,95.348
2015-07-22T09:00:40.000000Z,95.373,95.352
2015-07-22T09:00:55.000000Z,95.371,95.35
2015-07-22T09:01:00.000000Z,95.369,95.35
2015-07-22T09:01:05.000000Z,95.363,95.341
2015-07-22T09:01:10.000000Z,95.367,95.345
2015-07-22T09:01:15.000000Z,95.368,95.352
2015-07-22T09:01:20.000000Z,95.387,95.358
2015-07-22T09:01:30.000000Z,95.391,95.362
2015-07-22T09:01:35.000000Z,95.392,95.364
2015-07-22T09:01:40.000000Z,95.394,95.364
2015-07-22T09:01:50.000000Z,95.397,95.368
2015-07-22T09:01:55.000000Z,95.396,95.369
2015-07-22T09:02:00.000000Z,95.393,95.365
2015-07-22T09:02:05.000000Z,95.39,95.361
2015-07-22T09:02:10.000000Z,95.393,95.368
2015-07-22T09:02:15.000000Z,95.396,95.368
2015-07-22T09:02:20.000000Z,95.395,95.368
2015-07-22T09:02:25.000000Z,95.394,95.367
2015-07-22T09:02:30.000000Z,95.396,95.37
2015-07-22T09:02:35.000000Z,95.397,95.372
2015-07-22T09:02:45.000000Z,95.397,95.371
2015-07-22T09:02:50.000000Z,95.396,95.375
2015-07-22T09:02:55.000000Z,95.401,95.379
2015-07-22T09:03:00.000000Z,95.389,95.363
2015-07-22T09:03:05.000000Z,95.392,95.369
2015-07-22T09:03:10.000000Z,95.395,95.367
2015-07-22T09:03:15.000000Z,95.391,95.367
2015-07-22T09:03:20.000000Z,95.395,95.372
2015-07-22T09:03:25.000000Z,95.39,95.367
2015-07-22T09:03:30.000000Z,95.388,95.365
2015-07-22T09:03:35.000000Z,95.377,95.351
2015-07-22T09:03:40.000000Z,95.381,95.354
2015-07-22T09:03:45.000000Z,95.38,95.358
2015-07-22T09:03:50.000000Z,95.382,95.36
2015-07-22T09:03:55.000000Z,95.38,95.353
2015-07-22T09:04:00.000000Z,95.372,95.349
2015-07-22T09:04:05.000000Z,95.366,95.342
2015-07-22T09:04:15.000000Z,95.365,95.339
2015-07-22T09:04:20.000000Z,95.364,95.341
2015-07-22T09:04:25.000000Z,95.363,95.343
2015-07-22T09:04:30.000000Z,95.367,95.343
2015-07-22T09:04:35.000000Z,95.366,95.343
2015-07-22T09:04:50.000000Z,95.364,95.344
2015-07-22T09:05:00.000000Z,95.368,95.348
2015-07-22T09:05:05.000000Z,95.37,95.347
2015-07-22T09:05:10.000000Z,95.37,95.35
2015-07-22T09:05:20.000000Z,95.372,95.349
2015-07-22T09:05:25.000000Z,95.379,95.353
2015-07-22T09:05:30.000000Z,95.378,95.355
2015-07-22T09:05:35.000000Z,95.381,95.355
2015-07-22T09:05:40.000000Z,95.379,95.353
2015-07-22T09:05:45.000000Z,95.378,95.354
2015-07-22T09:05:50.000000Z,95.374,95.352
2015-07-22T09:05:55.000000Z,95.375,95.35
2015-07-22T09:06:00.000000Z,95.373,95.348
2015-07-22T09:06:05.000000Z,95.368,95.345
2015-07-22T09:06:10.000000Z,95.369,95.345
2015-07-22T09:06:15.000000Z,95.366,95.342
2015-07-22T09:06:20.000000Z,95.368,95.344
2015-07-22T09:06:25.000000Z,95.371,95.344
2015-07-22T09:06:30.000000Z,95.371,95.344
2015-07-22T09:06:35.000000Z,95.369,95.344
2015-07-22T09:06:40.000000Z,95.372,95.346
2015-07-22T09:06:50.000000Z,95.387,95.363
2015-07-22T09:06:55.000000Z,95.39,95.361
2015-07-22T09:07:00.000000Z,95.385,95.363
2015-07-22T09:07:05.000000Z,95.386,95.361
2015-07-22T09:07:10.000000Z,95.386,95.361
2015-07-22T09:07:15.000000Z,95.388,95.361
2015-07-22T09:07:20.000000Z,95.389,95.364
2015-07-22T09:07:25.000000Z,95.387,95.362
2015-07-22T09:07:30.000000Z,95.387,95.36
2015-07-22T09:07:35.000000Z,95.39,95.366
2015-07-22T09:07:40.000000Z,95.391,95.367
2015-07-22T09:07:45.000000Z,95.394,95.37
2015-07-22T09:07:50.000000Z,95.394,95.372
2015-07-22T09:07:55.000000Z,95.395,95.369
2015-07-22T09:08:00.000000Z,95.392,95.369
2015-07-22T09:08:05.000000Z,95.395,95.371
2015-07-22T09:08:10.000000Z,95.395,95.373
2015-07-22T09:08:15.000000Z,95.39,95.368
2015-07-22T09:08:20.000000Z,95.39,95.369
2015-07-22T09:08:25.000000Z,95.387,95.368
2015-07-22T09:08:35.000000Z,95.388,95.368
2015-07-22T09:08:40.000000Z,95.392,95.371
2015-07-22T09:08:50.000000Z,95.397,95.375
2015-07-22T09:09:00.000000Z,95.394,95.372
2015-07-22T09:09:05.000000Z,95.395,95.374
2015-07-22T09:09:10.000000Z,95.394,95.372
2015-07-22T09:09:15.000000Z,95.39,95.368
2015-07-22T09:09:20.000000Z,95.393,95.371
2015-07-22T09:09:25.000000Z,95.393,95.372
2015-07-22T09:09:30.000000Z,95.393,95.373
2015-07-22T09:09:35.000000Z,95.393,95.373
2015-07-22T09:09:40.000000Z,95.395,95.373
2015-07-22T09:09:45.000000Z,95.392,95.371
2015-07-22T09:09:50.000000Z,95.393,95.371
2015-07-22T09:09:55.000000Z,95.396,95.373
2015-07-22T09:10:05.000000Z,95.398,95.376
2015-07-22T09:10:20.000000Z,95.397,95.374
2015-07-22T09:10:25.000000Z,95.396,95.375
2015-07-22T09:10:30.000000Z,95.395,95.372
2015-07-22T09:10:35.000000Z,95.392,95.369
2015-07-22T09:10:40.000000Z,95.39,95.371
2015-07-22T09:10:45.000000Z,95.386,95.362
2015-07-22T09:10:50.000000Z,95.392,95.37
2015-07-22T09:10:55.000000Z,95.388,95.365
2015-07-22T09:11:00.000000Z,95.384,95.363
2015-07-22T09:11:05.000000Z,95.384,95.361
2015-07-22T09:11:10.000000Z,95.386,95.364
2015-07-22T09:11:15.000000Z,95.388,95.366
2015-07-22T09:11:30.000000Z,95.386,95.364
2015-07-22T09:11:35.000000Z,95.385,95.363
2015-07-22T09:11:45.000000Z,95.383,95.362
2015-07-22T09:11:50.000000Z,95.377,95.356
2015-07-22T09:11:55.000000Z,95.376,95.354
2015-07-22T09:12:00.000000Z,95.376,95.353
2015-07-22T09:12:05.000000Z,95.377,95.355
2015-07-22T09:12:10.000000Z,95.38,95.36
2015-07-22T09:12:15.000000Z,95.376,95.355
2015-07-22T09:12:20.000000Z,95.373,95.352
2015-07-22T09:12:25.000000Z,95.372,95.352
2015-07-22T09:12:30.000000Z,95.372,95.351
2015-07-22T09:12:40.000000Z,95.368,95.349
2015-07-22T09:12:45.000000Z,95.366,95.345
2015-07-22T09:12:55.000000Z,95.356,95.333
2015-07-22T09:13:05.000000Z,95.357,95.334
2015-07-22T09:13:10.000000Z,95.36,95.337
2015-07-22T09:13:20.000000Z,95.362,95.339
2015-07-22T09:13:25.000000Z,95.362,95.34
2015-07-22T09:13:30.000000Z,95.374,95.353
2015-07-22T09:13:35.000000Z,95.365,95.343
2015-07-22T09:13:55.000000Z,95.366,95.342
2015-07-22T09:14:00.000000Z,95.369,95.345
2015-07-22T09:14:05.000000Z,95.369,95.346
2015-07-22T09:14:10.000000Z,95.366,95.343
2015-07-22T09:14:15.000000Z,95.365,95.341
2015-07-22T09:14:20.000000Z,95.363,95.337
2015-07-22T09:14:25.000000Z,95.363,95.342
2015-07-22T09:14:30.000000Z,95.363,95.345
2015-07-22T09:14:40.000000Z,95.363,95.344
2015-07-22T09:14:45.000000Z,95.363,95.342
2015-07-22T09:14:50.000000Z,95.359,95.337
2015-07-22T09:14:55.000000Z,95.356,95.336
2015-07-22T09:15:00.000000Z,95.355,95.333
2015-07-22T09:15:05.000000Z,95.358,95.336
2015-07-22T09:15:10.000000Z,95.36,95.336
2015-07-22T09:15:15.000000Z,95.363,95.339
2015-07-22T09:15:20.000000Z,95.362,95.339
2015-07-22T09:15:25.000000Z,95.361,95.34
2015-07-22T09:15:30.000000Z,95.362,95.342
2015-07-22T09:15:35.000000Z,95.356,95.334
2015-07-22T09:15:40.000000Z,95.353,95.333
2015-07-22T09:15:45.000000Z,95.354,95.332
2015-07-22T09:15:50.000000Z,95.355,95.333
2015-07-22T09:15:55.000000Z,95.361,95.338
2015-07-22T09:16:05.000000Z,95.358,95.335
2015-07-22T09:16:10.000000Z,95.354,95.332
2015-07-22T09:16:20.000000Z,95.353,95.331
2015-07-22T09:16:25.000000Z,95.353,95.33
2015-07-22T09:16:30.000000Z,95.352,95.331
2015-07-22T09:16:35.000000Z,95.352,95.33
2015-07-22T09:16:40.000000Z,95.349,95.33
2015-07-22T09:16:45.000000Z,95.349,95.326
2015-07-22T09:16:50.000000Z,95.349,95.328
2015-07-22T09:16:55.000000Z,95.355,95.333
2015-07-22T09:17:00.000000Z,95.354,95.334
2015-07-22T09:17:05.000000Z,95.355,95.332
2015-07-22T09:17:10.000000Z,95.356,95.333
2015-07-22T09:17:15.000000Z,95.358,95.334
2015-07-22T09:17:20.000000Z,95.358,95.334
2015-07-22T09:17:25.000000Z,95.356,95.333
2015-07-22T09:17:30.000000Z,95.355,95.332
2015-07-22T09:17:40.000000Z,95.355,95.33
2015-07-22T09:17:45.000000Z,95.351,95.327
2015-07-22T09:17:50.000000Z,95.351,95.326
2015-07-22T09:17:55.000000Z,95.347,95.324
2015-07-22T09:18:00.000000Z,95.34,95.32
2015-07-22T09:18:05.000000Z,95.341,95.319
2015-07-22T09:18:10.000000Z,95.341,95.318
2015-07-22T09:18:20.000000Z,95.346,95.323
2015-07-22T09:18:30.000000Z,95.341,95.319
2015-07-22T09:18:35.000000Z,95.341,95.319
2015-07-22T09:18:40.000000Z,95.345,95.321
2015-07-22T09:18:45.000000Z,95.347,95.322
2015-07-22T09:18:50.000000Z,95.341,95.318
2015-07-22T09:18:55.000000Z,95.34,95.316
2015-07-22T09:19:00.000000Z,95.34,95.316
2015-07-22T09:19:05.000000Z,95.338,95.317
2015-07-22T09:19:10.000000Z,95.34,95.315
2015-07-22T09:19:15.000000Z,95.332,95.31
2015-07-22T09:19:20.000000Z,95.331,95.307
2015-07-22T09:19:25.000000Z,95.341,95.321
2015-07-22T09:19:30.000000Z,95.343,95.32
2015-07-22T09:19:35.000000Z,95.342,95.32
2015-07-22T09:19:40.000000Z,95.34,95.318
2015-07-22T09:19:45.000000Z,95.342,95.32
2015-07-22T09:19:50.000000Z,95.341,95.32
2015-07-22T09:19:55.000000Z,95.341,95.319
2015-07-22T09:20:05.000000Z,95.349,95.328
2015-07-22T09:20:10.000000Z,95.35,95.327
2015-07-22T09:20:15.000000Z,95.345,95.324
2015-07-22T09:20:20.000000Z,95.353,95.33
2015-07-22T09:20:25.000000Z,95.347,95.324
2015-07-22T09:20:30.000000Z,95.345,95.323
2015-07-22T09:20:35.000000Z,95.348,95.325
2015-07-22T09:20:40.000000Z,95.35,95.326
2015-07-22T09:20:45.000000Z,95.35,95.328
2015-07-22T09:20:55.000000Z,95.347,95.327
2015-07-22T09:21:00.000000Z,95.349,95.325
2015-07-22T09:21:05.000000Z,95.35,95.325
2015-07-22T09:21:10.000000Z,95.349,95.323
2015-07-22T09:21:15.000000Z,95.348,95.323
2015-07-22T09:21:20.000000Z,95.344,95.318
2015-07-22T09:21:25.000000Z,95.339,95.316
2015-07-22T09:21:30.000000Z,95.341,95.316
2015-07-22T09:21:35.000000Z,95.341,95.318
2015-07-22T09:21:40.000000Z,95.329,95.308
2015-07-22T09:21:45.000000Z,95.318,95.294
2015-07-22T09:21:50.000000Z,95.323,95.3
2015-07-22T09:21:55.000000Z,95.324,95.303
2015-07-22T09:22:00.000000Z,95.323,95.302
2015-07-22T09:22:05.000000Z,95.313,95.29
2015-07-22T09:22:10.000000Z,95.312,95.292
2015-07-22T09:22:15.000000Z,95.317,95.293
2015-07-22T09:22:20.000000Z,95.325,95.301
2015-07-22T09:22:25.000000Z,95.325,95.302
2015-07-22T09:22:30.000000Z,95.33,95.309
2015-07-22T09:22:35.000000Z,95.329,95.308
2015-07-22T09:22:40.000000Z,95.332,95.311
2015-07-22T09:22:45.000000Z,95.33,95.307
2015-07-22T09:22:50.000000Z,95.327,95.305
2015-07-22T09:22:55.000000Z,95.326,95.306
2015-07-22T09:23:00.000000Z,95.327,95.306
2015-07-22T09:23:05.000000Z,95.321,95.299
2015-07-22T09:23:10.000000Z,95.321,95.301
2015-07-22T09:23:15.000000Z,95.326,95.305
2015-07-22T09:23:20.000000Z,95.326,95.304
2015-07-22T09:23:30.000000Z,95.322,95.301
2015-07-22T09:23:35.000000Z,95.329,95.307
2015-07-22T09:23:40.000000Z,95.332,95.311
2015-07-22T09:23:45.000000Z,95.333,95.312
2015-07-22T09:23:50.000000Z,95.333,95.312
2015-07-22T09:23:55.000000Z,95.334,95.313
2015-07-22T09:24:00.000000Z,95.338,95.316
2015-07-22T09:24:05.000000Z,95.338,95.317
2015-07-22T09:24:15.000000Z,95.343,95.321
2015-07-22T09:24:20.000000Z,95.339,95.318
2015-07-22T09:24:25.000000Z,95.339,95.316
2015-07-22T09:24:30.000000Z,95.339,95.316
2015-07-22T09:24:35.000000Z,95.338,95.318
2015-07-22T09:24:40.000000Z,95.34,95.318
2015-07-22T09:24:45.000000Z,95.338,95.316
2015-07-22T09:24:50.000000Z,95.335,95.316
2015-07-22T09:24:55.000000Z,95.332,95.312
2015-07-22T09:25:05.000000Z,95.337,95.315
2015-07-22T09:25:10.000000Z,95.338,95.319
2015-07-22T09:25:20.000000Z,95.337,95.317
2015-07-22T09:25:25.000000Z,95.337,95.317
2015-07-22T09:25:30.000000Z,95.333,95.313
2015-07-22T09:25:35.000000Z,95.337,95.316
2015-07-22T09:25:40.000000Z,95.336,95.317
2015-07-22T09:25:50.000000Z,95.338,95.315
2015-07-22T09:25:55.000000Z,95.337,95.316
2015-07-22T09:26:00.000000Z,95.335,95.316
2015-07-22T09:26:05.000000Z,95.335,95.314
2015-07-22T09:26:10.000000Z,95.336,95.315
2015-07-22T09:26:20.000000Z,95.349,95.327
2015-07-22T09:26:25.000000Z,95.347,95.327
2015-07-22T09:26:30.000000Z,95.348,95.327
2015-07-22T09:26:35.000000Z,95.347,95.327
2015-07-22T09:26:40.000000Z,95.345,95.323
2015-07-22T09:26:45.000000Z,95.344,95.323
2015-07-22T09:26:50.000000Z,95.345,95.324
2015-07-22T09:26:55.000000Z,95.345,95.321
2015-07-22T09:27:00.000000Z,95.345,95.321
2015-07-22T09:27:05.000000Z,95.344,95.321
2015-07-22T09:27:10.000000Z,95.352,95.328
2015-07-22T09:27:20.000000Z,95.355,95.333
2015-07-22T09:27:25.000000Z,95.356,95.335
2015-07-22T09:27:35.000000Z,95.358,95.335
2015-07-22T09:27:40.000000Z,95.357,95.335
2015-07-22T09:27:45.000000Z,95.354,95.331
2015-07-22T09:27:50.000000Z,95.352,95.331
2015-07-22T09:27:55.000000Z,95.355,95.335
2015-07-22T09:28:00.000000Z,95.35,95.327
2015-07-22T09:28:05.000000Z,95.35,95.324
2015-07-22T09:28:10.000000Z,95.346,95.325
2015-07-22T09:28:15.000000Z,95.35,95.328
2015-07-22T09:28:20.000000Z,95.351,95.328
2015-07-22T09:28:25.000000Z,95.356,95.333
2015-07-22T09:28:30.000000Z,95.355,95.334
2015-07-22T09:28:35.000000Z,95.356,95.334
2015-07-22T09:28:40.000000Z,95.355,95.334
2015-07-22T09:28:45.000000Z,95.344,95.325
2015-07-22T09:28:50.000000Z,95.346,95.325
2015-07-22T09:28:55.000000Z,95.348,95.327
2015-07-22T09:29:00.000000Z,95.346,95.326
2015-07-22T09:29:15.000000Z,95.345,95.323
2015-07-22T09:29:20.000000Z,95.344,95.323
2015-07-22T09:29:30.000000Z,95.343,95.322
2015-07-22T09:29:35.000000Z,95.344,95.323
2015-07-22T09:29:40.000000Z,95.345,95.323
2015-07-22T09:29:45.000000Z,95.342,95.319
2015-07-22T09:29:50.000000Z,95.343,95.32
2015-07-22T09:29:55.000000Z,95.338,95.318
2015-07-22T09:30:00.000000Z,95.336,95.317
2015-07-22T09:30:05.000000Z,95.336,95.317
2015-07-22T09:30:10.000000Z,95.336,95.315
2015-07-22T09:30:15.000000Z,95.336,95.316
2015-07-22T09:30:20.000000Z,95.335,95.314
2015-07-22T09:30:25.000000Z,95.346,95.325
2015-07-22T09:30:30.000000Z,95.344,95.324
2015-07-22T09:30:35.000000Z,95.333,95.316
2015-07-22T09:30:40.000000Z,95.333,95.315
2015-07-22T09:30:55.000000Z,95.346,95.322
2015-07-22T09:31:00.000000Z,95.347,95.322
2015-07-22T09:31:05.000000Z,95.345,95.325
2015-07-22T09:31:10.000000Z,95.345,95.324
2015-07-22T09:31:15.000000Z,95.345,95.325
2015-07-22T09:31:20.000000Z,95.346,95.327
2015-07-22T09:31:25.000000Z,95.346,95.326
2015-07-22T09:31:30.000000Z,95.35,95.326
2015-07-22T09:31:35.000000Z,95.354,95.331
2015-07-22T09:31:40.000000Z,95.354,95.33
2015-07-22T09:31:45.000000Z,95.35,95.33
2015-07-22T09:31:50.000000Z,95.35,95.328
2015-07-22T09:31:55.000000Z,95.351,95.328
2015-07-22T09:32:00.000000Z,95.355,95.33
2015-07-22T09:32:05.000000Z,95.355,95.334
2015-07-22T09:32:10.000000Z,95.351,95.331
2015-07-22T09:32:15.000000Z,95.35,95.328
2015-07-22T09:32:20.000000Z,95.35,95.327
2015-07-22T09:32:25.000000Z,95.354,95.333
2015-07-22T09:32:30.000000Z,95.351,95.331
2015-07-22T09:32:35.000000Z,95.351,95.331
2015-07-22T09:32:40.000000Z,95.351,95.329
2015-07-22T09:32:45.000000Z,95.354,95.332
2015-07-22T09:32:50.000000Z,95.351,95.33
2015-07-22T09:33:00.000000Z,95.353,95.33
2015-07-22T09:33:05.000000Z,95.35,95.329
2015-07-22T09:33:10.000000Z,95.352,95.329
2015-07-22T09:33:15.000000Z,95.347,95.324
2015-07-22T09:33:20.000000Z,95.347,95.328
2015-07-22T09:33:25.000000Z,95.355,95.335
2015-07-22T09:33:30.000000Z,95.357,95.337
2015-07-22T09:33:35.000000Z,95.372,95.352
2015-07-22T09:33:40.000000Z,95.374,95.351
2015-07-22T09:33:45.000000Z,95.367,95.352
2015-07-22T09:33:50.000000Z,95.363,95.342
2015-07-22T09:33:55.000000Z,95.362,95.339
2015-07-22T09:34:00.000000Z,95.372,95.349
2015-07-22T09:34:05.000000Z,95.373,95.35
2015-07-22T09:34:10.000000Z,95.375,95.353
2015-07-22T09:34:20.000000Z,95.371,95.349
2015-07-22T09:34:25.000000Z,95.371,95.349
2015-07-22T09:34:30.000000Z,95.369,95.347
2015-07-22T09:34:35.000000Z,95.373,95.349
2015-07-22T09:34:40.000000Z,95.372,95.349
2015-07-22T09:34:45.000000Z,95.371,95.347
2015-07-22T09:34:50.000000Z,95.37,95.346
2015-07-22T09:34:55.000000Z,95.371,95.349
2015-07-22T09:35:00.000000Z,95.366,95.345
2015-07-22T09:35:05.000000Z,95.365,95.343
2015-07-22T09:35:10.000000Z,95.366,95.343
2015-07-22T09:35:15.000000Z,95.369,95.346
2015-07-22T09:35:20.000000Z,95.369,95.346
2015-07-22T09:35:25.000000Z,95.374,95.351
2015-07-22T09:35:30.000000Z,95.381,95.359
2015-07-22T09:35:35.000000Z,95.384,95.364
2015-07-22T09:35:40.000000Z,95.383,95.359
2015-07-22T09:35:45.000000Z,95.382,95.362
2015-07-22T09:35:50.000000Z,95.383,95.363
2015-07-22T09:35:55.000000Z,95.383,95.361
2015-07-22T09:36:00.000000Z,95.392,95.37
2015-07-22T09:36:05.000000Z,95.386,95.365
2015-07-22T09:36:10.000000Z,95.383,95.362
2015-07-22T09:36:15.000000Z,95.385,95.364
2015-07-22T09:36:20.000000Z,95.384,95.361
2015-07-22T09:36:25.000000Z,95.384,95.361
2015-07-22T09:36:30.000000Z,95.384,95.364
2015-07-22T09:36:35.000000Z,95.381,95.362
2015-07-22T09:36:40.000000Z,95.382,95.359
2015-07-22T09:36:45.000000Z,95.384,95.361
2015-07-22T09:36:50.000000Z,95.391,95.369
2015-07-22T09:36:55.000000Z,95.397,95.373
2015-07-22T09:37:00.000000Z,95.398,95.375
2015-07-22T09:37:05.000000Z,95.391,95.369
2015-07-22T09:37:10.000000Z,95.384,95.361
2015-07-22T09:37:15.000000Z,95.382,95.358
2015-07-22T09:37:20.000000Z,95.38,95.358
2015-07-22T09:37:25.000000Z,95.383,95.36
2015-07-22T09:37:30.000000Z,95.389,95.365
2015-07-22T09:37:35.000000Z,95.384,95.363
2015-07-22T09:37:40.000000Z,95.388,95.363
2015-07-22T09:37:45.000000Z,95.382,95.361
2015-07-22T09:37:50.000000Z,95.381,95.36
2015-07-22T09:37:55.000000Z,95.387,95.363
2015-07-22T09:38:00.000000Z,95.388,95.363
2015-07-22T09:38:05.000000Z,95.387,95.367
2015-07-22T09:38:10.000000Z,95.399,95.376
2015-07-22T09:38:15.000000Z,95.398,95.376
2015-07-22T09:38:20.000000Z,95.396,95.374
2015-07-22T09:38:30.000000Z,95.395,95.373
2015-07-22T09:38:35.000000Z,95.397,95.376
2015-07-22T09:38:40.000000Z,95.397,95.375
2015-07-22T09:38:45.000000Z,95.396,95.375
2015-07-22T09:38:50.000000Z,95.394,95.373
2015-07-22T09:38:55.000000Z,95.393,95.373
2015-07-22T09:39:05.000000Z,95.402,95.38
2015-07-22T09:39:10.000000Z,95.399,95.376
2015-07-22T09:39:15.000000Z,95.4,95.375
2015-07-22T09:39:20.000000Z,95.398,95.375
2015-07-22T09:39:25.000000Z,95.399,95.374
2015-07-22T09:39:30.000000Z,95.398,95.375
2015-07-22T09:39:35.000000Z,95.4,95.375
2015-07-22T09:39:40.000000Z,95.398,95.375
2015-07-22T09:39:45.000000Z,95.395,95.373
2015-07-22T09:40:00.000000Z,95.401,95.377
2015-07-22T09:40:05.000000Z,95.403,95.38
2015-07-22T09:40:10.000000Z,95.4,95.379
2015-07-22T09:40:15.000000Z,95.4,95.377
2015-07-22T09:40:25.000000Z,95.398,95.372
2015-07-22T09:40:30.000000Z,95.395,95.372
2015-07-22T09:40:40.000000Z,95.395,95.37
2015-07-22T09:40:45.000000Z,95.395,95.372
2015-07-22T09:40:50.000000Z,95.394,95.373
2015-07-22T09:40:55.000000Z,95.392,95.369
2015-07-22T09:41:00.000000Z,95.389,95.366
2015-07-22T09:41:05.000000Z,95.385,95.365
2015-07-22T09:41:15.000000Z,95.387,95.365
2015-07-22T09:41:20.000000Z,95.39,95.367
2015-07-22T09:41:25.000000Z,95.389,95.366
2015-07-22T09:41:30.000000Z,95.398,95.374
2015-07-22T09:41:35.000000Z,95.39,95.368
2015-07-22T09:41:40.000000Z,95.388,95.366
2015-07-22T09:41:45.000000Z,95.385,95.362
2015-07-22T09:41:50.000000Z,95.385,95.361
2015-07-22T09:42:00.000000Z,95.381,95.359
2015-07-22T09:42:05.000000Z,95.382,95.357
2015-07-22T09:42:10.000000Z,95.38,95.357
2015-07-22T09:42:25.000000Z,95.38,95.358
2015-07-22T09:42:35.000000Z,95.38,95.355
2015-07-22T09:42:45.000000Z,95.375,95.352
2015-07-22T09:42:50.000000Z,95.374,95.351
2015-07-22T09:42:55.000000Z,95.374,95.353
2015-07-22T09:43:00.000000Z,95.376,95.352
2015-07-22T09:43:10.000000Z,95.376,95.352
2015-07-22T09:43:15.000000Z,95.378,95.355
2015-07-22T09:43:25.000000Z,95.379,95.356
2015-07-22T09:43:30.000000Z,95.377,95.353
2015-07-22T09:43:35.000000Z,95.377,95.353
2015-07-22T09:43:45.000000Z,95.378,95.357
2015-07-22T09:43:50.000000Z,95.379,95.357
2015-07-22T09:44:00.000000Z,95.378,95.357
2015-07-22T09:44:05.000000Z,95.38,95.355
2015-07-22T09:44:10.000000Z,95.378,95.355
2015-07-22T09:44:15.000000Z,95.378,95.354
2015-07-22T09:44:20.000000Z,95.385,95.358
2015-07-22T09:44:25.000000Z,95.381,95.357
2015-07-22T09:44:35.000000Z,95.382,95.361
2015-07-22T09:44:40.000000Z,95.382,95.357
2015-07-22T09:44:45.000000Z,95.38,95.356
2015-07-22T09:45:00.000000Z,95.38,95.358
2015-07-22T09:45:10.000000Z,95.38,95.357
2015-07-22T09:45:20.000000Z,95.382,95.359
2015-07-22T09:45:25.000000Z,95.382,95.36
2015-07-22T09:45:30.000000Z,95.383,95.362
2015-07-22T09:45:55.000000Z,95.383,95.363
2015-07-22T09:46:00.000000Z,95.384,95.363
2015-07-22T09:46:05.000000Z,95.383,95.362
2015-07-22T09:46:15.000000Z,95.38,95.358
2015-07-22T09:46:20.000000Z,95.381,95.358
2015-07-22T09:46:45.000000Z,95.381,95.359
2015-07-22T09:46:50.000000Z,95.38,95.359
2015-07-22T09:46:55.000000Z,95.371,95.349
2015-07-22T09:47:00.000000Z,95.368,95.346
2015-07-22T09:47:05.000000Z,95.375,95.351
2015-07-22T09:47:10.000000Z,95.373,95.352
2015-07-22T09:47:20.000000Z,95.374,95.353
2015-07-22T09:47:25.000000Z,95.373,95.352
2015-07-22T09:47:30.000000Z,95.368,95.348
2015-07-22T09:47:35.000000Z,95.368,95.347
2015-07-22T09:47:45.000000Z,95.368,95.348
2015-07-22T09:47:50.000000Z,95.372,95.351
2015-07-22T09:48:00.000000Z,95.371,95.351
2015-07-22T09:48:05.000000Z,95.372,95.35
2015-07-22T09:48:15.000000Z,95.36,95.337
2015-07-22T09:48:20.000000Z,95.366,95.345
2015-07-22T09:48:25.000000Z,95.366,95.345
2015-07-22T09:48:35.000000Z,95.364,95.343
2015-07-22T09:48:40.000000Z,95.365,95.342
2015-07-22T09:48:55.000000Z,95.355,95.33
2015-07-22T09:49:00.000000Z,95.36,95.338
2015-07-22T09:49:05.000000Z,95.356,95.333
2015-07-22T09:49:10.000000Z,95.355,95.333
2015-07-22T09:49:15.000000Z,95.354,95.333
2015-07-22T09:49:20.000000Z,95.351,95.328
2015-07-22T09:49:25.000000Z,95.344,95.323
2015-07-22T09:49:30.000000Z,95.344,95.323
2015-07-22T09:49:35.000000Z,95.342,95.325
2015-07-22T09:49:40.000000Z,95.344,95.323
2015-07-22T09:49:45.000000Z,95.342,95.325
2015-07-22T09:49:50.000000Z,95.343,95.325
2015-07-22T09:49:55.000000Z,95.345,95.322
2015-07-22T09:50:00.000000Z,95.35,95.327
2015-07-22T09:50:05.000000Z,95.351,95.328
2015-07-22T09:50:10.000000Z,95.352,95.327
2015-07-22T09:50:15.000000Z,95.353,95.33
2015-07-22T09:50:20.000000Z,95.354,95.331
2015-07-22T09:50:25.000000Z,95.371,95.347
2015-07-22T09:50:30.000000Z,95.371,95.349
2015-07-22T09:50:35.000000Z,95.372,95.349
2015-07-22T09:50:40.000000Z,95.371,95.347
2015-07-22T09:50:45.000000Z,95.373,95.345
2015-07-22T09:50:50.000000Z,95.367,95.34
2015-07-22T09:50:55.000000Z,95.365,95.342
2015-07-22T09:51:00.000000Z,95.374,95.35
2015-07-22T09:51:05.000000Z,95.372,95.35
2015-07-22T09:51:10.000000Z,95.372,95.35
2015-07-22T09:51:15.000000Z,95.365,95.34
2015-07-22T09:51:20.000000Z,95.366,95.341
2015-07-22T09:51:25.000000Z,95.363,95.339
2015-07-22T09:51:30.000000Z,95.369,95.345
2015-07-22T09:51:35.000000Z,95.368,95.345
2015-07-22T09:51:45.000000Z,95.368,95.345
2015-07-22T09:51:50.000000Z,95.366,95.345
2015-07-22T09:51:55.000000Z,95.365,95.344
2015-07-22T09:52:05.000000Z,95.366,95.344
2015-07-22T09:52:10.000000Z,95.366,95.345
2015-07-22T09:52:15.000000Z,95.366,95.347
2015-07-22T09:52:20.000000Z,95.365,95.344
2015-07-22T09:52:25.000000Z,95.365,95.344
2015-07-22T09:52:30.000000Z,95.366,95.345
2015-07-22T09:52:35.000000Z,95.372,95.349
2015-07-22T09:52:40.000000Z,95.376,95.355
2015-07-22T09:52:45.000000Z,95.375,95.353
2015-07-22T09:52:50.000000Z,95.376,95.358
2015-07-22T09:52:55.000000Z,95.378,95.357
2015-07-22T09:53:00.000000Z,95.377,95.355
2015-07-22T09:53:05.000000Z,95.375,95.353
2015-07-22T09:53:10.000000Z,95.373,95.352
2015-07-22T09:53:15.000000Z,95.377,95.355
2015-07-22T09:53:20.000000Z,95.378,95.357
2015-07-22T09:53:25.000000Z,95.387,95.364
2015-07-22T09:53:30.000000Z,95.388,95.364
2015-07-22T09:53:35.000000Z,95.386,95.363
2015-07-22T09:53:45.000000Z,95.383,95.36
2015-07-22T09:53:55.000000Z,95.382,95.359
2015-07-22T09:54:00.000000Z,95.383,95.359
2015-07-22T09:54:05.000000Z,95.383,95.363
2015-07-22T09:54:10.000000Z,95.383,95.363
2015-07-22T09:54:15.000000Z,95.385,95.363
2015-07-22T09:54:40.000000Z,95.385,95.364
2015-07-22T09:55:10.000000Z,95.386,95.362
2015-07-22T09:55:15.000000Z,95.395,95.373
2015-07-22T09:55:20.000000Z,95.396,95.374
2015-07-22T09:55:25.000000Z,95.394,95.372
2015-07-22T09:55:30.000000Z,95.39,95.368
2015-07-22T09:55:35.000000Z,95.39,95.368
2015-07-22T09:55:45.000000Z,95.387,95.368
2015-07-22T09:55:50.000000Z,95.393,95.37
2015-07-22T09:55:55.000000Z,95.386,95.367
2015-07-22T09:56:00.000000Z,95.391,95.37
2015-07-22T09:56:05.000000Z,95.389,95.365
2015-07-22T09:56:10.000000Z,95.387,95.364
2015-07-22T09:56:20.000000Z,95.385,95.363
2015-07-22T09:56:25.000000Z,95.385,95.365
2015-07-22T09:56:30.000000Z,95.385,95.365
2015-07-22T09:56:40.000000Z,95.387,95.367
2015-07-22T09:56:45.000000Z,95.393,95.369
2015-07-22T09:56:50.000000Z,95.4,95.377
2015-07-22T09:56:55.000000Z,95.401,95.378
2015-07-22T09:57:00.000000Z,95.394,95.374
2015-07-22T09:57:05.000000Z,95.396,95.373
2015-07-22T09:57:10.000000Z,95.394,95.368
2015-07-22T09:57:15.000000Z,95.392,95.369
2015-07-22T09:57:20.000000Z,95.392,95.37
2015-07-22T09:57:25.000000Z,95.392,95.369
2015-07-22T09:57:30.000000Z,95.395,95.373
2015-07-22T09:57:35.000000Z,95.394,95.37
2015-07-22T09:57:45.000000Z,95.397,95.375
2015-07-22T09:57:50.000000Z,95.397,95.376
2015-07-22T09:57:55.000000Z,95.397,95.377
2015-07-22T09:58:00.000000Z,95.398,95.379
2015-07-22T09:58:05.000000Z,95.398,95.377
2015-07-22T09:58:10.000000Z,95.396,95.371
2015-07-22T09:58:15.000000Z,95.398,95.376
2015-07-22T09:58:20.000000Z,95.398,95.378
2015-07-22T09:58:25.000000Z,95.398,95.379
2015-07-22T09:58:30.000000Z,95.398,95.379
2015-07-22T09:58:35.000000Z,95.399,95.379
2015-07-22T09:58:45.000000Z,95.398,95.378
2015-07-22T09:58:50.000000Z,95.399,95.377
2015-07-22T09:58:55.000000Z,95.4,95.377
2015-07-22T09:59:00.000000Z,95.399,95.378
2015-07-22T09:59:05.000000Z,95.399,95.379
2015-07-22T09:59:10.000000Z,95.398,95.377
2015-07-22T09:59:20.000000Z,95.399,95.377
2015-07-22T09:59:25.000000Z,95.398,95.375
2015-07-22T09:59:30.000000Z,95.397,95.376
2015-07-22T09:59:35.000000Z,95.395,95.372
2015-07-22T09:59:40.000000Z,95.392,95.371
2015-07-22T09:59:45.000000Z,95.392,95.37
2015-07-22T09:59:50.000000Z,95.389,95.366
2015-07-22T09:59:55.000000Z,95.39,95.365
2015-07-22T10:00:00.000000Z,95.395,95.371
2015-07-22T10:00:05.000000Z,95.402,95.378
2015-07-22T10:00:10.000000Z,95.403,95.378
2015-07-22T10:00:15.000000Z,95.402,95.379
2015-07-22T10:00:20.000000Z,95.402,95.379
2015-07-22T10:00:25.000000Z,95.403,95.38
2015-07-22T10:00:30.000000Z,95.402,95.38
2015-07-22T10:00:35.000000Z,95.404,95.38
2015-07-22T10:00:45.000000Z,95.403,95.381
2015-07-22T10:00:50.000000Z,95.404,95.382
2015-07-22T10:01:00.000000Z,95.392,95.369
2015-07-22T10:01:05.000000Z,95.385,95.36
2015-07-22T10:01:10.000000Z,95.377,95.354
2015-07-22T10:01:15.000000Z,95.376,95.352
2015-07-22T10:01:20.000000Z,95.376,95.351
2015-07-22T10:01:25.000000Z,95.374,95.349
2015-07-22T10:01:30.000000Z,95.376,95.352
2015-07-22T10:01:35.000000Z,95.376,95.352
2015-07-22T10:01:40.000000Z,95.378,95.354
2015-07-22T10:01:45.000000Z,95.378,95.354
2015-07-22T10:01:50.000000Z,95.375,95.351
2015-07-22T10:01:55.000000Z,95.377,95.352
2015-07-22T10:02:00.000000Z,95.369,95.346
2015-07-22T10:02:05.000000Z,95.369,95.346
2015-07-22T10:02:10.000000Z,95.37,95.345
2015-07-22T10:02:15.000000Z,95.369,95.349
2015-07-22T10:02:20.000000Z,95.367,95.345
2015-07-22T10:02:40.000000Z,95.365,95.342
2015-07-22T10:02:45.000000Z,95.364,95.342
2015-07-22T10:02:50.000000Z,95.366,95.341
2015-07-22T10:02:55.000000Z,95.365,95.341
2015-07-22T10:03:00.000000Z,95.365,95.343
2015-07-22T10:03:05.000000Z,95.358,95.337
2015-07-22T10:03:15.000000Z,95.359,95.339
2015-07-22T10:03:25.000000Z,95.357,95.337
2015-07-22T10:03:30.000000Z,95.361,95.34
2015-07-22T10:03:35.000000Z,95.364,95.34
2015-07-22T10:03:40.000000Z,95.365,95.343
2015-07-22T10:03:45.000000Z,95.365,95.343
2015-07-22T10:03:50.000000Z,95.366,95.344
2015-07-22T10:03:55.000000Z,95.368,95.346
2015-07-22T10:04:05.000000Z,95.369,95.348
2015-07-22T10:04:15.000000Z,95.366,95.346
2015-07-22T10:04:20.000000Z,95.365,95.345
2015-07-22T10:04:25.000000Z,95.365,95.346
2015-07-22T10:04:35.000000Z,95.367,95.347
2015-07-22T10:04:45.000000Z,95.36,95.341
2015-07-22T10:04:50.000000Z,95.36,95.339
2015-07-22T10:04:55.000000Z,95.358,95.337
2015-07-22T10:05:00.000000Z,95.356,95.336
2015-07-22T10:05:05.000000Z,95.357,95.336
2015-07-22T10:05:10.000000Z,95.346,95.325
2015-07-22T10:05:15.000000Z,95.346,95.324
2015-07-22T10:05:30.000000Z,95.344,95.324
2015-07-22T10:05:35.000000Z,95.344,95.324
2015-07-22T10:05:40.000000Z,95.344,95.322
2015-07-22T10:05:45.000000Z,95.34,95.318
2015-07-22T10:05:50.000000Z,95.343,95.322
2015-07-22T10:05:55.000000Z,95.339,95.318
2015-07-22T10:06:00.000000Z,95.338,95.315
2015-07-22T10:06:05.000000Z,95.335,95.314
2015-07-22T10:06:10.000000Z,95.335,95.315
2015-07-22T10:06:15.000000Z,95.339,95.319
2015-07-22T10:06:20.000000Z,95.34,95.319
2015-07-22T10:06:25.000000Z,95.339,95.318
2015-07-22T10:06:30.000000Z,95.35,95.33
2015-07-22T10:06:35.000000Z,95.357,95.334
2015-07-22T10:06:40.000000Z,95.356,95.334
2015-07-22T10:06:45.000000Z,95.354,95.333
2015-07-22T10:06:50.000000Z,95.354,95.334
2015-07-22T10:06:55.000000Z,95.359,95.339
2015-07-22T10:07:00.000000Z,95.356,95.335
2015-07-22T10:07:05.000000Z,95.35,95.332
2015-07-22T10:07:10.000000Z,95.351,95.33
2015-07-22T10:07:15.000000Z,95.351,95.331
2015-07-22T10:07:20.000000Z,95.353,95.333
2015-07-22T10:07:25.000000Z,95.359,95.337
2015-07-22T10:07:35.000000Z,95.359,95.337
2015-07-22T10:07:40.000000Z,95.358,95.335
2015-07-22T10:07:45.000000Z,95.355,95.333
2015-07-22T10:07:50.000000Z,95.353,95.334
2015-07-22T10:08:00.000000Z,95.352,95.332
2015-07-22T10:08:05.000000Z,95.353,95.331
2015-07-22T10:08:10.000000Z,95.355,95.334
2015-07-22T10:08:15.000000Z,95.359,95.338
2015-07-22T10:08:20.000000Z,95.358,95.335
2015-07-22T10:08:25.000000Z,95.359,95.336
2015-07-22T10:08:30.000000Z,95.357,95.337
2015-07-22T10:08:35.000000Z,95.362,95.341
2015-07-22T10:08:40.000000Z,95.364,95.342
2015-07-22T10:08:45.000000Z,95.367,95.346
2015-07-22T10:08:50.000000Z,95.374,95.352
2015-07-22T10:08:55.000000Z,95.372,95.354
2015-07-22T10:09:00.000000Z,95.374,95.351
2015-07-22T10:09:05.000000Z,95.374,95.352
2015-07-22T10:09:10.000000Z,95.368,95.346
2015-07-22T10:09:15.000000Z,95.377,95.354
2015-07-22T10:09:20.000000Z,95.377,95.355
2015-07-22T10:09:30.000000Z,95.376,95.352
2015-07-22T10:09:35.000000Z,95.374,95.352
2015-07-22T10:09:40.000000Z,95.373,95.35
2015-07-22T10:09:50.000000Z,95.371,95.351
2015-07-22T10:09:55.000000Z,95.373,95.351
2015-07-22T10:10:00.000000Z,95.373,95.351
2015-07-22T10:10:05.000000Z,95.373,95.352
2015-07-22T10:10:10.000000Z,95.373,95.351
2015-07-22T10:10:15.000000Z,95.371,95.351
2015-07-22T10:10:25.000000Z,95.371,95.35
2015-07-22T10:10:35.000000Z,95.371,95.349
2015-07-22T10:10:40.000000Z,95.372,95.351
2015-07-22T10:10:45.000000Z,95.371,95.35
2015-07-22T10:10:50.000000Z,95.372,95.35
2015-07-22T10:10:55.000000Z,95.375,95.352
2015-07-22T10:11:00.000000Z,95.374,95.353
2015-07-22T10:11:05.000000Z,95.383,95.361
2015-07-22T10:11:15.000000Z,95.383,95.361
2015-07-22T10:11:25.000000Z,95.376,95.355
2015-07-22T10:11:30.000000Z,95.375,95.352
2015-07-22T10:11:40.000000Z,95.374,95.352
2015-07-22T10:11:45.000000Z,95.375,95.353
2015-07-22T10:11:50.000000Z,95.374,95.355
2015-07-22T10:11:55.000000Z,95.374,95.354
2015-07-22T10:12:00.000000Z,95.374,95.355
2015-07-22T10:12:05.000000Z,95.374,95.353
2015-07-22T10:12:15.000000Z,95.376,95.355
2015-07-22T10:12:20.000000Z,95.382,95.359
2015-07-22T10:12:25.000000Z,95.378,95.356
2015-07-22T10:12:30.000000Z,95.379,95.356
2015-07-22T10:12:40.000000Z,95.379,95.356
2015-07-22T10:12:45.000000Z,95.379,95.357
2015-07-22T10:12:50.000000Z,95.378,95.356
2015-07-22T10:13:00.000000Z,95.378,95.357
2015-07-22T10:13:05.000000Z,95.374,95.351
2015-07-22T10:13:10.000000Z,95.378,95.355
2015-07-22T10:13:20.000000Z,95.378,95.358
2015-07-22T10:13:30.000000Z,95.379,95.356
2015-07-22T10:13:35.000000Z,95.379,95.355
2015-07-22T10:13:40.000000Z,95.38,95.356
2015-07-22T10:13:50.000000Z,95.38,95.358
2015-07-22T10:13:55.000000Z,95.378,95.358
2015-07-22T10:14:00.000000Z,95.379,95.357
2015-07-22T10:14:10.000000Z,95.378,95.357
2015-07-22T10:14:15.000000Z,95.379,95.358
2015-07-22T10:14:20.000000Z,95.379,95.358
2015-07-22T10:14:25.000000Z,95.384,95.361
2015-07-22T10:14:30.000000Z,95.382,95.359
2015-07-22T10:14:35.000000Z,95.379,95.356
2015-07-22T10:14:40.000000Z,95.377,95.355
2015-07-22T10:14:45.000000Z,95.378,95.354
2015-07-22T10:14:50.000000Z,95.38,95.355
2015-07-22T10:14:55.000000Z,95.382,95.36
2015-07-22T10:15:00.000000Z,95.384,95.362
2015-07-22T10:15:20.000000Z,95.386,95.364
2015-07-22T10:15:25.000000Z,95.377,95.354
2015-07-22T10:15:35.000000Z,95.379,95.359
2015-07-22T10:15:40.000000Z,95.383,95.361
2015-07-22T10:15:55.000000Z,95.381,95.362
2015-07-22T10:16:00.000000Z,95.383,95.361
2015-07-22T10:16:05.000000Z,95.388,95.364
2015-07-22T10:16:10.000000Z,95.391,95.371
2015-07-22T10:16:15.000000Z,95.401,95.377
2015-07-22T10:16:20.000000Z,95.395,95.375
2015-07-22T10:16:25.000000Z,95.395,95.374
2015-07-22T10:16:35.000000Z,95.402,95.381
2015-07-22T10:16:40.000000Z,95.402,95.382
2015-07-22T10:16:45.000000Z,95.405,95.384
2015-07-22T10:16:50.000000Z,95.407,95.384
2015-07-22T10:16:55.000000Z,95.404,95.384
2015-07-22T10:17:00.000000Z,95.407,95.381
2015-07-22T10:17:05.000000Z,95.402,95.378
2015-07-22T10:17:15.000000Z,95.401,95.379
2015-07-22T10:17:20.000000Z,95.404,95.38
2015-07-22T10:17:25.000000Z,95.411,95.386
2015-07-22T10:17:30.000000Z,95.411,95.389
2015-07-22T10:17:35.000000Z,95.404,95.383
2015-07-22T10:17:40.000000Z,95.402,95.381
2015-07-22T10:17:45.000000Z,95.403,95.381
2015-07-22T10:17:50.000000Z,95.41,95.386
2015-07-22T10:17:55.000000Z,95.411,95.386
2015-07-22T10:18:00.000000Z,95.423,95.401
2015-07-22T10:18:05.000000Z,95.42,95.397
2015-07-22T10:18:10.000000Z,95.415,95.39
2015-07-22T10:18:15.000000Z,95.413,95.392
2015-07-22T10:18:20.000000Z,95.409,95.387
2015-07-22T10:18:25.000000Z,95.411,95.387
2015-07-22T10:18:30.000000Z,95.408,95.385
2015-07-22T10:18:35.000000Z,95.407,95.383
2015-07-22T10:18:40.000000Z,95.414,95.391
2015-07-22T10:18:45.000000Z,95.413,95.39
2015-07-22T10:18:50.000000Z,95.41,95.386
2015-07-22T10:18:55.000000Z,95.409,95.389
2015-07-22T10:19:00.000000Z,95.416,95.391
2015-07-22T10:19:05.000000Z,95.415,95.39
2015-07-22T10:19:10.000000Z,95.414,95.39
2015-07-22T10:19:15.000000Z,95.411,95.387
2015-07-22T10:19:20.000000Z,95.411,95.387
2015-07-22T10:19:25.000000Z,95.413,95.39
2015-07-22T10:19:35.000000Z,95.41,95.387
2015-07-22T10:19:40.000000Z,95.407,95.385
2015-07-22T10:19:45.000000Z,95.409,95.39
2015-07-22T10:19:50.000000Z,95.407,95.386
2015-07-22T10:19:55.000000Z,95.4,95.377
2015-07-22T10:20:00.000000Z,95.401,95.38
2015-07-22T10:20:05.000000Z,95.4,95.378
2015-07-22T10:20:10.000000Z,95.401,95.381
2015-07-22T10:20:15.000000Z,95.4,95.38
2015-07-22T10:20:20.000000Z,95.4,95.378
2015-07-22T10:20:25.000000Z,95.399,95.377
2015-07-22T10:20:30.000000Z,95.399,95.377
2015-07-22T10:20:35.000000Z,95.395,95.373
2015-07-22T10:20:40.000000Z,95.387,95.365
2015-07-22T10:20:45.000000Z,95.39,95.368
2015-07-22T10:20:50.000000Z,95.393,95.372
2015-07-22T10:20:55.000000Z,95.393,95.371
2015-07-22T10:21:00.000000Z,95.391,95.369
2015-07-22T10:21:05.000000Z,95.391,95.369
2015-07-22T10:21:10.000000Z,95.381,95.36
2015-07-22T10:21:15.000000Z,95.382,95.36
2015-07-22T10:21:20.000000Z,95.38,95.36
2015-07-22T10:21:30.000000Z,95.381,95.361
2015-07-22T10:21:35.000000Z,95.386,95.363
2015-07-22T10:21:40.000000Z,95.387,95.364
2015-07-22T10:21:45.000000Z,95.386,95.365
2015-07-22T10:21:50.000000Z,95.386,95.365
2015-07-22T10:21:55.000000Z,95.387,95.363
2015-07-22T10:22:00.000000Z,95.382,95.361
2015-07-22T10:22:05.000000Z,95.383,95.363
2015-07-22T10:22:10.000000Z,95.383,95.365
2015-07-22T10:22:15.000000Z,95.385,95.362
2015-07-22T10:22:30.000000Z,95.382,95.362
2015-07-22T10:22:35.000000Z,95.384,95.362
2015-07-22T10:22:40.000000Z,95.383,95.361
2015-07-22T10:22:45.000000Z,95.374,95.352
2015-07-22T10:22:50.000000Z,95.375,95.354
2015-07-22T10:22:55.000000Z,95.378,95.356
2015-07-22T10:23:00.000000Z,95.375,95.354
2015-07-22T10:23:05.000000Z,95.372,95.35
2015-07-22T10:23:10.000000Z,95.375,95.352
2015-07-22T10:23:15.000000Z,95.378,95.353
2015-07-22T10:23:20.000000Z,95.377,95.353
2015-07-22T10:23:25.000000Z,95.376,95.353
2015-07-22T10:23:30.000000Z,95.368,95.345
2015-07-22T10:23:40.000000Z,95.377,95.357
2015-07-22T10:23:45.000000Z,95.381,95.359
2015-07-22T10:23:50.000000Z,95.381,95.358
2015-07-22T10:23:55.000000Z,95.38,95.358
2015-07-22T10:24:00.000000Z,95.385,95.363
2015-07-22T10:24:05.000000Z,95.386,95.362
2015-07-22T10:24:15.000000Z,95.386,95.363
2015-07-22T10:24:20.000000Z,95.385,95.363
2015-07-22T10:24:25.000000Z,95.385,95.362
2015-07-22T10:24:30.000000Z,95.388,95.364
2015-07-22T10:24:35.000000Z,95.386,95.364
2015-07-22T10:24:40.000000Z,95.382,95.36
2015-07-22T10:24:50.000000Z,95.393,95.368
2015-07-22T10:24:55.000000Z,95.391,95.37
2015-07-22T10:25:00.000000Z,95.392,95.369
2015-07-22T10:25:05.000000Z,95.392,95.369
2015-07-22T10:25:10.000000Z,95.392,95.369
2015-07-22T10:25:15.000000Z,95.396,95.371
2015-07-22T10:25:20.000000Z,95.391,95.367
2015-07-22T10:25:25.000000Z,95.39,95.368
2015-07-22T10:25:30.000000Z,95.393,95.373
2015-07-22T10:25:35.000000Z,95.394,95.373
2015-07-22T10:25:40.000000Z,95.394,95.374
2015-07-22T10:25:50.000000Z,95.399,95.378
2015-07-22T10:25:55.000000Z,95.416,95.394
2015-07-22T10:26:00.000000Z,95.403,95.382
2015-07-22T10:26:05.000000Z,95.412,95.388
2015-07-22T10:26:10.000000Z,95.409,95.386
2015-07-22T10:26:15.000000Z,95.396,95.372
2015-07-22T10:26:20.000000Z,95.396,95.373
2015-07-22T10:26:25.000000Z,95.389,95.365
2015-07-22T10:26:30.000000Z,95.4,95.38
2015-07-22T10:26:35.000000Z,95.396,95.374
2015-07-22T10:26:40.000000Z,95.397,95.373
2015-07-22T10:26:45.000000Z,95.386,95.364
2015-07-22T10:26:50.000000Z,95.386,95.364
2015-07-22T10:26:55.000000Z,95.383,95.357
2015-07-22T10:27:00.000000Z,95.391,95.367
2015-07-22T10:27:05.000000Z,95.395,95.372
2015-07-22T10:27:10.000000Z,95.393,95.372
2015-07-22T10:27:15.000000Z,95.401,95.379
2015-07-22T10:27:20.000000Z,95.39,95.369
2015-07-22T10:27:25.000000Z,95.391,95.372
2015-07-22T10:27:30.000000Z,95.393,95.372
2015-07-22T10:27:35.000000Z,95.391,95.37
2015-07-22T10:27:40.000000Z,95.39,95.369
2015-07-22T10:27:45.000000Z,95.393,95.371
2015-07-22T10:27:50.000000Z,95.396,95.372
2015-07-22T10:27:55.000000Z,95.397,95.375
2015-07-22T10:28:00.000000Z,95.406,95.38
2015-07-22T10:28:05.000000Z,95.396,95.374
2015-07-22T10:28:10.000000Z,95.388,95.363
2015-07-22T10:28:15.000000Z,95.405,95.381
2015-07-22T10:28:20.000000Z,95.401,95.38
2015-07-22T10:28:25.000000Z,95.397,95.373
2015-07-22T10:28:30.000000Z,95.414,95.391
2015-07-22T10:28:35.000000Z,95.414,95.391
2015-07-22T10:28:40.000000Z,95.413,95.388
2015-07-22T10:28:45.000000Z,95.401,95.379
2015-07-22T10:28:50.000000Z,95.4,95.375
2015-07-22T10:28:55.000000Z,95.401,95.376
2015-07-22T10:29:00.000000Z,95.395,95.37
2015-07-22T10:29:05.000000Z,95.398,95.372
2015-07-22T10:29:10.000000Z,95.383,95.361
2015-07-22T10:29:15.000000Z,95.381,95.358
2015-07-22T10:29:20.000000Z,95.377,95.358
2015-07-22T10:29:25.000000Z,95.377,95.357
2015-07-22T10:29:30.000000Z,95.378,95.357
2015-07-22T10:29:35.000000Z,95.377,95.355
2015-07-22T10:29:40.000000Z,95.377,95.355
2015-07-22T10:29:45.000000Z,95.371,95.35
2015-07-22T10:29:50.000000Z,95.367,95.345
2015-07-22T10:29:55.000000Z,95.365,95.345
2015-07-22T10:30:00.000000Z,95.353,95.332
2015-07-22T10:30:05.000000Z,95.351,95.328
2015-07-22T10:30:10.000000Z,95.35,95.331
2015-07-22T10:30:20.000000Z,95.349,95.329
2015-07-22T10:30:25.000000Z,95.348,95.327
2015-07-22T10:30:30.000000Z,95.346,95.322
2015-07-22T10:30:35.000000Z,95.348,95.327
2015-07-22T10:30:40.000000Z,95.355,95.334
2015-07-22T10:30:45.000000Z,95.357,95.335
2015-07-22T10:30:50.000000Z,95.36,95.337
2015-07-22T10:30:55.000000Z,95.361,95.338
2015-07-22T10:31:00.000000Z,95.36,95.338
2015-07-22T10:31:05.000000Z,95.36,95.337
2015-07-22T10:31:10.000000Z,95.362,95.339
2015-07-22T10:31:15.000000Z,95.359,95.339
2015-07-22T10:31:20.000000Z,95.36,95.34
2015-07-22T10:31:25.000000Z,95.362,95.341
2015-07-22T10:31:30.000000Z,95.371,95.349
2015-07-22T10:31:35.000000Z,95.373,95.352
2015-07-22T10:31:40.000000Z,95.373,95.352
2015-07-22T10:31:45.000000Z,95.373,95.352
2015-07-22T10:31:50.000000Z,95.373,95.351
2015-07-22T10:31:55.000000Z,95.374,95.351
2015-07-22T10:32:00.000000Z,95.372,95.351
2015-07-22T10:32:05.000000Z,95.364,95.341
2015-07-22T10:32:10.000000Z,95.364,95.341
2015-07-22T10:32:15.000000Z,95.359,95.337
2015-07-22T10:32:20.000000Z,95.36,95.337
2015-07-22T10:32:25.000000Z,95.359,95.336
2015-07-22T10:32:30.000000Z,95.359,95.339
2015-07-22T10:32:35.000000Z,95.359,95.34
2015-07-22T10:32:40.000000Z,95.36,95.338
2015-07-22T10:32:45.000000Z,95.366,95.343
2015-07-22T10:32:50.000000Z,95.357,95.337
2015-07-22T10:32:55.000000Z,95.36,95.337
2015-07-22T10:33:00.000000Z,95.363,95.341
2015-07-22T10:33:05.000000Z,95.365,95.343
2015-07-22T10:33:10.000000Z,95.365,95.345
2015-07-22T10:33:15.000000Z,95.367,95.347
2015-07-22T10:33:20.000000Z,95.367,95.344
2015-07-22T10:33:25.000000Z,95.36,95.337
2015-07-22T10:33:30.000000Z,95.358,95.335
2015-07-22T10:33:35.000000Z,95.357,95.337
2015-07-22T10:33:40.000000Z,95.357,95.339
2015-07-22T10:33:45.000000Z,95.362,95.341
2015-07-22T10:33:50.000000Z,95.366,95.345
2015-07-22T10:34:00.000000Z,95.368,95.35
2015-07-22T10:34:20.000000Z,95.37,95.349
2015-07-22T10:34:30.000000Z,95.367,95.351
2015-07-22T10:34:40.000000Z,95.367,95.351
2015-07-22T10:34:45.000000Z,95.369,95.347
2015-07-22T10:34:50.000000Z,95.367,95.348
2015-07-22T10:34:55.000000Z,95.368,95.347
2015-07-22T10:35:00.000000Z,95.367,95.347
2015-07-22T10:35:05.000000Z,95.36,95.338
2015-07-22T10:35:10.000000Z,95.359,95.338
2015-07-22T10:35:15.000000Z,95.362,95.341
2015-07-22T10:35:20.000000Z,95.356,95.336
2015-07-22T10:35:25.000000Z,95.366,95.345
2015-07-22T10:35:30.000000Z,95.37,95.346
2015-07-22T10:35:35.000000Z,95.37,95.347
2015-07-22T10:35:40.000000Z,95.371,95.349
2015-07-22T10:35:45.000000Z,95.37,95.348
2015-07-22T10:35:50.000000Z,95.369,95.349
2015-07-22T10:35:55.000000Z,95.371,95.346
2015-07-22T10:36:00.000000Z,95.37,95.345
2015-07-22T10:36:05.000000Z,95.371,95.347
2015-07-22T10:36:10.000000Z,95.368,95.344
2015-07-22T10:36:15.000000Z,95.371,95.349
2015-07-22T10:36:20.000000Z,95.371,95.346
2015-07-22T10:36:25.000000Z,95.371,95.347
2015-07-22T10:36:35.000000Z,95.371,95.351
2015-07-22T10:36:40.000000Z,95.371,95.349
2015-07-22T10:36:45.000000Z,95.369,95.346
2015-07-22T10:36:50.000000Z,95.369,95.345
2015-07-22T10:36:55.000000Z,95.367,95.345
2015-07-22T10:37:00.000000Z,95.364,95.344
2015-07-22T10:37:10.000000Z,95.368,95.343
2015-07-22T10:37:15.000000Z,95.365,95.34
2015-07-22T10:37:20.000000Z,95.373,95.349
2015-07-22T10:37:25.000000Z,95.371,95.347
2015-07-22T10:37:30.000000Z,95.369,95.347
2015-07-22T10:37:35.000000Z,95.369,95.347
2015-07-22T10:37:40.000000Z,95.367,95.342
2015-07-22T10:37:45.000000Z,95.366,95.344
2015-07-22T10:37:50.000000Z,95.365,95.341
2015-07-22T10:37:55.000000Z,95.363,95.341
2015-07-22T10:38:00.000000Z,95.359,95.336
2015-07-22T10:38:05.000000Z,95.359,95.339
2015-07-22T10:38:10.000000Z,95.363,95.34
2015-07-22T10:38:15.000000Z,95.362,95.339
2015-07-22T10:38:20.000000Z,95.36,95.338
2015-07-22T10:38:25.000000Z,95.36,95.335
2015-07-22T10:38:30.000000Z,95.358,95.335
2015-07-22T10:38:35.000000Z,95.364,95.342
2015-07-22T10:38:40.000000Z,95.362,95.341
2015-07-22T10:38:45.000000Z,95.374,95.355
2015-07-22T10:38:50.000000Z,95.377,95.353
2015-07-22T10:38:55.000000Z,95.377,95.353
2015-07-22T10:39:00.000000Z,95.373,95.353
2015-07-22T10:39:05.000000Z,95.373,95.352
2015-07-22T10:39:10.000000Z,95.373,95.352
2015-07-22T10:39:15.000000Z,95.374,95.351
2015-07-22T10:39:20.000000Z,95.373,95.35
2015-07-22T10:39:30.000000Z,95.371,95.352
2015-07-22T10:39:35.000000Z,95.371,95.351
2015-07-22T10:39:40.000000Z,95.371,95.348
2015-07-22T10:39:45.000000Z,95.369,95.346
2015-07-22T10:39:50.000000Z,95.367,95.348
2015-07-22T10:39:55.000000Z,95.367,95.346
2015-07-22T10:40:00.000000Z,95.369,95.347
2015-07-22T10:40:05.000000Z,95.368,95.344
2015-07-22T10:40:10.000000Z,95.368,95.346
2015-07-22T10:40:15.000000Z,95.367,95.347
2015-07-22T10:40:20.000000Z,95.366,95.344
2015-07-22T10:40:25.000000Z,95.367,95.344
2015-07-22T10:40:35.000000Z,95.366,95.344
2015-07-22T10:40:40.000000Z,95.358,95.336
2015-07-22T10:40:45.000000Z,95.36,95.337
2015-07-22T10:40:50.000000Z,95.362,95.338
2015-07-22T10:40:55.000000Z,95.363,95.339
2015-07-22T10:41:00.000000Z,95.366,95.343
2015-07-22T10:41:05.000000Z,95.367,95.343
2015-07-22T10:41:10.000000Z,95.365,95.344
2015-07-22T10:41:15.000000Z,95.366,95.344
2015-07-22T10:41:20.000000Z,95.362,95.342
2015-07-22T10:41:25.000000Z,95.362,95.341
2015-07-22T10:41:30.000000Z,95.365,95.341
2015-07-22T10:41:35.000000Z,95.364,95.342
2015-07-22T10:41:40.000000Z,95.362,95.342
2015-07-22T10:41:45.000000Z,95.363,95.342
2015-07-22T10:41:50.000000Z,95.368,95.342
2015-07-22T10:41:55.000000Z,95.376,95.356
2015-07-22T10:42:00.000000Z,95.375,95.353
2015-07-22T10:42:05.000000Z,95.373,95.352
2015-07-22T10:42:10.000000Z,95.378,95.357
2015-07-22T10:42:15.000000Z,95.38,95.355
2015-07-22T10:42:20.000000Z,95.378,95.357
2015-07-22T10:42:30.000000Z,95.378,95.358
2015-07-22T10:42:40.000000Z,95.379,95.356
2015-07-22T10:42:45.000000Z,95.379,95.355
2015-07-22T10:42:50.000000Z,95.379,95.356
2015-07-22T10:42:55.000000Z,95.377,95.357
2015-07-22T10:43:00.000000Z,95.375,95.351
2015-07-22T10:43:05.000000Z,95.378,95.356
2015-07-22T10:43:10.000000Z,95.38,95.355
2015-07-22T10:43:15.000000Z,95.381,95.357
2015-07-22T10:43:20.000000Z,95.381,95.358
2015-07-22T10:43:25.000000Z,95.38,95.357
2015-07-22T10:43:30.000000Z,95.382,95.358
2015-07-22T10:43:35.000000Z,95.38,95.358
2015-07-22T10:43:40.000000Z,95.381,95.359
2015-07-22T10:43:45.000000Z,95.379,95.358
2015-07-22T10:43:50.000000Z,95.379,95.357
2015-07-22T10:43:55.000000Z,95.38,95.355
2015-07-22T10:44:00.000000Z,95.38,95.356
2015-07-22T10:44:05.000000Z,95.381,95.358
2015-07-22T10:44:10.000000Z,95.379,95.359
2015-07-22T10:44:15.000000Z,95.381,95.359
2015-07-22T10:44:20.000000Z,95.38,95.358
2015-07-22T10:44:25.000000Z,95.38,95.358
2015-07-22T10:44:30.000000Z,95.38,95.359
2015-07-22T10:44:35.000000Z,95.38,95.358
2015-07-22T10:44:40.000000Z,95.383,95.358
2015-07-22T10:44:45.000000Z,95.389,95.369
2015-07-22T10:44:50.000000Z,95.391,95.366
2015-07-22T10:44:55.000000Z,95.385,95.362
2015-07-22T10:45:00.000000Z,95.386,95.366
2015-07-22T10:45:05.000000Z,95.389,95.37
2015-07-22T10:45:10.000000Z,95.391,95.367
2015-07-22T10:45:15.000000Z,95.39,95.367
2015-07-22T10:45:20.000000Z,95.389,95.366
2015-07-22T10:45:25.000000Z,95.391,95.37
2015-07-22T10:45:30.000000Z,95.396,95.372
2015-07-22T10:45:35.000000Z,95.396,95.374
2015-07-22T10:45:40.000000Z,95.396,95.376
2015-07-22T10:45:45.000000Z,95.397,95.376
2015-07-22T10:45:50.000000Z,95.397,95.376
2015-07-22T10:45:55.000000Z,95.396,95.375
2015-07-22T10:46:00.000000Z,95.399,95.376
2015-07-22T10:46:05.000000Z,95.398,95.379
2015-07-22T10:46:10.000000Z,95.399,95.376
2015-07-22T10:46:20.000000Z,95.4,95.377
2015-07-22T10:46:30.000000Z,95.399,95.378
2015-07-22T10:46:35.000000Z,95.402,95.381
2015-07-22T10:46:40.000000Z,95.401,95.382
2015-07-22T10:46:45.000000Z,95.401,95.383
2015-07-22T10:46:50.000000Z,95.403,95.384
2015-07-22T10:46:55.000000Z,95.405,95.384
2015-07-22T10:47:00.000000Z,95.404,95.384
2015-07-22T10:47:05.000000Z,95.399,95.377
2015-07-22T10:47:10.000000Z,95.397,95.377
2015-07-22T10:47:15.000000Z,95.397,95.376
2015-07-22T10:47:20.000000Z,95.395,95.375
2015-07-22T10:47:25.000000Z,95.394,95.375
2015-07-22T10:47:30.000000Z,95.401,95.377
2015-07-22T10:47:35.000000Z,95.398,95.377
2015-07-22T10:47:40.000000Z,95.402,95.378
2015-07-22T10:47:45.000000Z,95.399,95.379
2015-07-22T10:47:50.000000Z,95.399,95.375
2015-07-22T10:47:55.000000Z,95.398,95.376
2015-07-22T10:48:00.000000Z,95.397,95.377
2015-07-22T10:48:05.000000Z,95.396,95.377
2015-07-22T10:48:10.000000Z,95.394,95.373
2015-07-22T10:48:15.000000Z,95.393,95.37
2015-07-22T10:48:20.000000Z,95.396,95.375
2015-07-22T10:48:30.000000Z,95.397,95.374
2015-07-22T10:48:35.000000Z,95.402,95.382
2015-07-22T10:48:40.000000Z,95.401,95.378
2015-07-22T10:48:45.000000Z,95.404,95.381
2015-07-22T10:48:55.000000Z,95.403,95.383
2015-07-22T10:49:00.000000Z,95.403,95.382
2015-07-22T10:49:05.000000Z,95.4,95.38
2015-07-22T10:49:25.000000Z,95.401,95.378
2015-07-22T10:49:30.000000Z,95.406,95.383
2015-07-22T10:49:35.000000Z,95.406,95.384
2015-07-22T10:49:40.000000Z,95.406,95.383
2015-07-22T10:49:50.000000Z,95.406,95.383
2015-07-22T10:50:00.000000Z,95.404,95.38
2015-07-22T10:50:10.000000Z,95.404,95.382
2015-07-22T10:50:15.000000Z,95.405,95.384
2015-07-22T10:50:20.000000Z,95.406,95.384
2015-07-22T10:50:25.000000Z,95.409,95.385
2015-07-22T10:50:35.000000Z,95.408,95.385
2015-07-22T10:50:50.000000Z,95.408,95.385
2015-07-22T10:50:55.000000Z,95.407,95.385
2015-07-22T10:51:00.000000Z,95.408,95.385
2015-07-22T10:51:05.000000Z,95.41,95.385
2015-07-22T10:51:15.000000Z,95.408,95.385
2015-07-22T10:51:20.000000Z,95.406,95.38
2015-07-22T10:51:25.000000Z,95.398,95.375
2015-07-22T10:51:30.000000Z,95.397,95.377
2015-07-22T10:51:35.000000Z,95.392,95.373
2015-07-22T10:51:40.000000Z,95.394,95.372
2015-07-22T10:51:45.000000Z,95.391,95.371
2015-07-22T10:51:50.000000Z,95.393,95.372
2015-07-22T10:51:55.000000Z,95.401,95.381
2015-07-22T10:52:00.000000Z,95.4,95.379
2015-07-22T10:52:05.000000Z,95.401,95.378
2015-07-22T10:52:10.000000Z,95.402,95.379
2015-07-22T10:52:15.000000Z,95.398,95.374
2015-07-22T10:52:20.000000Z,95.394,95.374
2015-07-22T10:52:25.000000Z,95.396,95.373
2015-07-22T10:52:30.000000Z,95.395,95.373
2015-07-22T10:52:35.000000Z,95.395,95.373
2015-07-22T10:52:50.000000Z,95.394,95.373
2015-07-22T10:52:55.000000Z,95.395,95.374
2015-07-22T10:53:00.000000Z,95.394,95.376
2015-07-22T10:53:05.000000Z,95.395,95.376
2015-07-22T10:53:10.000000Z,95.397,95.377
2015-07-22T10:53:20.000000Z,95.399,95.376
2015-07-22T10:53:25.000000Z,95.396,95.376
2015-07-22T10:53:30.000000Z,95.395,95.377
2015-07-22T10:53:35.000000Z,95.395,95.376
2015-07-22T10:53:45.000000Z,95.394,95.371
2015-07-22T10:53:50.000000Z,95.39,95.371
2015-07-22T10:54:00.000000Z,95.38,95.358
2015-07-22T10:54:05.000000Z,95.378,95.355
2015-07-22T10:54:10.000000Z,95.372,95.352
2015-07-22T10:54:15.000000Z,95.373,95.353
2015-07-22T10:54:20.000000Z,95.371,95.348
2015-07-22T10:54:25.000000Z,95.362,95.342
2015-07-22T10:54:30.000000Z,95.363,95.339
2015-07-22T10:54:35.000000Z,95.367,95.341
2015-07-22T10:54:40.000000Z,95.363,95.342
2015-07-22T10:54:45.000000Z,95.364,95.341
2015-07-22T10:54:50.000000Z,95.361,95.338
2015-07-22T10:55:00.000000Z,95.363,95.342
2015-07-22T10:55:05.000000Z,95.363,95.336
2015-07-22T10:55:10.000000Z,95.354,95.332
2015-07-22T10:55:15.000000Z,95.35,95.33
2015-07-22T10:55:20.000000Z,95.353,95.332
2015-07-22T10:55:25.000000Z,95.354,95.332
2015-07-22T10:55:30.000000Z,95.354,95.331
2015-07-22T10:55:35.000000Z,95.348,95.323
2015-07-22T10:55:40.000000Z,95.348,95.322
2015-07-22T10:55:45.000000Z,95.362,95.34
2015-07-22T10:55:50.000000Z,95.366,95.342
2015-07-22T10:55:55.000000Z,95.367,95.343
2015-07-22T10:56:00.000000Z,95.362,95.338
2015-07-22T10:56:05.000000Z,95.364,95.341
2015-07-22T10:56:10.000000Z,95.368,95.344
2015-07-22T10:56:15.000000Z,95.377,95.354
2015-07-22T10:56:20.000000Z,95.371,95.349
2015-07-22T10:56:25.000000Z,95.375,95.354
2015-07-22T10:56:30.000000Z,95.374,95.352
2015-07-22T10:56:35.000000Z,95.379,95.355
2015-07-22T10:56:40.000000Z,95.379,95.356
2015-07-22T10:56:45.000000Z,95.377,95.355
2015-07-22T10:56:50.000000Z,95.375,95.353
2015-07-22T10:56:55.000000Z,95.374,95.353
2015-07-22T10:57:00.000000Z,95.374,95.354
2015-07-22T10:57:05.000000Z,95.373,95.353
2015-07-22T10:57:10.000000Z,95.373,95.352
2015-07-22T10:57:15.000000Z,95.375,95.35
2015-07-22T10:57:20.000000Z,95.372,95.355
2015-07-22T10:57:25.000000Z,95.374,95.354
2015-07-22T10:57:30.000000Z,95.374,95.356
2015-07-22T10:57:35.000000Z,95.372,95.356
2015-07-22T10:57:40.000000Z,95.371,95.352
2015-07-22T10:57:45.000000Z,95.37,95.354
2015-07-22T10:57:50.000000Z,95.38,95.358
2015-07-22T10:57:55.000000Z,95.378,95.363
2015-07-22T10:58:00.000000Z,95.375,95.357
2015-07-22T10:58:05.000000Z,95.374,95.357
2015-07-22T10:58:10.000000Z,95.372,95.36
2015-07-22T10:58:20.000000Z,95.39,95.371
2015-07-22T10:58:25.000000Z,95.387,95.371
2015-07-22T10:58:30.000000Z,95.399,95.381
2015-07-22T10:58:35.000000Z,95.414,95.397
2015-07-22T10:58:40.000000Z,95.414,95.398
2015-07-22T10:58:45.000000Z,95.413,95.395
2015-07-22T10:58:50.000000Z,95.411,95.395
2015-07-22T10:58:55.000000Z,95.404,95.383
2015-07-22T10:59:00.000000Z,95.393,95.38
2015-07-22T10:59:05.000000Z,95.403,95.383
2015-07-22T10:59:10.000000Z,95.4,95.382
2015-07-22T10:59:15.000000Z,95.4,95.38
2015-07-22T10:59:20.000000Z,95.398,95.381
2015-07-22T10:59:25.000000Z,95.4,95.38
2015-07-22T10:59:30.000000Z,95.402,95.382
2015-07-22T10:59:35.000000Z,95.395,95.379
2015-07-22T10:59:40.000000Z,95.396,95.378
2015-07-22T10:59:45.000000Z,95.4,95.382
2015-07-22T10:59:50.000000Z,95.4,95.381
2015-07-22T10:59:55.000000Z,95.401,95.382
2015-07-22T11:00:00.000000Z,95.409,95.39
2015-07-22T11:00:05.000000Z,95.41,95.388
2015-07-22T11:00:10.000000Z,95.42,95.403
2015-07-22T11:00:15.000000Z,95.416,95.399
2015-07-22T11:00:20.000000Z,95.408,95.393
2015-07-22T11:00:25.000000Z,95.409,95.381
2015-07-22T11:00:30.000000Z,95.402,95.378
2015-07-22T11:00:35.000000Z,95.397,95.375
2015-07-22T11:00:40.000000Z,95.396,95.375
2015-07-22T11:00:45.000000Z,95.395,95.374
2015-07-22T11:00:50.000000Z,95.396,95.374
2015-07-22T11:00:55.000000Z,95.395,95.372
2015-07-22T11:01:00.000000Z,95.393,95.373
2015-07-22T11:01:05.000000Z,95.393,95.372
2015-07-22T11:01:10.000000Z,95.389,95.365
2015-07-22T11:01:15.000000Z,95.394,95.375
2015-07-22T11:01:20.000000Z,95.392,95.372
2015-07-22T11:01:25.000000Z,95.393,95.373
2015-07-22T11:01:30.000000Z,95.393,95.376
2015-07-22T11:01:35.000000Z,95.389,95.369
2015-07-22T11:01:45.000000Z,95.391,95.37
2015-07-22T11:01:50.000000Z,95.388,95.369
2015-07-22T11:02:00.000000Z,95.385,95.363
2015-07-22T11:02:05.000000Z,95.383,95.361
2015-07-22T11:02:10.000000Z,95.384,95.362
2015-07-22T11:02:15.000000Z,95.38,95.361
2015-07-22T11:02:20.000000Z,95.381,95.36
2015-07-22T11:02:25.000000Z,95.383,95.363
2015-07-22T11:02:30.000000Z,95.385,95.366
2015-07-22T11:02:35.000000Z,95.387,95.365
2015-07-22T11:02:40.000000Z,95.387,95.366
2015-07-22T11:02:45.000000Z,95.387,95.364
2015-07-22T11:02:50.000000Z,95.386,95.365
2015-07-22T11:02:55.000000Z,95.389,95.362
2015-07-22T11:03:00.000000Z,95.388,95.362
2015-07-22T11:03:05.000000Z,95.387,95.364
2015-07-22T11:03:10.000000Z,95.387,95.365
2015-07-22T11:03:15.000000Z,95.388,95.365
2015-07-22T11:03:20.000000Z,95.388,95.365
2015-07-22T11:03:25.000000Z,95.388,95.365
2015-07-22T11:03:35.000000Z,95.387,95.365
2015-07-22T11:03:40.000000Z,95.388,95.364
2015-07-22T11:03:45.000000Z,95.389,95.366
2015-07-22T11:03:50.000000Z,95.388,95.367
2015-07-22T11:03:55.000000Z,95.388,95.367
2015-07-22T11:04:00.000000Z,95.389,95.366
2015-07-22T11:04:05.000000Z,95.392,95.368
2015-07-22T11:04:15.000000Z,95.399,95.373
2015-07-22T11:04:20.000000Z,95.396,95.374
2015-07-22T11:04:25.000000Z,95.397,95.374
2015-07-22T11:04:30.000000Z,95.393,95.374
2015-07-22T11:04:35.000000Z,95.389,95.367
2015-07-22T11:04:40.000000Z,95.389,95.366
2015-07-22T11:04:45.000000Z,95.394,95.369
2015-07-22T11:04:50.000000Z,95.391,95.368
2015-07-22T11:04:55.000000Z,95.385,95.361
2015-07-22T11:05:00.000000Z,95.384,95.359
2015-07-22T11:05:05.000000Z,95.394,95.367
2015-07-22T11:05:10.000000Z,95.39,95.366
2015-07-22T11:05:15.000000Z,95.391,95.365
2015-07-22T11:05:20.000000Z,95.387,95.362
2015-07-22T11:05:25.000000Z,95.385,95.359
2015-07-22T11:05:35.000000Z,95.383,95.357
2015-07-22T11:05:50.000000Z,95.385,95.356
2015-07-22T11:05:55.000000Z,95.381,95.357
