time,closeAsk,closeBid
2015-07-29T02:51:20.000000Z,8.5876,8.58613
2015-07-29T02:51:30.000000Z,8.5876,8.58621
2015-07-29T02:51:40.000000Z,8.58745,8.58606
2015-07-29T02:52:10.000000Z,8.58729,8.58582
2015-07-29T02:53:10.000000Z,8.58745,8.58598
2015-07-29T02:53:40.000000Z,8.58752,8.58598
2015-07-29T02:53:50.000000Z,8.58737,8.58575
2015-07-29T02:54:00.000000Z,8.58713,8.58559
2015-07-29T02:54:10.000000Z,8.58683,8.58536
2015-07-29T02:54:20.000000Z,8.58698,8.58551
2015-07-29T02:54:30.000000Z,8.58699,8.58556
2015-07-29T02:55:00.000000Z,8.58707,8.58564
2015-07-29T02:55:20.000000Z,8.58746,8.58595
2015-07-29T02:55:30.000000Z,8.58769,8.5861
2015-07-29T02:56:20.000000Z,8.58761,8.5861
2015-07-29T02:56:30.000000Z,8.58753,8.58602
2015-07-29T02:56:40.000000Z,8.58753,8.58602
2015-07-29T02:57:00.000000Z,8.58761,8.5861
2015-07-29T02:57:30.000000Z,8.58734,8.58577
2015-07-29T02:57:40.000000Z,8.58716,8.58567
2015-07-29T02:57:50.000000Z,8.58719,8.58569
2015-07-29T02:58:00.000000Z,8.58713,8.5856
2015-07-29T02:58:10.000000Z,8.58712,8.58561
2015-07-29T02:58:40.000000Z,8.58711,8.58561
2015-07-29T02:58:50.000000Z,8.58714,8.58564
2015-07-29T02:59:00.000000Z,8.58694,8.58537
2015-07-29T02:59:10.000000Z,8.58713,8.58553
2015-07-29T02:59:20.000000Z,8.58883,8.58731
2015-07-29T02:59:30.000000Z,8.58945,8.58793
2015-07-29T02:59:40.000000Z,8.59015,8.58863
2015-07-29T02:59:50.000000Z,8.59031,8.5887
2015-07-29T03:00:00.000000Z,8.59093,8.58921
2015-07-29T03:00:10.000000Z,8.59092,8.5892
2015-07-29T03:00:20.000000Z,8.59038,8.58867
2015-07-29T03:00:50.000000Z,8.5906,8.58908
2015-07-29T03:01:10.000000Z,8.59078,8.58914
2015-07-29T03:01:20.000000Z,8.59078,8.58912
2015-07-29T03:02:10.000000Z,8.59078,8.58915
2015-07-29T03:02:50.000000Z,8.59016,8.58853
2015-07-29T03:03:10.000000Z,8.59,8.58829
2015-07-29T03:04:20.000000Z,8.58969,8.58821
2015-07-29T03:04:50.000000Z,8.58977,8.58829
2015-07-29T03:05:20.000000Z,8.58939,8.58783
2015-07-29T03:05:40.000000Z,8.58915,8.58752
2015-07-29T03:05:50.000000Z,8.58923,8.58775
2015-07-29T03:06:10.000000Z,8.58915,8.58767
2015-07-29T03:06:20.000000Z,8.58906,8.58752
2015-07-29T03:06:30.000000Z,8.58922,8.5876
2015-07-29T03:06:50.000000Z,8.58899,8.58752
2015-07-29T03:07:00.000000Z,8.58899,8.5876
2015-07-29T03:09:20.000000Z,8.58899,8.58752
2015-07-29T03:09:40.000000Z,8.58914,8.58767
2015-07-29T03:10:00.000000Z,8.58899,8.58752
2015-07-29T03:10:10.000000Z,8.58883,8.58744
2015-07-29T03:10:20.000000Z,8.58852,8.58682
2015-07-29T03:10:30.000000Z,8.5885,8.58681
2015-07-29T03:10:50.000000Z,8.58848,8.58681
2015-07-29T03:11:10.000000Z,8.58809,8.58658
2015-07-29T03:11:20.000000Z,8.58786,8.5865
2015-07-29T03:11:30.000000Z,8.58778,8.58635
2015-07-29T03:11:50.000000Z,8.58762,8.58619
2015-07-29T03:12:10.000000Z,8.58778,8.58627
2015-07-29T03:12:40.000000Z,8.58809,8.58642
2015-07-29T03:12:50.000000Z,8.58793,8.5865
2015-07-29T03:13:00.000000Z,8.58785,8.58642
2015-07-29T03:13:20.000000Z,8.58871,8.5872
2015-07-29T03:13:30.000000Z,8.5884,8.58697
2015-07-29T03:13:40.000000Z,8.58855,8.58696
2015-07-29T03:13:50.000000Z,8.5886,8.58702
2015-07-29T03:14:00.000000Z,8.58937,8.58779
2015-07-29T03:14:20.000000Z,8.5893,8.58764
2015-07-29T03:14:30.000000Z,8.5893,8.58764
2015-07-29T03:14:40.000000Z,8.58899,8.58741
2015-07-29T03:14:50.000000Z,8.58868,8.5871
2015-07-29T03:15:00.000000Z,8.58899,8.58741
2015-07-29T03:15:30.000000Z,8.58844,8.58694
2015-07-29T03:15:40.000000Z,8.5886,8.5871
2015-07-29T03:15:50.000000Z,8.58906,8.58764
2015-07-29T03:16:00.000000Z,8.58906,8.58748
2015-07-29T03:16:10.000000Z,8.58868,8.5871
2015-07-29T03:16:20.000000Z,8.58844,8.58694
2015-07-29T03:16:30.000000Z,8.58852,8.58694
2015-07-29T03:16:40.000000Z,8.58852,8.58686
2015-07-29T03:17:00.000000Z,8.58837,8.58679
2015-07-29T03:17:50.000000Z,8.58852,8.58686
2015-07-29T03:19:40.000000Z,8.58837,8.58671
2015-07-29T03:19:50.000000Z,8.58821,8.58671
2015-07-29T03:20:00.000000Z,8.58837,8.58687
2015-07-29T03:21:10.000000Z,8.5879,8.5864
2015-07-29T03:21:20.000000Z,8.58937,8.58787
2015-07-29T03:21:40.000000Z,8.58914,8.58756
2015-07-29T03:22:00.000000Z,8.58961,8.58803
2015-07-29T03:22:10.000000Z,8.59007,8.58834
2015-07-29T03:22:20.000000Z,8.59015,8.58849
2015-07-29T03:22:40.000000Z,8.58961,8.58795
2015-07-29T03:22:50.000000Z,8.58976,8.58818
2015-07-29T03:23:00.000000Z,8.58991,8.58818
2015-07-29T03:23:30.000000Z,8.59,8.58834
2015-07-29T03:23:40.000000Z,8.58976,8.5881
2015-07-29T03:24:10.000000Z,8.5893,8.58772
2015-07-29T03:26:00.000000Z,8.58914,8.58748
2015-07-29T03:26:10.000000Z,8.58976,8.58834
2015-07-29T03:26:30.000000Z,8.58968,8.58818
2015-07-29T03:26:50.000000Z,8.58976,8.58826
2015-07-29T03:27:00.000000Z,8.58953,8.58811
2015-07-29T03:27:20.000000Z,8.58968,8.58818
2015-07-29T03:27:30.000000Z,8.58953,8.58811
2015-07-29T03:27:50.000000Z,8.59,8.58834
2015-07-29T03:28:40.000000Z,8.5896,8.58818
2015-07-29T03:29:00.000000Z,8.58968,8.58826
2015-07-29T03:29:10.000000Z,8.58951,8.58813
2015-07-29T03:29:20.000000Z,8.58958,8.58828
2015-07-29T03:29:30.000000Z,8.58988,8.58837
2015-07-29T03:30:00.000000Z,8.58973,8.58837
2015-07-29T03:30:10.000000Z,8.5898,8.58837
2015-07-29T03:30:30.000000Z,8.58982,8.58836
2015-07-29T03:30:40.000000Z,8.58974,8.58844
2015-07-29T03:31:50.000000Z,8.58974,8.58821
2015-07-29T03:32:00.000000Z,8.58957,8.58808
2015-07-29T03:32:20.000000Z,8.58965,8.58801
2015-07-29T03:32:30.000000Z,8.58974,8.58813
2015-07-29T03:33:10.000000Z,8.58989,8.58828
2015-07-29T03:33:20.000000Z,8.58982,8.58836
2015-07-29T03:33:30.000000Z,8.59005,8.58852
2015-07-29T03:33:40.000000Z,8.5899,8.58844
2015-07-29T03:33:50.000000Z,8.58966,8.58836
2015-07-29T03:34:00.000000Z,8.58982,8.58844
2015-07-29T03:34:40.000000Z,8.58958,8.58836
2015-07-29T03:35:00.000000Z,8.58958,8.58836
2015-07-29T03:35:10.000000Z,8.58974,8.58828
2015-07-29T03:35:30.000000Z,8.58889,8.58743
2015-07-29T03:35:40.000000Z,8.58912,8.58766
2015-07-29T03:35:50.000000Z,8.58918,8.58775
2015-07-29T03:36:10.000000Z,8.58911,8.58752
2015-07-29T03:36:20.000000Z,8.58895,8.58744
2015-07-29T03:36:30.000000Z,8.5888,8.58713
2015-07-29T03:36:40.000000Z,8.58833,8.58674
2015-07-29T03:36:50.000000Z,8.58826,8.5869
2015-07-29T03:37:10.000000Z,8.5899,8.58844
2015-07-29T03:37:20.000000Z,8.58981,8.58828
2015-07-29T03:37:30.000000Z,8.58997,8.58844
2015-07-29T03:37:40.000000Z,8.58991,8.5883
2015-07-29T03:37:50.000000Z,8.58991,8.5883
2015-07-29T03:38:00.000000Z,8.58992,8.58846
2015-07-29T03:38:20.000000Z,8.58945,8.58784
2015-07-29T03:38:30.000000Z,8.58953,8.588
2015-07-29T03:38:40.000000Z,8.5896,8.58807
2015-07-29T03:39:10.000000Z,8.58976,8.58823
2015-07-29T03:39:20.000000Z,8.58953,8.588
2015-07-29T03:39:30.000000Z,8.58968,8.58815
2015-07-29T03:39:50.000000Z,8.58984,8.58831
2015-07-29T03:40:00.000000Z,8.58999,8.58846
2015-07-29T03:40:20.000000Z,8.59015,8.58854
2015-07-29T03:40:30.000000Z,8.59069,8.58916
2015-07-29T03:40:40.000000Z,8.58992,8.58846
2015-07-29T03:41:00.000000Z,8.59053,8.589
2015-07-29T03:41:10.000000Z,8.59061,8.58915
2015-07-29T03:41:20.000000Z,8.59069,8.58908
2015-07-29T03:41:30.000000Z,8.59092,8.58923
2015-07-29T03:42:00.000000Z,8.59069,8.58931
2015-07-29T03:42:10.000000Z,8.59054,8.58908
2015-07-29T03:42:20.000000Z,8.59058,8.58922
2015-07-29T03:43:40.000000Z,8.59059,8.58921
2015-07-29T03:43:50.000000Z,8.59028,8.58867
2015-07-29T03:44:00.000000Z,8.59043,8.5889
2015-07-29T03:44:10.000000Z,8.59059,8.58898
2015-07-29T03:44:20.000000Z,8.59075,8.58914
2015-07-29T03:45:40.000000Z,8.59074,8.58915
2015-07-29T03:46:20.000000Z,8.59058,8.58899
2015-07-29T03:46:40.000000Z,8.59011,8.5886
2015-07-29T03:47:30.000000Z,8.5898,8.58829
2015-07-29T03:47:40.000000Z,8.58934,8.58767
2015-07-29T03:48:00.000000Z,8.58996,8.58837
2015-07-29T03:48:10.000000Z,8.58934,8.58791
2015-07-29T03:48:20.000000Z,8.58849,8.58698
2015-07-29T03:48:30.000000Z,8.58833,8.58697
2015-07-29T03:49:20.000000Z,8.58849,8.58706
2015-07-29T03:50:00.000000Z,8.58871,8.58719
2015-07-29T03:50:50.000000Z,8.58917,8.58757
2015-07-29T03:51:00.000000Z,8.58901,8.58742
2015-07-29T03:51:20.000000Z,8.58908,8.58757
2015-07-29T03:52:00.000000Z,8.58906,8.58758
2015-07-29T03:52:40.000000Z,8.58899,8.58743
2015-07-29T03:53:50.000000Z,8.58821,8.58673
2015-07-29T03:54:30.000000Z,8.5886,8.58712
2015-07-29T03:55:30.000000Z,8.58836,8.58696
2015-07-29T03:55:40.000000Z,8.58813,8.58665
2015-07-29T03:55:50.000000Z,8.58759,8.58611
2015-07-29T03:56:10.000000Z,8.58774,8.58611
2015-07-29T03:56:20.000000Z,8.5879,8.58634
2015-07-29T03:56:30.000000Z,8.58829,8.58681
2015-07-29T03:56:40.000000Z,8.58821,8.58673
2015-07-29T03:57:10.000000Z,8.58852,8.58704
2015-07-29T03:57:20.000000Z,8.58875,8.58719
2015-07-29T03:57:30.000000Z,8.58891,8.58735
2015-07-29T03:58:00.000000Z,8.58837,8.58681
2015-07-29T03:58:10.000000Z,8.58829,8.58673
2015-07-29T03:58:30.000000Z,8.58852,8.58689
2015-07-29T03:58:40.000000Z,8.58837,8.58681
2015-07-29T03:59:00.000000Z,8.58868,8.5872
2015-07-29T04:00:00.000000Z,8.58873,8.58719
2015-07-29T04:00:10.000000Z,8.58853,8.58711
2015-07-29T04:00:20.000000Z,8.58858,8.58711
2015-07-29T04:00:30.000000Z,8.5885,8.58703
2015-07-29T04:00:40.000000Z,8.58845,8.58703
2015-07-29T04:01:00.000000Z,8.58807,8.58641
2015-07-29T04:01:10.000000Z,8.58752,8.58594
2015-07-29T04:02:10.000000Z,8.58752,8.58602
2015-07-29T04:02:30.000000Z,8.5869,8.5854
2015-07-29T04:02:40.000000Z,8.5869,8.58532
2015-07-29T04:03:00.000000Z,8.58675,8.58525
2015-07-29T04:03:30.000000Z,8.58667,8.58517
2015-07-29T04:04:00.000000Z,8.58651,8.58509
2015-07-29T04:04:10.000000Z,8.58628,8.58486
2015-07-29T04:04:20.000000Z,8.58644,8.58486
2015-07-29T04:04:30.000000Z,8.58636,8.58494
2015-07-29T04:04:40.000000Z,8.58605,8.58455
2015-07-29T04:05:00.000000Z,8.58675,8.58533
2015-07-29T04:06:00.000000Z,8.58613,8.58463
2015-07-29T04:06:10.000000Z,8.58597,8.58439
2015-07-29T04:06:20.000000Z,8.58605,8.58447
2015-07-29T04:06:30.000000Z,8.58606,8.58446
2015-07-29T04:06:40.000000Z,8.58637,8.58488
2015-07-29T04:06:50.000000Z,8.58637,8.5848
2015-07-29T04:07:00.000000Z,8.58699,8.58535
2015-07-29T04:07:10.000000Z,8.58723,8.58566
2015-07-29T04:07:20.000000Z,8.58707,8.58566
2015-07-29T04:07:30.000000Z,8.5871,8.58563
2015-07-29T04:08:40.000000Z,8.58765,8.58618
2015-07-29T04:09:10.000000Z,8.58773,8.58624
2015-07-29T04:09:20.000000Z,8.58743,8.58586
2015-07-29T04:09:30.000000Z,8.58711,8.58539
2015-07-29T04:09:40.000000Z,8.58688,8.58524
2015-07-29T04:09:50.000000Z,8.58688,8.58524
2015-07-29T04:10:00.000000Z,8.58665,8.58501
2015-07-29T04:10:10.000000Z,8.58603,8.58446
2015-07-29T04:10:30.000000Z,8.58604,8.58445
2015-07-29T04:11:10.000000Z,8.58601,8.5846
2015-07-29T04:11:20.000000Z,8.58593,8.58452
2015-07-29T04:11:50.000000Z,8.58592,8.58455
2015-07-29T04:12:00.000000Z,8.58566,8.58406
2015-07-29T04:12:10.000000Z,8.5857,8.58407
2015-07-29T04:12:20.000000Z,8.58541,8.58383
2015-07-29T04:12:30.000000Z,8.58533,8.58383
2015-07-29T04:12:40.000000Z,8.58556,8.58406
2015-07-29T04:12:50.000000Z,8.58541,8.58383
2015-07-29T04:13:00.000000Z,8.58518,8.5836
2015-07-29T04:13:10.000000Z,8.58513,8.5835
2015-07-29T04:13:30.000000Z,8.58517,8.58354
2015-07-29T04:13:50.000000Z,8.58386,8.58223
2015-07-29T04:14:00.000000Z,8.58519,8.58356
2015-07-29T04:14:10.000000Z,8.58464,8.58301
2015-07-29T04:14:20.000000Z,8.58434,8.58278
2015-07-29T04:14:30.000000Z,8.5841,8.58247
2015-07-29T04:14:40.000000Z,8.58372,8.58216
2015-07-29T04:14:50.000000Z,8.58294,8.58131
2015-07-29T04:15:00.000000Z,8.58325,8.58169
2015-07-29T04:15:10.000000Z,8.58309,8.58146
2015-07-29T04:15:20.000000Z,8.58317,8.58161
2015-07-29T04:15:30.000000Z,8.58298,8.58125
2015-07-29T04:15:40.000000Z,8.58325,8.58162
2015-07-29T04:15:50.000000Z,8.58301,8.58142
2015-07-29T04:16:00.000000Z,8.58307,8.58142
2015-07-29T04:16:20.000000Z,8.58307,8.58142
2015-07-29T04:16:30.000000Z,8.58299,8.58134
2015-07-29T04:16:40.000000Z,8.584,8.58242
2015-07-29T04:16:50.000000Z,8.58428,8.5828
2015-07-29T04:17:00.000000Z,8.5849,8.58334
2015-07-29T04:17:10.000000Z,8.58459,8.58311
2015-07-29T04:17:20.000000Z,8.58475,8.58319
2015-07-29T04:17:40.000000Z,8.58397,8.58241
2015-07-29T04:17:50.000000Z,8.58457,8.58288
2015-07-29T04:18:00.000000Z,8.58434,8.58288
2015-07-29T04:18:10.000000Z,8.58356,8.5821
2015-07-29T04:18:30.000000Z,8.58413,8.58251
2015-07-29T04:18:40.000000Z,8.58212,8.58058
2015-07-29T04:18:50.000000Z,8.58096,8.57942
2015-07-29T04:19:00.000000Z,8.57995,8.5781
2015-07-29T04:19:10.000000Z,8.57995,8.57841
2015-07-29T04:19:20.000000Z,8.58063,8.57893
2015-07-29T04:19:30.000000Z,8.57977,8.57823
2015-07-29T04:19:40.000000Z,8.57993,8.57839
2015-07-29T04:19:50.000000Z,8.58008,8.57854
2015-07-29T04:20:00.000000Z,8.57993,8.57855
2015-07-29T04:20:10.000000Z,8.58008,8.5787
2015-07-29T04:20:20.000000Z,8.58001,8.57863
2015-07-29T04:20:30.000000Z,8.58008,8.5787
2015-07-29T04:20:40.000000Z,8.57977,8.57847
2015-07-29T04:20:50.000000Z,8.57892,8.57754
2015-07-29T04:21:00.000000Z,8.57907,8.57754
2015-07-29T04:21:10.000000Z,8.579,8.57754
2015-07-29T04:21:20.000000Z,8.57977,8.57824
2015-07-29T04:21:30.000000Z,8.57993,8.5784
2015-07-29T04:21:40.000000Z,8.58086,8.57933
2015-07-29T04:21:50.000000Z,8.5814,8.57987
2015-07-29T04:22:00.000000Z,8.58047,8.57909
2015-07-29T04:22:10.000000Z,8.58047,8.57901
2015-07-29T04:22:20.000000Z,8.58047,8.57901
2015-07-29T04:22:40.000000Z,8.58055,8.57894
2015-07-29T04:23:00.000000Z,8.58093,8.5794
2015-07-29T04:23:10.000000Z,8.58071,8.57925
2015-07-29T04:23:20.000000Z,8.58109,8.57948
2015-07-29T04:23:30.000000Z,8.5807,8.57909
2015-07-29T04:24:00.000000Z,8.58063,8.57917
2015-07-29T04:24:10.000000Z,8.58039,8.57886
2015-07-29T04:24:20.000000Z,8.57953,8.57794
2015-07-29T04:24:30.000000Z,8.57968,8.57817
2015-07-29T04:24:40.000000Z,8.57968,8.57817
2015-07-29T04:24:50.000000Z,8.57829,8.57686
2015-07-29T04:25:00.000000Z,8.57829,8.57678
2015-07-29T04:25:10.000000Z,8.57829,8.57678
2015-07-29T04:25:20.000000Z,8.57813,8.57662
2015-07-29T04:25:30.000000Z,8.57767,8.57593
2015-07-29T04:25:40.000000Z,8.57728,8.57569
2015-07-29T04:25:50.000000Z,8.57759,8.57592
2015-07-29T04:26:00.000000Z,8.57837,8.57678
2015-07-29T04:26:10.000000Z,8.57837,8.57686
2015-07-29T04:26:20.000000Z,8.57821,8.57678
2015-07-29T04:26:40.000000Z,8.57767,8.57608
2015-07-29T04:26:50.000000Z,8.57713,8.57562
2015-07-29T04:27:00.000000Z,8.57759,8.57616
2015-07-29T04:27:10.000000Z,8.57806,8.5767
2015-07-29T04:27:20.000000Z,8.57821,8.57678
2015-07-29T04:27:30.000000Z,8.57829,8.57686
2015-07-29T04:27:40.000000Z,8.57829,8.57678
2015-07-29T04:27:50.000000Z,8.57829,8.5767
2015-07-29T04:28:00.000000Z,8.57821,8.5767
2015-07-29T04:28:20.000000Z,8.57767,8.57616
2015-07-29T04:28:30.000000Z,8.57759,8.576
2015-07-29T04:28:40.000000Z,8.57743,8.576
2015-07-29T04:28:50.000000Z,8.5772,8.57569
2015-07-29T04:29:00.000000Z,8.57643,8.575
2015-07-29T04:29:10.000000Z,8.5762,8.57469
2015-07-29T04:29:20.000000Z,8.57627,8.57476
2015-07-29T04:29:30.000000Z,8.57666,8.57523
2015-07-29T04:29:40.000000Z,8.57658,8.57515
2015-07-29T04:29:50.000000Z,8.57666,8.57523
2015-07-29T04:30:10.000000Z,8.57662,8.57516
2015-07-29T04:30:30.000000Z,8.57662,8.57509
2015-07-29T04:30:40.000000Z,8.57615,8.57469
2015-07-29T04:30:50.000000Z,8.57592,8.57446
2015-07-29T04:31:00.000000Z,8.57654,8.57516
2015-07-29T04:31:10.000000Z,8.57662,8.57524
2015-07-29T04:31:50.000000Z,8.57663,8.57525
2015-07-29T04:32:10.000000Z,8.57671,8.57525
2015-07-29T04:32:20.000000Z,8.57678,8.57531
2015-07-29T04:32:30.000000Z,8.57671,8.57524
2015-07-29T04:32:40.000000Z,8.57717,8.5757
2015-07-29T04:32:50.000000Z,8.57694,8.5754
2015-07-29T04:33:10.000000Z,8.57678,8.57524
2015-07-29T04:33:20.000000Z,8.57647,8.575
2015-07-29T04:34:00.000000Z,8.57663,8.57516
2015-07-29T04:34:10.000000Z,8.57655,8.57516
2015-07-29T04:34:20.000000Z,8.57694,8.57547
2015-07-29T04:34:30.000000Z,8.57678,8.57531
2015-07-29T04:34:40.000000Z,8.57678,8.57531
2015-07-29T04:35:00.000000Z,8.57694,8.57547
2015-07-29T04:35:20.000000Z,8.57647,8.57485
2015-07-29T04:35:30.000000Z,8.57593,8.57454
2015-07-29T04:35:50.000000Z,8.57593,8.57462
2015-07-29T04:36:00.000000Z,8.57593,8.57446
2015-07-29T04:36:10.000000Z,8.57516,8.57369
2015-07-29T04:36:20.000000Z,8.57539,8.57392
2015-07-29T04:36:30.000000Z,8.57593,8.57446
2015-07-29T04:36:40.000000Z,8.57508,8.57369
2015-07-29T04:36:50.000000Z,8.575,8.57343
2015-07-29T04:37:00.000000Z,8.57477,8.57328
2015-07-29T04:37:10.000000Z,8.57477,8.5732
2015-07-29T04:37:20.000000Z,8.57515,8.57351
2015-07-29T04:37:30.000000Z,8.57531,8.57374
2015-07-29T04:37:40.000000Z,8.57516,8.57367
2015-07-29T04:37:50.000000Z,8.57578,8.57429
2015-07-29T04:38:00.000000Z,8.57585,8.57436
2015-07-29T04:38:10.000000Z,8.57588,8.57431
2015-07-29T04:39:10.000000Z,8.5758,8.57431
2015-07-29T04:39:20.000000Z,8.57588,8.57439
2015-07-29T04:39:40.000000Z,8.57518,8.57369
2015-07-29T04:40:00.000000Z,8.5751,8.57353
2015-07-29T04:40:10.000000Z,8.57448,8.57284
2015-07-29T04:40:20.000000Z,8.5751,8.57353
2015-07-29T04:40:30.000000Z,8.57494,8.5733
2015-07-29T04:40:40.000000Z,8.57456,8.57284
2015-07-29T04:40:50.000000Z,8.57518,8.57361
2015-07-29T04:41:00.000000Z,8.57518,8.57369
2015-07-29T04:41:10.000000Z,8.57487,8.5733
2015-07-29T04:41:20.000000Z,8.57456,8.57299
2015-07-29T04:41:30.000000Z,8.57433,8.57284
2015-07-29T04:41:50.000000Z,8.57394,8.57237
2015-07-29T04:42:00.000000Z,8.57448,8.57299
2015-07-29T04:42:10.000000Z,8.57456,8.57292
2015-07-29T04:42:20.000000Z,8.57456,8.57292
2015-07-29T04:42:30.000000Z,8.57386,8.57237
2015-07-29T04:42:40.000000Z,8.57363,8.57214
2015-07-29T04:42:50.000000Z,8.57386,8.57229
2015-07-29T04:43:00.000000Z,8.57363,8.57214
2015-07-29T04:43:20.000000Z,8.57402,8.57245
2015-07-29T04:43:30.000000Z,8.57394,8.5723
2015-07-29T04:43:40.000000Z,8.57394,8.57253
2015-07-29T04:43:50.000000Z,8.57448,8.57307
2015-07-29T04:44:00.000000Z,8.5744,8.57291
2015-07-29T04:44:20.000000Z,8.57425,8.57261
2015-07-29T04:44:40.000000Z,8.57448,8.57299
2015-07-29T04:45:00.000000Z,8.57487,8.57315
2015-07-29T04:45:10.000000Z,8.57471,8.57307
2015-07-29T04:45:20.000000Z,8.57456,8.57315
2015-07-29T04:45:40.000000Z,8.57634,8.57477
2015-07-29T04:45:50.000000Z,8.57595,8.57446
2015-07-29T04:46:10.000000Z,8.5758,8.57416
2015-07-29T04:46:20.000000Z,8.57564,8.57392
2015-07-29T04:46:30.000000Z,8.57549,8.57377
2015-07-29T04:46:40.000000Z,8.57588,8.57439
2015-07-29T04:46:50.000000Z,8.57595,8.57454
2015-07-29T04:47:00.000000Z,8.57611,8.57439
2015-07-29T04:47:10.000000Z,8.57518,8.57369
2015-07-29T04:47:20.000000Z,8.57564,8.57392
2015-07-29T04:47:30.000000Z,8.57556,8.57384
2015-07-29T04:47:40.000000Z,8.57533,8.57384
2015-07-29T04:47:50.000000Z,8.57603,8.57439
2015-07-29T04:48:00.000000Z,8.57588,8.57439
2015-07-29T04:48:10.000000Z,8.57603,8.57446
2015-07-29T04:48:20.000000Z,8.576,8.57446
2015-07-29T04:48:40.000000Z,8.57604,8.57441
2015-07-29T04:49:10.000000Z,8.57558,8.57395
2015-07-29T04:49:20.000000Z,8.57271,8.57108
2015-07-29T04:49:30.000000Z,8.57278,8.57115
2015-07-29T04:49:40.000000Z,8.57185,8.57022
2015-07-29T04:49:50.000000Z,8.57201,8.57053
2015-07-29T04:50:00.000000Z,8.57224,8.57069
2015-07-29T04:50:10.000000Z,8.57294,8.57131
2015-07-29T04:50:20.000000Z,8.57278,8.57123
2015-07-29T04:50:30.000000Z,8.57216,8.57061
2015-07-29T04:50:40.000000Z,8.57201,8.5703
2015-07-29T04:50:50.000000Z,8.57201,8.57038
2015-07-29T04:51:00.000000Z,8.57131,8.5696
2015-07-29T04:51:10.000000Z,8.57162,8.57007
2015-07-29T04:51:20.000000Z,8.57123,8.56968
2015-07-29T04:51:30.000000Z,8.57154,8.56991
2015-07-29T04:51:40.000000Z,8.57185,8.57022
2015-07-29T04:51:50.000000Z,8.57224,8.57061
2015-07-29T04:52:00.000000Z,8.5724,8.57092
2015-07-29T04:52:10.000000Z,8.57247,8.57084
2015-07-29T04:52:20.000000Z,8.57224,8.57069
2015-07-29T04:52:30.000000Z,8.57162,8.57007
2015-07-29T04:52:40.000000Z,8.57201,8.57053
2015-07-29T04:52:50.000000Z,8.57193,8.57038
2015-07-29T04:53:00.000000Z,8.57209,8.57061
2015-07-29T04:53:10.000000Z,8.57217,8.57069
2015-07-29T04:53:40.000000Z,8.57209,8.57061
2015-07-29T04:53:50.000000Z,8.57201,8.57061
2015-07-29T04:54:00.000000Z,8.57217,8.57069
2015-07-29T04:54:10.000000Z,8.57201,8.57053
2015-07-29T04:54:20.000000Z,8.57217,8.57069
2015-07-29T04:54:30.000000Z,8.57186,8.57046
2015-07-29T04:54:40.000000Z,8.57162,8.57007
2015-07-29T04:54:50.000000Z,8.57178,8.57023
2015-07-29T04:55:00.000000Z,8.57186,8.57038
2015-07-29T04:55:20.000000Z,8.57216,8.57061
2015-07-29T04:55:30.000000Z,8.57255,8.57107
2015-07-29T04:55:40.000000Z,8.5717,8.56999
2015-07-29T04:56:00.000000Z,8.57232,8.57084
2015-07-29T04:56:10.000000Z,8.5724,8.57077
2015-07-29T04:56:20.000000Z,8.5724,8.57092
2015-07-29T04:56:30.000000Z,8.57193,8.57038
2015-07-29T04:56:40.000000Z,8.57224,8.57076
2015-07-29T04:56:50.000000Z,8.57271,8.57123
2015-07-29T04:57:10.000000Z,8.57217,8.57069
2015-07-29T04:57:20.000000Z,8.5717,8.57021
2015-07-29T04:57:30.000000Z,8.57147,8.57006
2015-07-29T04:57:40.000000Z,8.57155,8.57014
2015-07-29T04:58:00.000000Z,8.5717,8.57029
2015-07-29T04:58:10.000000Z,8.57155,8.56998
2015-07-29T04:58:20.000000Z,8.57147,8.56998
2015-07-29T04:58:30.000000Z,8.57108,8.56959
2015-07-29T04:58:40.000000Z,8.56976,8.56827
2015-07-29T04:59:00.000000Z,8.57108,8.56951
2015-07-29T04:59:10.000000Z,8.57062,8.5689
2015-07-29T04:59:20.000000Z,8.57039,8.56882
2015-07-29T04:59:30.000000Z,8.56992,8.56828
2015-07-29T04:59:50.000000Z,8.56969,8.5682
2015-07-29T05:00:00.000000Z,8.56969,8.56812
2015-07-29T05:00:10.000000Z,8.56946,8.56789
2015-07-29T05:00:20.000000Z,8.56991,8.56821
2015-07-29T05:00:30.000000Z,8.56992,8.5682
2015-07-29T05:00:40.000000Z,8.57108,8.56951
2015-07-29T05:00:50.000000Z,8.5714,8.56982
2015-07-29T05:01:00.000000Z,8.57155,8.5699
2015-07-29T05:01:10.000000Z,8.57124,8.56959
2015-07-29T05:01:20.000000Z,8.57125,8.56967
2015-07-29T05:01:50.000000Z,8.5713,8.56972
2015-07-29T05:02:00.000000Z,8.57192,8.57027
2015-07-29T05:02:10.000000Z,8.57208,8.57043
2015-07-29T05:02:20.000000Z,8.57293,8.5712
2015-07-29T05:02:30.000000Z,8.57277,8.57112
2015-07-29T05:02:40.000000Z,8.57278,8.57128
2015-07-29T05:03:00.000000Z,8.57301,8.57143
2015-07-29T05:03:10.000000Z,8.57347,8.57189
2015-07-29T05:03:20.000000Z,8.57371,8.57213
2015-07-29T05:03:30.000000Z,8.57394,8.57229
2015-07-29T05:03:40.000000Z,8.57371,8.57213
2015-07-29T05:04:10.000000Z,8.57309,8.57151
2015-07-29T05:04:20.000000Z,8.57347,8.57189
2015-07-29T05:04:30.000000Z,8.57293,8.57128
2015-07-29T05:04:50.000000Z,8.57371,8.57221
2015-07-29T05:05:00.000000Z,8.57275,8.57127
2015-07-29T05:05:10.000000Z,8.57314,8.57151
2015-07-29T05:05:20.000000Z,8.57306,8.57158
2015-07-29T05:05:30.000000Z,8.57337,8.57174
2015-07-29T05:05:40.000000Z,8.57275,8.57127
2015-07-29T05:05:50.000000Z,8.57268,8.57128
2015-07-29T05:06:00.000000Z,8.57283,8.57135
2015-07-29T05:06:20.000000Z,8.57268,8.5712
2015-07-29T05:06:30.000000Z,8.57268,8.57128
2015-07-29T05:06:40.000000Z,8.57291,8.57136
2015-07-29T05:06:50.000000Z,8.57322,8.57159
2015-07-29T05:07:00.000000Z,8.57354,8.57196
2015-07-29T05:07:10.000000Z,8.57377,8.57212
2015-07-29T05:07:20.000000Z,8.57377,8.57219
2015-07-29T05:07:30.000000Z,8.57362,8.57204
2015-07-29T05:07:40.000000Z,8.5736,8.57205
2015-07-29T05:07:50.000000Z,8.57399,8.57236
2015-07-29T05:08:00.000000Z,8.57368,8.57213
2015-07-29T05:08:10.000000Z,8.5736,8.57197
2015-07-29T05:08:20.000000Z,8.5743,8.57275
2015-07-29T05:08:30.000000Z,8.57399,8.57244
2015-07-29T05:08:40.000000Z,8.57306,8.57151
2015-07-29T05:08:50.000000Z,8.57384,8.57229
2015-07-29T05:09:00.000000Z,8.57368,8.57205
2015-07-29T05:09:10.000000Z,8.57337,8.57205
2015-07-29T05:09:20.000000Z,8.57345,8.5719
2015-07-29T05:09:30.000000Z,8.57322,8.57167
2015-07-29T05:09:40.000000Z,8.57337,8.57182
2015-07-29T05:09:50.000000Z,8.57291,8.57136
2015-07-29T05:10:00.000000Z,8.57314,8.57143
2015-07-29T05:10:10.000000Z,8.57376,8.57205
2015-07-29T05:10:20.000000Z,8.57384,8.57229
2015-07-29T05:10:50.000000Z,8.57275,8.5712
2015-07-29T05:11:00.000000Z,8.57353,8.57205
2015-07-29T05:11:10.000000Z,8.57306,8.57151
2015-07-29T05:11:20.000000Z,8.57314,8.57174
2015-07-29T05:11:40.000000Z,8.57291,8.57143
2015-07-29T05:11:50.000000Z,8.5729,8.57144
2015-07-29T05:12:10.000000Z,8.57297,8.57144
2015-07-29T05:12:20.000000Z,8.57282,8.57144
2015-07-29T05:12:30.000000Z,8.5729,8.57152
2015-07-29T05:12:40.000000Z,8.57228,8.57082
2015-07-29T05:12:50.000000Z,8.57282,8.57113
2015-07-29T05:13:10.000000Z,8.57243,8.57105
2015-07-29T05:13:20.000000Z,8.57228,8.57082
2015-07-29T05:13:30.000000Z,8.57243,8.57097
2015-07-29T05:13:40.000000Z,8.57203,8.5706
2015-07-29T05:13:50.000000Z,8.57203,8.5706
2015-07-29T05:14:00.000000Z,8.57149,8.56998
2015-07-29T05:14:10.000000Z,8.57157,8.57014
2015-07-29T05:14:20.000000Z,8.57196,8.57045
2015-07-29T05:14:30.000000Z,8.5711,8.56967
2015-07-29T05:14:40.000000Z,8.5711,8.56967
2015-07-29T05:15:10.000000Z,8.57079,8.56928
2015-07-29T05:15:20.000000Z,8.57064,8.56913
2015-07-29T05:15:30.000000Z,8.57079,8.56936
2015-07-29T05:15:40.000000Z,8.57087,8.56944
2015-07-29T05:15:50.000000Z,8.57157,8.57006
2015-07-29T05:16:00.000000Z,8.57172,8.57029
2015-07-29T05:16:10.000000Z,8.57149,8.57006
2015-07-29T05:16:20.000000Z,8.57149,8.57006
2015-07-29T05:16:30.000000Z,8.57133,8.5699
2015-07-29T05:16:40.000000Z,8.57064,8.56921
2015-07-29T05:16:50.000000Z,8.57087,8.56928
2015-07-29T05:17:00.000000Z,8.57133,8.5699
2015-07-29T05:17:20.000000Z,8.57134,8.56983
2015-07-29T05:17:30.000000Z,8.5711,8.56967
2015-07-29T05:17:40.000000Z,8.57103,8.56967
2015-07-29T05:17:50.000000Z,8.5711,8.56967
2015-07-29T05:18:00.000000Z,8.57126,8.56975
2015-07-29T05:18:30.000000Z,8.57126,8.56967
2015-07-29T05:18:40.000000Z,8.57196,8.57029
2015-07-29T05:18:50.000000Z,8.57172,8.57029
2015-07-29T05:19:00.000000Z,8.57188,8.57037
2015-07-29T05:19:10.000000Z,8.57281,8.5713
2015-07-29T05:19:20.000000Z,8.57227,8.57091
2015-07-29T05:19:30.000000Z,8.57219,8.57068
2015-07-29T05:19:40.000000Z,8.57273,8.5713
2015-07-29T05:20:00.000000Z,8.57219,8.57076
2015-07-29T05:20:10.000000Z,8.57242,8.57091
2015-07-29T05:20:20.000000Z,8.57211,8.57068
2015-07-29T05:20:30.000000Z,8.57141,8.56998
2015-07-29T05:20:50.000000Z,8.57072,8.56913
2015-07-29T05:21:10.000000Z,8.57087,8.56944
2015-07-29T05:21:20.000000Z,8.57095,8.56944
2015-07-29T05:21:30.000000Z,8.57071,8.56928
2015-07-29T05:21:50.000000Z,8.57087,8.56944
2015-07-29T05:22:00.000000Z,8.57134,8.56983
2015-07-29T05:22:30.000000Z,8.57134,8.56998
2015-07-29T05:22:40.000000Z,8.57157,8.56998
2015-07-29T05:22:50.000000Z,8.57157,8.57014
2015-07-29T05:23:10.000000Z,8.57227,8.57076
2015-07-29T05:23:20.000000Z,8.57149,8.56982
2015-07-29T05:23:40.000000Z,8.57126,8.56975
2015-07-29T05:23:50.000000Z,8.57211,8.57068
2015-07-29T05:24:00.000000Z,8.57141,8.5699
2015-07-29T05:24:10.000000Z,8.57064,8.56913
2015-07-29T05:24:20.000000Z,8.57095,8.56944
2015-07-29T05:24:30.000000Z,8.57265,8.57106
2015-07-29T05:24:40.000000Z,8.57134,8.56983
2015-07-29T05:24:50.000000Z,8.57072,8.56921
2015-07-29T05:25:10.000000Z,8.57071,8.56928
2015-07-29T05:25:20.000000Z,8.57079,8.56928
2015-07-29T05:25:30.000000Z,8.57064,8.56913
2015-07-29T05:25:50.000000Z,8.57048,8.56905
2015-07-29T05:26:00.000000Z,8.57087,8.56936
2015-07-29T05:26:20.000000Z,8.57095,8.56952
2015-07-29T05:26:30.000000Z,8.5711,8.56967
2015-07-29T05:26:40.000000Z,8.57141,8.56998
2015-07-29T05:26:50.000000Z,8.57157,8.57006
2015-07-29T05:27:00.000000Z,8.57196,8.57045
2015-07-29T05:27:10.000000Z,8.57165,8.57014
2015-07-29T05:27:20.000000Z,8.57172,8.57029
2015-07-29T05:27:30.000000Z,8.57149,8.57006
2015-07-29T05:27:40.000000Z,8.57188,8.57045
2015-07-29T05:27:50.000000Z,8.57126,8.56983
2015-07-29T05:28:00.000000Z,8.57103,8.56967
2015-07-29T05:28:20.000000Z,8.57064,8.56913
2015-07-29T05:28:30.000000Z,8.5711,8.56959
2015-07-29T05:29:10.000000Z,8.57134,8.56983
2015-07-29T05:29:30.000000Z,8.57126,8.56983
2015-07-29T05:29:40.000000Z,8.57134,8.56975
2015-07-29T05:29:50.000000Z,8.57133,8.5699
2015-07-29T05:30:00.000000Z,8.57136,8.56998
2015-07-29T05:30:20.000000Z,8.5712,8.56974
2015-07-29T05:30:30.000000Z,8.57136,8.56983
2015-07-29T05:30:40.000000Z,8.5712,8.56967
2015-07-29T05:30:50.000000Z,8.57136,8.56975
2015-07-29T05:31:00.000000Z,8.57136,8.56983
2015-07-29T05:31:10.000000Z,8.57112,8.56967
2015-07-29T05:31:20.000000Z,8.57058,8.56905
2015-07-29T05:31:30.000000Z,8.57043,8.56882
2015-07-29T05:31:50.000000Z,8.57066,8.56913
2015-07-29T05:32:10.000000Z,8.57035,8.56882
2015-07-29T05:32:20.000000Z,8.57035,8.5689
2015-07-29T05:32:30.000000Z,8.56965,8.5682
2015-07-29T05:32:50.000000Z,8.5695,8.56797
2015-07-29T05:33:00.000000Z,8.56965,8.56812
2015-07-29T05:33:10.000000Z,8.57012,8.56859
2015-07-29T05:33:20.000000Z,8.56919,8.56758
2015-07-29T05:33:30.000000Z,8.56872,8.56711
2015-07-29T05:33:40.000000Z,8.56655,8.56494
2015-07-29T05:33:50.000000Z,8.56726,8.56546
2015-07-29T05:34:00.000000Z,8.56548,8.56376
2015-07-29T05:34:10.000000Z,8.56524,8.5636
2015-07-29T05:34:20.000000Z,8.56447,8.56267
2015-07-29T05:34:30.000000Z,8.56517,8.56345
2015-07-29T05:34:40.000000Z,8.56517,8.56345
2015-07-29T05:34:50.000000Z,8.56471,8.56314
2015-07-29T05:35:00.000000Z,8.56432,8.56275
2015-07-29T05:35:10.000000Z,8.56447,8.5629
2015-07-29T05:35:20.000000Z,8.56571,8.56414
2015-07-29T05:35:30.000000Z,8.56617,8.5647
2015-07-29T05:35:40.000000Z,8.56601,8.56447
2015-07-29T05:35:50.000000Z,8.56585,8.56431
2015-07-29T05:36:00.000000Z,8.56678,8.56516
2015-07-29T05:36:10.000000Z,8.56702,8.56548
2015-07-29T05:36:20.000000Z,8.56655,8.56508
2015-07-29T05:36:30.000000Z,8.56663,8.56516
2015-07-29T05:36:40.000000Z,8.56648,8.56501
2015-07-29T05:36:50.000000Z,8.56655,8.56508
2015-07-29T05:37:00.000000Z,8.56492,8.56338
2015-07-29T05:37:10.000000Z,8.56461,8.56307
2015-07-29T05:37:20.000000Z,8.56492,8.56338
2015-07-29T05:37:30.000000Z,8.56493,8.56354
2015-07-29T05:37:40.000000Z,8.565,8.56361
2015-07-29T05:38:10.000000Z,8.56446,8.56292
2015-07-29T05:38:20.000000Z,8.56283,8.56136
2015-07-29T05:38:30.000000Z,8.56392,8.56214
2015-07-29T05:38:40.000000Z,8.56438,8.56268
2015-07-29T05:38:50.000000Z,8.56385,8.56221
2015-07-29T05:39:00.000000Z,8.56439,8.56275
2015-07-29T05:39:20.000000Z,8.56455,8.56283
2015-07-29T05:39:30.000000Z,8.56455,8.56291
2015-07-29T05:39:40.000000Z,8.56439,8.56267
2015-07-29T05:39:50.000000Z,8.56509,8.56345
2015-07-29T05:40:00.000000Z,8.56501,8.56352
2015-07-29T05:40:10.000000Z,8.56571,8.56414
2015-07-29T05:40:20.000000Z,8.56609,8.56455
2015-07-29T05:40:30.000000Z,8.56485,8.56338
2015-07-29T05:40:40.000000Z,8.56508,8.56361
2015-07-29T05:40:50.000000Z,8.56493,8.56346
2015-07-29T05:41:00.000000Z,8.56624,8.5647
2015-07-29T05:41:10.000000Z,8.56617,8.5647
2015-07-29T05:41:20.000000Z,8.56578,8.56416
2015-07-29T05:41:30.000000Z,8.5657,8.56416
2015-07-29T05:41:40.000000Z,8.56593,8.56431
2015-07-29T05:41:50.000000Z,8.56671,8.56509
2015-07-29T05:42:00.000000Z,8.56655,8.56508
2015-07-29T05:42:10.000000Z,8.56655,8.56508
2015-07-29T05:42:20.000000Z,8.56655,8.56508
2015-07-29T05:42:30.000000Z,8.56663,8.56516
2015-07-29T05:42:40.000000Z,8.56756,8.56609
2015-07-29T05:43:00.000000Z,8.56748,8.56609
2015-07-29T05:43:10.000000Z,8.56733,8.56586
2015-07-29T05:43:20.000000Z,8.56756,8.56609
2015-07-29T05:43:30.000000Z,8.5674,8.56586
2015-07-29T05:43:40.000000Z,8.56834,8.56687
2015-07-29T05:43:50.000000Z,8.56849,8.56702
2015-07-29T05:44:00.000000Z,8.56849,8.567
2015-07-29T05:44:10.000000Z,8.56841,8.567
2015-07-29T05:44:20.000000Z,8.56834,8.56685
2015-07-29T05:44:40.000000Z,8.56849,8.567
2015-07-29T05:45:20.000000Z,8.56903,8.56746
2015-07-29T05:45:30.000000Z,8.56888,8.56739
2015-07-29T05:45:40.000000Z,8.56888,8.56739
2015-07-29T05:46:00.000000Z,8.5688,8.56716
2015-07-29T05:46:10.000000Z,8.56888,8.56724
2015-07-29T05:46:50.000000Z,8.56834,8.56685
2015-07-29T05:47:30.000000Z,8.56826,8.56677
2015-07-29T05:47:40.000000Z,8.56849,8.56692
2015-07-29T05:47:50.000000Z,8.56841,8.56677
2015-07-29T05:48:30.000000Z,8.56686,8.56537
2015-07-29T05:48:40.000000Z,8.56725,8.56568
2015-07-29T05:48:50.000000Z,8.56709,8.56545
2015-07-29T05:49:00.000000Z,8.56671,8.56522
2015-07-29T05:49:10.000000Z,8.56671,8.56522
2015-07-29T05:49:20.000000Z,8.56683,8.56525
2015-07-29T05:49:30.000000Z,8.5673,8.56572
2015-07-29T05:49:40.000000Z,8.56738,8.56579
2015-07-29T05:49:50.000000Z,8.56808,8.56665
2015-07-29T05:50:30.000000Z,8.56839,8.56672
2015-07-29T05:50:40.000000Z,8.56839,8.56675
2015-07-29T05:51:00.000000Z,8.56818,8.56656
2015-07-29T05:51:10.000000Z,8.56802,8.56648
2015-07-29T05:51:20.000000Z,8.5681,8.56656
2015-07-29T05:51:30.000000Z,8.56733,8.56571
2015-07-29T05:51:40.000000Z,8.56678,8.56524
2015-07-29T05:52:00.000000Z,8.5657,8.56416
2015-07-29T05:52:20.000000Z,8.56578,8.56416
2015-07-29T05:52:30.000000Z,8.56585,8.56431
2015-07-29T05:52:40.000000Z,8.56593,8.56431
2015-07-29T05:53:00.000000Z,8.56678,8.56516
2015-07-29T05:53:10.000000Z,8.56663,8.56501
2015-07-29T05:53:20.000000Z,8.56663,8.56516
2015-07-29T05:53:40.000000Z,8.56678,8.56516
2015-07-29T05:53:50.000000Z,8.56663,8.56509
2015-07-29T05:54:00.000000Z,8.5671,8.5654
2015-07-29T05:54:10.000000Z,8.5671,8.5654
2015-07-29T05:54:20.000000Z,8.56764,8.56602
2015-07-29T05:55:00.000000Z,8.56764,8.56606
2015-07-29T05:55:20.000000Z,8.56765,8.56603
2015-07-29T05:55:30.000000Z,8.56742,8.56572
2015-07-29T05:55:40.000000Z,8.56749,8.56587
2015-07-29T05:56:00.000000Z,8.56672,8.5651
2015-07-29T05:56:30.000000Z,8.56671,8.56511
2015-07-29T05:57:00.000000Z,8.56725,8.56557
2015-07-29T05:57:20.000000Z,8.56672,8.56522
2015-07-29T05:57:30.000000Z,8.56664,8.56503
2015-07-29T05:57:40.000000Z,8.56672,8.56521
2015-07-29T05:58:00.000000Z,8.56602,8.56459
2015-07-29T05:58:10.000000Z,8.56579,8.56428
2015-07-29T05:58:20.000000Z,8.56485,8.56335
2015-07-29T05:58:30.000000Z,8.5643,8.56265
2015-07-29T05:58:40.000000Z,8.56322,8.56172
2015-07-29T05:58:50.000000Z,8.56322,8.56141
2015-07-29T05:59:00.000000Z,8.56376,8.56187
2015-07-29T05:59:10.000000Z,8.56485,8.56304
2015-07-29T05:59:20.000000Z,8.56539,8.56366
2015-07-29T05:59:30.000000Z,8.56539,8.56343
2015-07-29T05:59:40.000000Z,8.56531,8.5635
2015-07-29T05:59:50.000000Z,8.56617,8.56428
2015-07-29T06:00:00.000000Z,8.56692,8.5649
2015-07-29T06:00:10.000000Z,8.56676,8.56513
2015-07-29T06:00:20.000000Z,8.56673,8.56513
2015-07-29T06:00:30.000000Z,8.56681,8.56514
2015-07-29T06:00:40.000000Z,8.56689,8.56522
2015-07-29T06:00:50.000000Z,8.56735,8.56575
2015-07-29T06:01:00.000000Z,8.56776,8.56607
2015-07-29T06:01:10.000000Z,8.56722,8.56553
2015-07-29T06:01:20.000000Z,8.56697,8.56529
2015-07-29T06:01:30.000000Z,8.56775,8.56607
2015-07-29T06:01:40.000000Z,8.56757,8.56594
2015-07-29T06:01:50.000000Z,8.5669,8.56545
2015-07-29T06:02:00.000000Z,8.56736,8.56577
2015-07-29T06:02:10.000000Z,8.56752,8.56585
2015-07-29T06:02:20.000000Z,8.56751,8.56577
2015-07-29T06:02:30.000000Z,8.56721,8.56562
2015-07-29T06:02:40.000000Z,8.56679,8.56522
2015-07-29T06:02:50.000000Z,8.56651,8.56489
2015-07-29T06:03:00.000000Z,8.56635,8.56481
2015-07-29T06:03:10.000000Z,8.56628,8.56458
2015-07-29T06:03:20.000000Z,8.56674,8.56512
2015-07-29T06:03:30.000000Z,8.56697,8.56535
2015-07-29T06:03:40.000000Z,8.56751,8.56589
2015-07-29T06:03:50.000000Z,8.56705,8.56543
2015-07-29T06:04:00.000000Z,8.56759,8.56591
2015-07-29T06:04:10.000000Z,8.56767,8.56599
2015-07-29T06:04:20.000000Z,8.56744,8.56576
2015-07-29T06:04:30.000000Z,8.56775,8.56607
2015-07-29T06:04:40.000000Z,8.56759,8.56591
2015-07-29T06:04:50.000000Z,8.56775,8.56615
2015-07-29T06:05:10.000000Z,8.56806,8.56638
2015-07-29T06:05:20.000000Z,8.56689,8.56506
2015-07-29T06:05:30.000000Z,8.56689,8.56514
2015-07-29T06:05:40.000000Z,8.56767,8.56592
2015-07-29T06:05:50.000000Z,8.56852,8.56677
2015-07-29T06:06:00.000000Z,8.56674,8.56499
2015-07-29T06:06:10.000000Z,8.56674,8.56514
2015-07-29T06:06:20.000000Z,8.5669,8.5653
2015-07-29T06:06:50.000000Z,8.56845,8.56677
2015-07-29T06:07:00.000000Z,8.56938,8.5677
2015-07-29T06:07:10.000000Z,8.56899,8.56731
2015-07-29T06:07:20.000000Z,8.56829,8.56661
2015-07-29T06:07:30.000000Z,8.56844,8.56669
2015-07-29T06:07:40.000000Z,8.56852,8.56677
2015-07-29T06:07:50.000000Z,8.56845,8.56677
2015-07-29T06:08:00.000000Z,8.56852,8.56692
2015-07-29T06:08:20.000000Z,8.56914,8.56754
2015-07-29T06:08:30.000000Z,8.56906,8.56731
2015-07-29T06:08:40.000000Z,8.56906,8.56754
2015-07-29T06:08:50.000000Z,8.56938,8.56778
2015-07-29T06:09:00.000000Z,8.56821,8.56653
2015-07-29T06:09:10.000000Z,8.56775,8.56615
2015-07-29T06:09:20.000000Z,8.56379,8.5608
2015-07-29T06:09:30.000000Z,8.56395,8.5622
2015-07-29T06:09:40.000000Z,8.56302,8.56119
2015-07-29T06:09:50.000000Z,8.56248,8.56049
2015-07-29T06:10:00.000000Z,8.56248,8.56065
2015-07-29T06:10:10.000000Z,8.56302,8.56127
2015-07-29T06:10:20.000000Z,8.56216,8.56041
2015-07-29T06:10:30.000000Z,8.56267,8.56081
2015-07-29T06:10:40.000000Z,8.56243,8.56059
2015-07-29T06:10:50.000000Z,8.56266,8.56074
2015-07-29T06:11:00.000000Z,8.56313,8.56137
2015-07-29T06:11:10.000000Z,8.5634,8.5617
2015-07-29T06:11:20.000000Z,8.56315,8.56162
2015-07-29T06:11:30.000000Z,8.56421,8.56236
2015-07-29T06:11:40.000000Z,8.56491,8.56306
2015-07-29T06:11:50.000000Z,8.56422,8.56252
2015-07-29T06:12:00.000000Z,8.56321,8.56143
2015-07-29T06:12:10.000000Z,8.56406,8.56228
2015-07-29T06:12:50.000000Z,8.56422,8.56252
2015-07-29T06:13:00.000000Z,8.56476,8.56306
2015-07-29T06:13:20.000000Z,8.56375,8.56213
2015-07-29T06:13:30.000000Z,8.5635,8.56189
2015-07-29T06:13:40.000000Z,8.55988,8.558
2015-07-29T06:13:50.000000Z,8.56035,8.55842
2015-07-29T06:14:00.000000Z,8.56022,8.55836
2015-07-29T06:14:10.000000Z,8.56024,8.55834
2015-07-29T06:14:20.000000Z,8.56092,8.55924
2015-07-29T06:14:30.000000Z,8.56163,8.55989
2015-07-29T06:14:40.000000Z,8.56156,8.55974
2015-07-29T06:15:00.000000Z,8.56079,8.55912
2015-07-29T06:15:10.000000Z,8.56068,8.55919
2015-07-29T06:15:20.000000Z,8.56021,8.55851
2015-07-29T06:15:30.000000Z,8.56004,8.5584
2015-07-29T06:15:40.000000Z,8.5602,8.55858
2015-07-29T06:15:50.000000Z,8.56066,8.55896
2015-07-29T06:16:10.000000Z,8.55996,8.55842
2015-07-29T06:16:50.000000Z,8.55995,8.55844
2015-07-29T06:17:10.000000Z,8.55848,8.55689
2015-07-29T06:17:20.000000Z,8.5591,8.55744
2015-07-29T06:17:30.000000Z,8.55817,8.55651
2015-07-29T06:17:40.000000Z,8.5582,8.5565
2015-07-29T06:17:50.000000Z,8.55914,8.5573
2015-07-29T06:18:00.000000Z,8.55938,8.55755
2015-07-29T06:18:10.000000Z,8.55922,8.55754
2015-07-29T06:18:20.000000Z,8.55906,8.55731
2015-07-29T06:18:30.000000Z,8.55759,8.55584
2015-07-29T06:18:40.000000Z,8.55853,8.55685
2015-07-29T06:19:00.000000Z,8.55759,8.55584
2015-07-29T06:19:10.000000Z,8.55762,8.55602
2015-07-29T06:19:20.000000Z,8.55684,8.55516
2015-07-29T06:19:30.000000Z,8.5577,8.55602
2015-07-29T06:19:40.000000Z,8.55761,8.55586
2015-07-29T06:19:50.000000Z,8.55746,8.55578
2015-07-29T06:20:00.000000Z,8.55932,8.55764
2015-07-29T06:20:10.000000Z,8.55924,8.55749
2015-07-29T06:20:20.000000Z,8.55901,8.55726
2015-07-29T06:20:30.000000Z,8.55901,8.55726
2015-07-29T06:20:40.000000Z,8.55901,8.55726
2015-07-29T06:20:50.000000Z,8.55909,8.55741
2015-07-29T06:21:00.000000Z,8.55824,8.55664
2015-07-29T06:21:30.000000Z,8.55839,8.55679
2015-07-29T06:21:40.000000Z,8.55754,8.55586
2015-07-29T06:21:50.000000Z,8.55669,8.55509
2015-07-29T06:22:00.000000Z,8.557,8.55532
2015-07-29T06:22:10.000000Z,8.55645,8.5547
2015-07-29T06:22:20.000000Z,8.55684,8.55509
2015-07-29T06:22:30.000000Z,8.55777,8.55594
2015-07-29T06:22:40.000000Z,8.55715,8.55516
2015-07-29T06:22:50.000000Z,8.55699,8.55524
2015-07-29T06:23:00.000000Z,8.55855,8.55695
2015-07-29T06:23:10.000000Z,8.55839,8.55687
2015-07-29T06:23:20.000000Z,8.55878,8.55717
2015-07-29T06:23:30.000000Z,8.55862,8.55693
2015-07-29T06:23:40.000000Z,8.55917,8.55748
2015-07-29T06:23:50.000000Z,8.55916,8.55763
2015-07-29T06:24:10.000000Z,8.56025,8.55841
2015-07-29T06:24:20.000000Z,8.56024,8.55842
2015-07-29T06:24:30.000000Z,8.55985,8.55811
2015-07-29T06:24:40.000000Z,8.55954,8.55788
2015-07-29T06:24:50.000000Z,8.55978,8.55819
2015-07-29T06:25:00.000000Z,8.55855,8.55672
2015-07-29T06:25:10.000000Z,8.55909,8.55734
2015-07-29T06:25:20.000000Z,8.55948,8.5578
2015-07-29T06:25:30.000000Z,8.55947,8.55772
2015-07-29T06:25:40.000000Z,8.56087,8.55927
2015-07-29T06:25:50.000000Z,8.55963,8.5578
2015-07-29T06:26:00.000000Z,8.55924,8.55733
2015-07-29T06:26:10.000000Z,8.55831,8.55656
2015-07-29T06:26:20.000000Z,8.55839,8.55671
2015-07-29T06:26:30.000000Z,8.55862,8.55687
2015-07-29T06:26:40.000000Z,8.55878,8.55703
2015-07-29T06:26:50.000000Z,8.55917,8.55749
2015-07-29T06:27:00.000000Z,8.55831,8.55687
2015-07-29T06:27:10.000000Z,8.55832,8.55664
2015-07-29T06:27:20.000000Z,8.55886,8.55718
2015-07-29T06:27:30.000000Z,8.56009,8.55834
2015-07-29T06:27:50.000000Z,8.55994,8.55826
2015-07-29T06:28:00.000000Z,8.55971,8.55803
2015-07-29T06:28:10.000000Z,8.56025,8.55857
2015-07-29T06:28:20.000000Z,8.56079,8.55904
2015-07-29T06:28:30.000000Z,8.56111,8.55943
2015-07-29T06:28:40.000000Z,8.56095,8.55935
2015-07-29T06:28:50.000000Z,8.56079,8.55904
2015-07-29T06:29:00.000000Z,8.56087,8.55912
2015-07-29T06:29:10.000000Z,8.56087,8.55927
2015-07-29T06:29:40.000000Z,8.56087,8.55919
2015-07-29T06:29:50.000000Z,8.5608,8.55912
2015-07-29T06:30:00.000000Z,8.55963,8.55795
2015-07-29T06:30:10.000000Z,8.56002,8.55827
2015-07-29T06:30:20.000000Z,8.55978,8.55803
2015-07-29T06:30:30.000000Z,8.5601,8.5585
2015-07-29T06:30:40.000000Z,8.56025,8.55857
2015-07-29T06:30:50.000000Z,8.55994,8.55819
2015-07-29T06:31:10.000000Z,8.56002,8.55842
2015-07-29T06:31:20.000000Z,8.56088,8.55934
2015-07-29T06:31:30.000000Z,8.56086,8.55926
2015-07-29T06:31:40.000000Z,8.56001,8.55841
2015-07-29T06:32:00.000000Z,8.56001,8.55841
2015-07-29T06:32:10.000000Z,8.55931,8.55761
2015-07-29T06:32:20.000000Z,8.5587,8.55686
2015-07-29T06:32:30.000000Z,8.55862,8.55693
2015-07-29T06:32:40.000000Z,8.55948,8.55779
2015-07-29T06:33:00.000000Z,8.55994,8.55825
2015-07-29T06:33:10.000000Z,8.56072,8.55919
2015-07-29T06:33:20.000000Z,8.56064,8.55895
2015-07-29T06:33:30.000000Z,8.56025,8.55864
2015-07-29T06:33:40.000000Z,8.5594,8.55764
2015-07-29T06:33:50.000000Z,8.55994,8.55825
2015-07-29T06:34:00.000000Z,8.56018,8.55849
2015-07-29T06:34:10.000000Z,8.55994,8.55825
2015-07-29T06:34:20.000000Z,8.55994,8.55825
2015-07-29T06:34:30.000000Z,8.56025,8.55856
2015-07-29T06:34:40.000000Z,8.56087,8.55911
2015-07-29T06:34:50.000000Z,8.56085,8.55896
2015-07-29T06:35:00.000000Z,8.5607,8.55896
2015-07-29T06:35:10.000000Z,8.56131,8.55969
2015-07-29T06:35:20.000000Z,8.56093,8.55915
2015-07-29T06:35:40.000000Z,8.56077,8.55915
2015-07-29T06:35:50.000000Z,8.56062,8.55915
2015-07-29T06:36:00.000000Z,8.561,8.55938
2015-07-29T06:36:10.000000Z,8.56241,8.56078
2015-07-29T06:36:20.000000Z,8.56249,8.56078
2015-07-29T06:36:30.000000Z,8.56251,8.56079
2015-07-29T06:36:40.000000Z,8.56259,8.56102
2015-07-29T06:36:50.000000Z,8.56251,8.56092
2015-07-29T06:37:00.000000Z,8.56119,8.55968
2015-07-29T06:37:10.000000Z,8.56065,8.55891
2015-07-29T06:37:20.000000Z,8.56061,8.55889
2015-07-29T06:37:30.000000Z,8.56099,8.55935
2015-07-29T06:37:40.000000Z,8.56099,8.55935
2015-07-29T06:38:10.000000Z,8.56101,8.55937
2015-07-29T06:38:20.000000Z,8.56109,8.55952
2015-07-29T06:38:40.000000Z,8.56214,8.56047
2015-07-29T06:38:50.000000Z,8.5619,8.56023
2015-07-29T06:39:00.000000Z,8.56167,8.56
2015-07-29T06:39:10.000000Z,8.56121,8.55954
2015-07-29T06:39:40.000000Z,8.56097,8.55946
2015-07-29T06:40:20.000000Z,8.5619,8.56039
2015-07-29T06:40:30.000000Z,8.5619,8.56039
2015-07-29T06:41:00.000000Z,8.56299,8.5614
2015-07-29T06:41:10.000000Z,8.56306,8.56163
2015-07-29T06:41:30.000000Z,8.56237,8.56078
2015-07-29T06:41:40.000000Z,8.56252,8.56085
2015-07-29T06:41:50.000000Z,8.56322,8.56163
2015-07-29T06:42:50.000000Z,8.56314,8.56171
2015-07-29T06:43:10.000000Z,8.56151,8.56
2015-07-29T06:43:20.000000Z,8.56239,8.5607
2015-07-29T06:43:30.000000Z,8.56183,8.56015
2015-07-29T06:43:40.000000Z,8.5633,8.56162
2015-07-29T06:44:00.000000Z,8.56384,8.56224
2015-07-29T06:44:10.000000Z,8.56322,8.56162
2015-07-29T06:44:20.000000Z,8.5622,8.56061
2015-07-29T06:44:30.000000Z,8.56181,8.55991
2015-07-29T06:44:40.000000Z,8.5618,8.55988
2015-07-29T06:44:50.000000Z,8.56172,8.55988
2015-07-29T06:45:00.000000Z,8.56071,8.55887
2015-07-29T06:45:10.000000Z,8.56095,8.55926
2015-07-29T06:45:20.000000Z,8.56172,8.56011
2015-07-29T06:45:40.000000Z,8.56181,8.56002
2015-07-29T06:45:50.000000Z,8.56243,8.56072
2015-07-29T06:46:00.000000Z,8.56142,8.55989
2015-07-29T06:46:20.000000Z,8.56073,8.55904
2015-07-29T06:46:30.000000Z,8.56166,8.56005
2015-07-29T06:46:50.000000Z,8.56166,8.55982
2015-07-29T06:47:00.000000Z,8.56149,8.55989
2015-07-29T06:47:10.000000Z,8.56165,8.55997
2015-07-29T06:47:30.000000Z,8.56149,8.55989
2015-07-29T06:47:40.000000Z,8.56064,8.55896
2015-07-29T06:48:00.000000Z,8.56126,8.55974
2015-07-29T06:48:10.000000Z,8.56072,8.55912
2015-07-29T06:48:30.000000Z,8.56149,8.55981
2015-07-29T06:48:40.000000Z,8.56141,8.55981
2015-07-29T06:48:50.000000Z,8.56149,8.55989
2015-07-29T06:49:00.000000Z,8.56165,8.56013
2015-07-29T06:49:10.000000Z,8.5618,8.56005
2015-07-29T06:49:20.000000Z,8.56165,8.55982
2015-07-29T06:49:40.000000Z,8.56164,8.55989
2015-07-29T06:49:50.000000Z,8.56211,8.56051
2015-07-29T06:50:00.000000Z,8.56219,8.56075
2015-07-29T06:50:10.000000Z,8.56211,8.56059
2015-07-29T06:50:20.000000Z,8.56188,8.56036
2015-07-29T06:50:30.000000Z,8.56196,8.56044
2015-07-29T06:50:40.000000Z,8.56149,8.55997
2015-07-29T06:50:50.000000Z,8.56141,8.55989
2015-07-29T06:51:00.000000Z,8.56072,8.55904
2015-07-29T06:51:10.000000Z,8.56048,8.55888
2015-07-29T06:51:20.000000Z,8.56048,8.55904
2015-07-29T06:51:30.000000Z,8.55948,8.55811
2015-07-29T06:51:40.000000Z,8.55956,8.55819
2015-07-29T06:51:50.000000Z,8.55909,8.55757
2015-07-29T06:52:00.000000Z,8.55971,8.55819
2015-07-29T06:52:10.000000Z,8.55971,8.55819
2015-07-29T06:52:20.000000Z,8.56064,8.55904
2015-07-29T06:52:30.000000Z,8.56033,8.55889
2015-07-29T06:52:40.000000Z,8.56018,8.55881
2015-07-29T06:52:50.000000Z,8.56033,8.55881
2015-07-29T06:53:00.000000Z,8.55762,8.55614
2015-07-29T06:53:10.000000Z,8.55709,8.55551
2015-07-29T06:53:20.000000Z,8.5567,8.5552
2015-07-29T06:53:30.000000Z,8.5579,8.55639
2015-07-29T06:53:40.000000Z,8.55852,8.55717
2015-07-29T06:53:50.000000Z,8.55999,8.55864
2015-07-29T06:54:00.000000Z,8.56054,8.55911
2015-07-29T06:54:10.000000Z,8.56085,8.55934
2015-07-29T06:54:20.000000Z,8.5607,8.55911
2015-07-29T06:54:30.000000Z,8.56069,8.55918
2015-07-29T06:54:40.000000Z,8.56069,8.55918
2015-07-29T06:54:50.000000Z,8.56217,8.56074
2015-07-29T06:55:00.000000Z,8.56232,8.56058
2015-07-29T06:55:10.000000Z,8.56232,8.56073
2015-07-29T06:55:20.000000Z,8.56256,8.56089
2015-07-29T06:55:30.000000Z,8.56318,8.56165
2015-07-29T06:55:40.000000Z,8.56381,8.56212
2015-07-29T06:55:50.000000Z,8.5635,8.56212
2015-07-29T06:56:00.000000Z,8.56327,8.56157
2015-07-29T06:56:10.000000Z,8.56382,8.5622
2015-07-29T06:56:20.000000Z,8.56405,8.56251
2015-07-29T06:56:30.000000Z,8.56405,8.56251
2015-07-29T06:56:40.000000Z,8.56403,8.56244
2015-07-29T06:57:00.000000Z,8.56379,8.56228
2015-07-29T06:57:20.000000Z,8.56364,8.56229
2015-07-29T06:57:30.000000Z,8.56356,8.56205
2015-07-29T06:57:40.000000Z,8.56333,8.56182
2015-07-29T06:57:50.000000Z,8.56341,8.5619
2015-07-29T06:58:00.000000Z,8.5638,8.56227
2015-07-29T06:58:20.000000Z,8.5642,8.56284
2015-07-29T06:58:30.000000Z,8.56457,8.56317
2015-07-29T06:58:40.000000Z,8.56421,8.56276
2015-07-29T06:58:50.000000Z,8.56445,8.563
2015-07-29T06:59:00.000000Z,8.56445,8.563
2015-07-29T06:59:10.000000Z,8.56445,8.563
2015-07-29T06:59:20.000000Z,8.56484,8.56346
2015-07-29T06:59:30.000000Z,8.56367,8.56229
2015-07-29T06:59:40.000000Z,8.56383,8.56214
2015-07-29T06:59:50.000000Z,8.56321,8.5616
2015-07-29T07:00:00.000000Z,8.56374,8.56199
2015-07-29T07:00:10.000000Z,8.5635,8.56206
2015-07-29T07:00:20.000000Z,8.5632,8.5616
2015-07-29T07:00:30.000000Z,8.56297,8.5616
2015-07-29T07:00:40.000000Z,8.56295,8.56166
2015-07-29T07:00:50.000000Z,8.56156,8.56004
2015-07-29T07:01:00.000000Z,8.56179,8.56042
2015-07-29T07:01:10.000000Z,8.56179,8.56019
2015-07-29T07:01:20.000000Z,8.5628,8.56136
2015-07-29T07:01:30.000000Z,8.56388,8.56244
2015-07-29T07:01:40.000000Z,8.56349,8.56197
2015-07-29T07:01:50.000000Z,8.56219,8.56074
2015-07-29T07:02:00.000000Z,8.56195,8.5605
2015-07-29T07:02:10.000000Z,8.56126,8.55973
2015-07-29T07:02:20.000000Z,8.56072,8.55919
2015-07-29T07:02:30.000000Z,8.56103,8.5595
2015-07-29T07:02:40.000000Z,8.56165,8.56012
2015-07-29T07:02:50.000000Z,8.56203,8.56042
2015-07-29T07:03:00.000000Z,8.56117,8.55955
2015-07-29T07:03:10.000000Z,8.56156,8.55994
2015-07-29T07:03:20.000000Z,8.56233,8.56086
2015-07-29T07:03:30.000000Z,8.56249,8.56102
2015-07-29T07:03:40.000000Z,8.56247,8.56099
2015-07-29T07:03:50.000000Z,8.56247,8.56099
2015-07-29T07:04:00.000000Z,8.56288,8.5614
2015-07-29T07:04:10.000000Z,8.56334,8.56186
2015-07-29T07:04:20.000000Z,8.56497,8.56334
2015-07-29T07:04:30.000000Z,8.56706,8.56546
2015-07-29T07:04:40.000000Z,8.56636,8.56475
2015-07-29T07:04:50.000000Z,8.56683,8.5653
2015-07-29T07:05:00.000000Z,8.56667,8.56522
2015-07-29T07:05:10.000000Z,8.56621,8.56452
2015-07-29T07:05:20.000000Z,8.56613,8.56444
2015-07-29T07:05:30.000000Z,8.56605,8.56436
2015-07-29T07:05:40.000000Z,8.56567,8.56398
2015-07-29T07:05:50.000000Z,8.56574,8.56421
2015-07-29T07:06:00.000000Z,8.56551,8.56398
2015-07-29T07:06:10.000000Z,8.56642,8.56488
2015-07-29T07:06:20.000000Z,8.56564,8.56402
2015-07-29T07:06:30.000000Z,8.56706,8.56565
2015-07-29T07:06:40.000000Z,8.56714,8.5655
2015-07-29T07:06:50.000000Z,8.56621,8.56472
2015-07-29T07:07:00.000000Z,8.56605,8.56456
2015-07-29T07:07:10.000000Z,8.56544,8.56387
2015-07-29T07:07:20.000000Z,8.56535,8.56402
2015-07-29T07:07:30.000000Z,8.56551,8.56402
2015-07-29T07:07:40.000000Z,8.56476,8.56326
2015-07-29T07:07:50.000000Z,8.56288,8.56147
2015-07-29T07:08:00.000000Z,8.56296,8.56139
2015-07-29T07:08:10.000000Z,8.56251,8.56086
2015-07-29T07:08:20.000000Z,8.56274,8.56116
2015-07-29T07:08:30.000000Z,8.56343,8.5618
2015-07-29T07:08:40.000000Z,8.56335,8.5618
2015-07-29T07:09:00.000000Z,8.56328,8.5618
2015-07-29T07:09:10.000000Z,8.56315,8.56176
2015-07-29T07:09:20.000000Z,8.564,8.56269
2015-07-29T07:09:30.000000Z,8.56385,8.56253
2015-07-29T07:09:40.000000Z,8.56355,8.562
2015-07-29T07:09:50.000000Z,8.56235,8.56091
2015-07-29T07:10:00.000000Z,8.55969,8.55822
2015-07-29T07:10:10.000000Z,8.55949,8.55787
2015-07-29T07:10:20.000000Z,8.55917,8.55756
2015-07-29T07:10:30.000000Z,8.55994,8.55825
2015-07-29T07:10:40.000000Z,8.55967,8.55814
2015-07-29T07:10:50.000000Z,8.55923,8.55763
2015-07-29T07:11:00.000000Z,8.559,8.55756
2015-07-29T07:11:10.000000Z,8.55861,8.55701
2015-07-29T07:11:20.000000Z,8.55667,8.55523
2015-07-29T07:11:30.000000Z,8.55582,8.5543
2015-07-29T07:11:40.000000Z,8.55262,8.55109
2015-07-29T07:11:50.000000Z,8.55255,8.55094
2015-07-29T07:12:00.000000Z,8.55262,8.55093
2015-07-29T07:12:10.000000Z,8.55355,8.5521
2015-07-29T07:12:20.000000Z,8.55402,8.55249
2015-07-29T07:12:30.000000Z,8.55394,8.55241
2015-07-29T07:12:40.000000Z,8.55316,8.55171
2015-07-29T07:12:50.000000Z,8.5524,8.55093
2015-07-29T07:13:00.000000Z,8.55038,8.54884
2015-07-29T07:13:10.000000Z,8.55124,8.54954
2015-07-29T07:13:20.000000Z,8.55078,8.54931
2015-07-29T07:13:30.000000Z,8.5514,8.54993
2015-07-29T07:13:40.000000Z,8.55209,8.55055
2015-07-29T07:14:00.000000Z,8.55325,8.55171
2015-07-29T07:14:10.000000Z,8.55342,8.55184
2015-07-29T07:14:20.000000Z,8.55433,8.5528
2015-07-29T07:14:30.000000Z,8.55448,8.5531
2015-07-29T07:14:40.000000Z,8.55378,8.55233
2015-07-29T07:14:50.000000Z,8.55448,8.5531
2015-07-29T07:15:00.000000Z,8.55448,8.55303
2015-07-29T07:15:10.000000Z,8.55449,8.5531
2015-07-29T07:15:20.000000Z,8.55294,8.55155
2015-07-29T07:15:30.000000Z,8.5531,8.55179
2015-07-29T07:15:40.000000Z,8.55297,8.55145
2015-07-29T07:15:50.000000Z,8.55255,8.55123
2015-07-29T07:16:00.000000Z,8.55318,8.5517
2015-07-29T07:16:10.000000Z,8.55294,8.55146
2015-07-29T07:16:20.000000Z,8.55325,8.55177
2015-07-29T07:16:30.000000Z,8.55232,8.55084
2015-07-29T07:16:40.000000Z,8.55294,8.55154
2015-07-29T07:16:50.000000Z,8.55296,8.5514
2015-07-29T07:17:00.000000Z,8.55343,8.55202
2015-07-29T07:17:10.000000Z,8.55374,8.55225
2015-07-29T07:17:20.000000Z,8.55382,8.55257
2015-07-29T07:17:30.000000Z,8.55482,8.55326
2015-07-29T07:17:40.000000Z,8.55545,8.55396
2015-07-29T07:17:50.000000Z,8.55475,8.55334
2015-07-29T07:18:00.000000Z,8.55544,8.55388
2015-07-29T07:18:10.000000Z,8.55552,8.55411
2015-07-29T07:18:20.000000Z,8.55583,8.55442
2015-07-29T07:18:30.000000Z,8.55622,8.55473
2015-07-29T07:18:40.000000Z,8.5562,8.5548
2015-07-29T07:18:50.000000Z,8.5558,8.55419
2015-07-29T07:19:00.000000Z,8.5565,8.55505
2015-07-29T07:19:10.000000Z,8.55626,8.55481
2015-07-29T07:19:20.000000Z,8.55541,8.55403
2015-07-29T07:19:30.000000Z,8.5551,8.55357
2015-07-29T07:19:40.000000Z,8.55526,8.55388
2015-07-29T07:19:50.000000Z,8.55626,8.55481
2015-07-29T07:20:00.000000Z,8.55457,8.55317
2015-07-29T07:20:10.000000Z,8.55511,8.55356
2015-07-29T07:20:20.000000Z,8.55481,8.55333
2015-07-29T07:20:30.000000Z,8.55527,8.55379
2015-07-29T07:20:40.000000Z,8.5586,8.55689
2015-07-29T07:20:50.000000Z,8.55914,8.55751
2015-07-29T07:21:00.000000Z,8.55914,8.55743
2015-07-29T07:21:10.000000Z,8.5593,8.55767
2015-07-29T07:21:20.000000Z,8.55852,8.55697
2015-07-29T07:21:30.000000Z,8.55899,8.55744
2015-07-29T07:21:40.000000Z,8.55953,8.55805
2015-07-29T07:21:50.000000Z,8.56069,8.55914
2015-07-29T07:22:00.000000Z,8.55976,8.55813
2015-07-29T07:22:10.000000Z,8.5586,8.55712
2015-07-29T07:22:20.000000Z,8.55822,8.55674
2015-07-29T07:22:40.000000Z,8.55759,8.55604
2015-07-29T07:22:50.000000Z,8.5572,8.55565
2015-07-29T07:23:00.000000Z,8.55744,8.55589
2015-07-29T07:23:10.000000Z,8.55743,8.55588
2015-07-29T07:23:20.000000Z,8.5582,8.55688
2015-07-29T07:23:30.000000Z,8.55681,8.55526
2015-07-29T07:23:40.000000Z,8.55673,8.55533
2015-07-29T07:23:50.000000Z,8.55766,8.55626
2015-07-29T07:24:00.000000Z,8.55774,8.55611
2015-07-29T07:24:10.000000Z,8.5576,8.55617
2015-07-29T07:24:20.000000Z,8.55683,8.5554
2015-07-29T07:24:30.000000Z,8.55611,8.55455
2015-07-29T07:24:50.000000Z,8.55619,8.5547
2015-07-29T07:25:00.000000Z,8.55541,8.554
2015-07-29T07:25:10.000000Z,8.55588,8.55439
2015-07-29T07:25:20.000000Z,8.55533,8.55392
2015-07-29T07:25:30.000000Z,8.55549,8.55408
2015-07-29T07:25:40.000000Z,8.55541,8.55385
2015-07-29T07:25:50.000000Z,8.5554,8.55393
2015-07-29T07:26:00.000000Z,8.55469,8.55317
2015-07-29T07:26:10.000000Z,8.5543,8.55278
2015-07-29T07:26:20.000000Z,8.55423,8.55279
2015-07-29T07:26:30.000000Z,8.55461,8.55317
2015-07-29T07:26:40.000000Z,8.55438,8.55317
2015-07-29T07:26:50.000000Z,8.55578,8.55426
2015-07-29T07:27:00.000000Z,8.55555,8.55387
2015-07-29T07:27:10.000000Z,8.55611,8.55478
2015-07-29T07:27:20.000000Z,8.55712,8.55571
2015-07-29T07:27:30.000000Z,8.55673,8.55524
2015-07-29T07:27:40.000000Z,8.55628,8.55469
2015-07-29T07:27:50.000000Z,8.55662,8.55512
2015-07-29T07:28:00.000000Z,8.55631,8.55466
2015-07-29T07:28:10.000000Z,8.55629,8.55486
2015-07-29T07:28:20.000000Z,8.55714,8.55571
2015-07-29T07:28:30.000000Z,8.55716,8.55557
2015-07-29T07:28:50.000000Z,8.55701,8.5555
2015-07-29T07:29:00.000000Z,8.55772,8.55612
2015-07-29T07:29:10.000000Z,8.55609,8.55449
2015-07-29T07:29:20.000000Z,8.55531,8.55371
2015-07-29T07:29:30.000000Z,8.55539,8.55402
2015-07-29T07:29:40.000000Z,8.55633,8.55495
2015-07-29T07:29:50.000000Z,8.55509,8.55362
2015-07-29T07:30:00.000000Z,8.55354,8.55207
2015-07-29T07:30:10.000000Z,8.55455,8.55308
2015-07-29T07:30:20.000000Z,8.55222,8.55052
2015-07-29T07:30:30.000000Z,8.55285,8.55138
2015-07-29T07:30:40.000000Z,8.55292,8.55138
2015-07-29T07:30:50.000000Z,8.55222,8.55068
2015-07-29T07:31:00.000000Z,8.55184,8.55037
2015-07-29T07:31:10.000000Z,8.5513,8.54983
2015-07-29T07:31:20.000000Z,8.55207,8.55068
2015-07-29T07:31:30.000000Z,8.55199,8.55045
2015-07-29T07:31:40.000000Z,8.55199,8.5506
2015-07-29T07:31:50.000000Z,8.5523,8.55107
2015-07-29T07:32:00.000000Z,8.55215,8.55068
2015-07-29T07:32:10.000000Z,8.55199,8.55046
2015-07-29T07:32:20.000000Z,8.55114,8.54969
2015-07-29T07:32:30.000000Z,8.55145,8.55
2015-07-29T07:32:40.000000Z,8.5523,8.55092
2015-07-29T07:32:50.000000Z,8.5523,8.55092
2015-07-29T07:33:00.000000Z,8.5523,8.55092
2015-07-29T07:33:10.000000Z,8.5516,8.55015
2015-07-29T07:33:20.000000Z,8.55137,8.54992
2015-07-29T07:33:30.000000Z,8.5516,8.55007
2015-07-29T07:33:40.000000Z,8.55152,8.55007
2015-07-29T07:33:50.000000Z,8.55222,8.55077
2015-07-29T07:34:00.000000Z,8.55223,8.55085
2015-07-29T07:34:10.000000Z,8.55307,8.55162
2015-07-29T07:34:20.000000Z,8.55308,8.5517
2015-07-29T07:34:30.000000Z,8.55308,8.5517
2015-07-29T07:34:40.000000Z,8.554,8.55255
2015-07-29T07:34:50.000000Z,8.5544,8.55293
2015-07-29T07:35:00.000000Z,8.55472,8.55323
2015-07-29T07:35:10.000000Z,8.55472,8.55322
2015-07-29T07:35:20.000000Z,8.55208,8.5505
2015-07-29T07:35:30.000000Z,8.55154,8.55012
2015-07-29T07:35:40.000000Z,8.55208,8.55058
2015-07-29T07:35:50.000000Z,8.55223,8.55068
2015-07-29T07:36:20.000000Z,8.55278,8.55138
2015-07-29T07:36:30.000000Z,8.55324,8.55169
2015-07-29T07:36:40.000000Z,8.55371,8.55223
2015-07-29T07:36:50.000000Z,8.55394,8.55254
2015-07-29T07:37:00.000000Z,8.55448,8.55308
2015-07-29T07:37:10.000000Z,8.55456,8.55308
2015-07-29T07:37:20.000000Z,8.55402,8.55247
2015-07-29T07:37:30.000000Z,8.55479,8.55324
2015-07-29T07:38:00.000000Z,8.55472,8.55332
2015-07-29T07:38:10.000000Z,8.55503,8.55355
2015-07-29T07:38:20.000000Z,8.55627,8.55479
2015-07-29T07:38:30.000000Z,8.55596,8.55448
2015-07-29T07:38:40.000000Z,8.55681,8.5551
2015-07-29T07:38:50.000000Z,8.55588,8.5544
2015-07-29T07:39:00.000000Z,8.55603,8.55455
2015-07-29T07:39:10.000000Z,8.5551,8.55347
2015-07-29T07:39:20.000000Z,8.55471,8.55316
2015-07-29T07:39:30.000000Z,8.55448,8.55293
2015-07-29T07:39:40.000000Z,8.55448,8.55316
2015-07-29T07:39:50.000000Z,8.55456,8.55324
2015-07-29T07:40:00.000000Z,8.55634,8.55486
2015-07-29T07:40:10.000000Z,8.55487,8.55339
2015-07-29T07:40:20.000000Z,8.5544,8.55285
2015-07-29T07:40:30.000000Z,8.55627,8.55487
2015-07-29T07:40:40.000000Z,8.55595,8.5544
2015-07-29T07:40:50.000000Z,8.55526,8.55363
2015-07-29T07:41:00.000000Z,8.55503,8.55363
2015-07-29T07:41:10.000000Z,8.5558,8.55432
2015-07-29T07:41:20.000000Z,8.55524,8.5537
2015-07-29T07:41:30.000000Z,8.55556,8.55409
2015-07-29T07:41:40.000000Z,8.55548,8.55401
2015-07-29T07:41:50.000000Z,8.55463,8.55332
2015-07-29T07:42:00.000000Z,8.55532,8.5537
2015-07-29T07:42:10.000000Z,8.5554,8.55393
2015-07-29T07:42:20.000000Z,8.5554,8.55386
2015-07-29T07:42:30.000000Z,8.55486,8.55339
2015-07-29T07:42:40.000000Z,8.5547,8.55316
2015-07-29T07:42:50.000000Z,8.55463,8.55324
2015-07-29T07:43:00.000000Z,8.5547,8.55316
2015-07-29T07:43:10.000000Z,8.55486,8.55353
2015-07-29T07:43:20.000000Z,8.55556,8.55407
2015-07-29T07:43:30.000000Z,8.55509,8.5536
2015-07-29T07:43:40.000000Z,8.55548,8.55407
2015-07-29T07:43:50.000000Z,8.55587,8.55447
2015-07-29T07:44:00.000000Z,8.55664,8.5554
2015-07-29T07:44:10.000000Z,8.55773,8.55641
2015-07-29T07:44:20.000000Z,8.55734,8.55586
2015-07-29T07:44:30.000000Z,8.55734,8.55586
2015-07-29T07:44:40.000000Z,8.55687,8.55547
2015-07-29T07:44:50.000000Z,8.55688,8.5554
2015-07-29T07:45:00.000000Z,8.55757,8.55609
2015-07-29T07:45:10.000000Z,8.5575,8.55602
2015-07-29T07:45:20.000000Z,8.55835,8.55693
2015-07-29T07:45:30.000000Z,8.55719,8.55561
2015-07-29T07:45:40.000000Z,8.5574,8.55602
2015-07-29T07:45:50.000000Z,8.55685,8.55555
2015-07-29T07:46:00.000000Z,8.55677,8.55516
2015-07-29T07:46:10.000000Z,8.55629,8.55478
2015-07-29T07:46:30.000000Z,8.55582,8.55431
2015-07-29T07:46:40.000000Z,8.55604,8.55443
2015-07-29T07:46:50.000000Z,8.55511,8.55358
2015-07-29T07:47:00.000000Z,8.55511,8.55358
2015-07-29T07:47:10.000000Z,8.55434,8.55289
2015-07-29T07:47:20.000000Z,8.55503,8.55358
2015-07-29T07:47:30.000000Z,8.55496,8.55343
2015-07-29T07:47:40.000000Z,8.55558,8.55414
2015-07-29T07:47:50.000000Z,8.55612,8.5546
2015-07-29T07:48:00.000000Z,8.55581,8.55437
2015-07-29T07:48:10.000000Z,8.55713,8.55545
2015-07-29T07:48:20.000000Z,8.55705,8.55568
2015-07-29T07:48:30.000000Z,8.55713,8.55545
2015-07-29T07:48:40.000000Z,8.55736,8.55599
2015-07-29T07:48:50.000000Z,8.55829,8.55669
2015-07-29T07:49:00.000000Z,8.55801,8.55654
2015-07-29T07:49:10.000000Z,8.55823,8.55669
2015-07-29T07:49:30.000000Z,8.5574,8.5559
2015-07-29T07:49:40.000000Z,8.55747,8.55605
2015-07-29T07:49:50.000000Z,8.55739,8.55605
2015-07-29T07:50:00.000000Z,8.55817,8.55675
2015-07-29T07:50:10.000000Z,8.55825,8.55683
2015-07-29T07:50:20.000000Z,8.55654,8.55527
2015-07-29T07:50:30.000000Z,8.5567,8.5552
2015-07-29T07:50:40.000000Z,8.55801,8.55659
2015-07-29T07:50:50.000000Z,8.55842,8.55685
2015-07-29T07:51:00.000000Z,8.55772,8.55623
2015-07-29T07:51:10.000000Z,8.55756,8.55599
2015-07-29T07:51:20.000000Z,8.55733,8.55584
2015-07-29T07:51:30.000000Z,8.55702,8.55561
2015-07-29T07:51:40.000000Z,8.55671,8.5553
2015-07-29T07:51:50.000000Z,8.55764,8.55615
2015-07-29T07:52:00.000000Z,8.5571,8.55561
2015-07-29T07:52:10.000000Z,8.55748,8.55615
2015-07-29T07:52:20.000000Z,8.55756,8.55614
2015-07-29T07:52:30.000000Z,8.55754,8.55614
2015-07-29T07:52:40.000000Z,8.5563,8.55475
2015-07-29T07:52:50.000000Z,8.557,8.55552
2015-07-29T07:53:00.000000Z,8.55754,8.55606
2015-07-29T07:53:10.000000Z,8.55669,8.55537
2015-07-29T07:53:20.000000Z,8.55661,8.55529
2015-07-29T07:53:30.000000Z,8.55607,8.55459
2015-07-29T07:53:40.000000Z,8.55661,8.55513
2015-07-29T07:53:50.000000Z,8.55754,8.55614
2015-07-29T07:54:10.000000Z,8.55678,8.55533
2015-07-29T07:54:20.000000Z,8.55572,8.55437
2015-07-29T07:54:30.000000Z,8.55549,8.55398
2015-07-29T07:54:40.000000Z,8.55495,8.55344
2015-07-29T07:54:50.000000Z,8.55596,8.55445
2015-07-29T07:55:00.000000Z,8.55464,8.55313
2015-07-29T07:55:10.000000Z,8.55495,8.55352
2015-07-29T07:55:20.000000Z,8.55495,8.5536
2015-07-29T07:55:30.000000Z,8.55518,8.55367
2015-07-29T07:55:40.000000Z,8.55564,8.55421
2015-07-29T07:55:50.000000Z,8.55536,8.55397
2015-07-29T07:56:00.000000Z,8.55575,8.55436
2015-07-29T07:56:10.000000Z,8.55575,8.55436
2015-07-29T07:56:20.000000Z,8.55544,8.55405
2015-07-29T07:56:30.000000Z,8.55489,8.55319
2015-07-29T07:56:40.000000Z,8.55474,8.5532
2015-07-29T07:56:50.000000Z,8.55505,8.55351
2015-07-29T07:57:00.000000Z,8.55513,8.55374
2015-07-29T07:57:10.000000Z,8.55513,8.55374
2015-07-29T07:57:20.000000Z,8.55575,8.55428
2015-07-29T07:57:30.000000Z,8.5563,8.55481
2015-07-29T07:57:40.000000Z,8.55661,8.55504
2015-07-29T07:57:50.000000Z,8.55653,8.55489
2015-07-29T07:58:00.000000Z,8.55669,8.5552
2015-07-29T07:58:10.000000Z,8.55684,8.55535
2015-07-29T07:58:30.000000Z,8.557,8.55551
2015-07-29T07:58:40.000000Z,8.55738,8.55589
2015-07-29T07:58:50.000000Z,8.55847,8.55698
2015-07-29T07:59:00.000000Z,8.55808,8.55651
2015-07-29T07:59:10.000000Z,8.55886,8.55737
2015-07-29T07:59:20.000000Z,8.55808,8.55659
2015-07-29T07:59:30.000000Z,8.55971,8.55822
2015-07-29T07:59:40.000000Z,8.56017,8.55845
2015-07-29T07:59:50.000000Z,8.5601,8.55861
2015-07-29T08:00:00.000000Z,8.56008,8.55854
2015-07-29T08:00:10.000000Z,8.56001,8.55847
2015-07-29T08:00:20.000000Z,8.56109,8.55955
2015-07-29T08:00:30.000000Z,8.56063,8.55911
2015-07-29T08:00:40.000000Z,8.56078,8.55918
2015-07-29T08:00:50.000000Z,8.5597,8.55833
2015-07-29T08:01:00.000000Z,8.56001,8.55849
2015-07-29T08:01:10.000000Z,8.55985,8.55848
2015-07-29T08:01:30.000000Z,8.56062,8.55893
2015-07-29T08:01:40.000000Z,8.56092,8.55916
2015-07-29T08:01:50.000000Z,8.56093,8.55924
2015-07-29T08:02:00.000000Z,8.56093,8.5594
2015-07-29T08:02:20.000000Z,8.56116,8.55955
2015-07-29T08:02:30.000000Z,8.56162,8.56001
2015-07-29T08:02:40.000000Z,8.56162,8.56001
2015-07-29T08:02:50.000000Z,8.56201,8.56056
2015-07-29T08:03:00.000000Z,8.56131,8.55978
2015-07-29T08:03:10.000000Z,8.561,8.55955
2015-07-29T08:03:20.000000Z,8.56069,8.55924
2015-07-29T08:03:30.000000Z,8.56038,8.55893
2015-07-29T08:03:40.000000Z,8.55976,8.55831
2015-07-29T08:03:50.000000Z,8.55985,8.55836
2015-07-29T08:04:00.000000Z,8.56094,8.55945
2015-07-29T08:04:10.000000Z,8.56078,8.55929
2015-07-29T08:04:20.000000Z,8.56148,8.56007
2015-07-29T08:04:30.000000Z,8.56171,8.56022
2015-07-29T08:04:40.000000Z,8.5621,8.56046
2015-07-29T08:05:00.000000Z,8.56164,8.56023
2015-07-29T08:05:10.000000Z,8.5614,8.56007
2015-07-29T08:05:20.000000Z,8.56195,8.56046
2015-07-29T08:05:30.000000Z,8.56195,8.56046
2015-07-29T08:05:40.000000Z,8.56202,8.56053
2015-07-29T08:05:50.000000Z,8.56203,8.56046
2015-07-29T08:06:00.000000Z,8.56172,8.56015
2015-07-29T08:06:10.000000Z,8.56063,8.55906
2015-07-29T08:06:20.000000Z,8.56063,8.5593
2015-07-29T08:06:30.000000Z,8.56156,8.56007
2015-07-29T08:06:40.000000Z,8.56125,8.55984
2015-07-29T08:06:50.000000Z,8.56079,8.55922
2015-07-29T08:07:00.000000Z,8.56063,8.55914
2015-07-29T08:07:10.000000Z,8.56063,8.55922
2015-07-29T08:07:20.000000Z,8.56078,8.55933
2015-07-29T08:07:30.000000Z,8.56078,8.5594
2015-07-29T08:07:40.000000Z,8.56047,8.55909
2015-07-29T08:07:50.000000Z,8.56016,8.55878
2015-07-29T08:08:00.000000Z,8.55985,8.5584
2015-07-29T08:08:10.000000Z,8.56179,8.56018
2015-07-29T08:08:20.000000Z,8.56132,8.55987
2015-07-29T08:08:30.000000Z,8.56125,8.55972
2015-07-29T08:08:40.000000Z,8.56055,8.55917
2015-07-29T08:08:50.000000Z,8.5614,8.55995
2015-07-29T08:09:00.000000Z,8.56148,8.56003
2015-07-29T08:09:10.000000Z,8.56086,8.55933
2015-07-29T08:09:20.000000Z,8.56133,8.56003
2015-07-29T08:09:30.000000Z,8.56194,8.56041
2015-07-29T08:09:40.000000Z,8.56187,8.56026
2015-07-29T08:09:50.000000Z,8.56187,8.56034
2015-07-29T08:10:00.000000Z,8.56249,8.56111
2015-07-29T08:10:10.000000Z,8.5628,8.56135
2015-07-29T08:10:20.000000Z,8.56272,8.56134
2015-07-29T08:10:30.000000Z,8.56257,8.56119
2015-07-29T08:10:40.000000Z,8.5627,8.56133
2015-07-29T08:11:00.000000Z,8.56286,8.56149
2015-07-29T08:11:10.000000Z,8.56278,8.56141
2015-07-29T08:11:20.000000Z,8.56277,8.56143
2015-07-29T08:11:30.000000Z,8.56192,8.5605
2015-07-29T08:11:40.000000Z,8.5613,8.55988
2015-07-29T08:11:50.000000Z,8.56061,8.55911
2015-07-29T08:12:00.000000Z,8.56068,8.55926
2015-07-29T08:12:10.000000Z,8.56045,8.55903
2015-07-29T08:12:20.000000Z,8.56092,8.5595
2015-07-29T08:12:30.000000Z,8.56185,8.56035
2015-07-29T08:12:40.000000Z,8.56123,8.55981
2015-07-29T08:12:50.000000Z,8.56115,8.55981
2015-07-29T08:13:00.000000Z,8.56161,8.56027
2015-07-29T08:13:10.000000Z,8.56154,8.56012
2015-07-29T08:13:20.000000Z,8.56161,8.56011
2015-07-29T08:13:30.000000Z,8.56208,8.56074
2015-07-29T08:13:40.000000Z,8.56154,8.56027
2015-07-29T08:13:50.000000Z,8.5627,8.56136
2015-07-29T08:14:00.000000Z,8.56417,8.56283
2015-07-29T08:14:10.000000Z,8.56433,8.56283
2015-07-29T08:14:20.000000Z,8.56433,8.56291
2015-07-29T08:14:30.000000Z,8.56378,8.56228
2015-07-29T08:14:40.000000Z,8.56355,8.56213
2015-07-29T08:14:50.000000Z,8.56348,8.56221
2015-07-29T08:15:00.000000Z,8.56349,8.56212
2015-07-29T08:15:10.000000Z,8.56382,8.56251
2015-07-29T08:15:20.000000Z,8.56304,8.56165
2015-07-29T08:15:30.000000Z,8.56327,8.56196
2015-07-29T08:15:40.000000Z,8.56314,8.56166
2015-07-29T08:15:50.000000Z,8.56237,8.56089
2015-07-29T08:16:00.000000Z,8.5619,8.56058
2015-07-29T08:16:10.000000Z,8.56182,8.56042
2015-07-29T08:16:20.000000Z,8.56205,8.56081
2015-07-29T08:16:30.000000Z,8.56221,8.56073
2015-07-29T08:16:40.000000Z,8.56144,8.55996
2015-07-29T08:16:50.000000Z,8.56159,8.56011
2015-07-29T08:17:00.000000Z,8.5619,8.56051
2015-07-29T08:17:10.000000Z,8.5619,8.56058
2015-07-29T08:17:20.000000Z,8.5607,8.55927
2015-07-29T08:17:30.000000Z,8.56086,8.55935
2015-07-29T08:17:40.000000Z,8.56117,8.55974
2015-07-29T08:17:50.000000Z,8.56039,8.55902
2015-07-29T08:18:00.000000Z,8.56108,8.55971
2015-07-29T08:18:10.000000Z,8.56124,8.55972
2015-07-29T08:18:20.000000Z,8.56093,8.55949
2015-07-29T08:18:30.000000Z,8.56131,8.55987
2015-07-29T08:18:40.000000Z,8.56131,8.55987
2015-07-29T08:18:50.000000Z,8.56007,8.55855
2015-07-29T08:19:00.000000Z,8.56062,8.55925
2015-07-29T08:19:10.000000Z,8.56069,8.55917
2015-07-29T08:19:20.000000Z,8.56108,8.55956
2015-07-29T08:19:30.000000Z,8.55891,8.55747
2015-07-29T08:19:40.000000Z,8.55822,8.55685
2015-07-29T08:19:50.000000Z,8.55915,8.55755
2015-07-29T08:20:00.000000Z,8.55976,8.55832
2015-07-29T08:20:10.000000Z,8.55976,8.55832
2015-07-29T08:20:20.000000Z,8.56039,8.5591
2015-07-29T08:20:30.000000Z,8.56232,8.56064
2015-07-29T08:20:40.000000Z,8.56255,8.56103
2015-07-29T08:20:50.000000Z,8.56341,8.56204
2015-07-29T08:21:00.000000Z,8.56395,8.56235
2015-07-29T08:21:10.000000Z,8.56372,8.56228
2015-07-29T08:21:20.000000Z,8.56294,8.56142
2015-07-29T08:21:30.000000Z,8.56271,8.56127
2015-07-29T08:21:40.000000Z,8.56286,8.56142
2015-07-29T08:22:00.000000Z,8.56292,8.56147
2015-07-29T08:22:10.000000Z,8.56291,8.56157
2015-07-29T08:22:20.000000Z,8.56275,8.56132
2015-07-29T08:22:30.000000Z,8.56221,8.56078
2015-07-29T08:22:40.000000Z,8.56206,8.5607
2015-07-29T08:23:00.000000Z,8.56275,8.56132
2015-07-29T08:23:10.000000Z,8.56322,8.56179
2015-07-29T08:23:20.000000Z,8.56361,8.5621
2015-07-29T08:23:30.000000Z,8.56392,8.56245
2015-07-29T08:23:40.000000Z,8.56376,8.56228
2015-07-29T08:23:50.000000Z,8.56438,8.5629
2015-07-29T08:24:00.000000Z,8.56438,8.56298
2015-07-29T08:24:10.000000Z,8.56446,8.56307
2015-07-29T08:24:20.000000Z,8.56431,8.56292
2015-07-29T08:24:40.000000Z,8.56454,8.56315
2015-07-29T08:24:50.000000Z,8.56462,8.56315
2015-07-29T08:25:00.000000Z,8.56454,8.56315
2015-07-29T08:25:10.000000Z,8.56438,8.56299
2015-07-29T08:25:20.000000Z,8.56457,8.56316
2015-07-29T08:25:30.000000Z,8.56438,8.56265
2015-07-29T08:25:40.000000Z,8.5643,8.5628
2015-07-29T08:25:50.000000Z,8.56384,8.56242
2015-07-29T08:26:00.000000Z,8.56417,8.56278
2015-07-29T08:26:10.000000Z,8.5641,8.56267
2015-07-29T08:26:20.000000Z,8.56457,8.56329
2015-07-29T08:26:30.000000Z,8.56418,8.56282
2015-07-29T08:26:40.000000Z,8.56442,8.56306
2015-07-29T08:26:50.000000Z,8.56434,8.56291
2015-07-29T08:27:00.000000Z,8.56496,8.56356
2015-07-29T08:27:10.000000Z,8.56496,8.56379
2015-07-29T08:27:20.000000Z,8.56844,8.56689
2015-07-29T08:27:30.000000Z,8.56945,8.56805
2015-07-29T08:27:40.000000Z,8.57054,8.56899
2015-07-29T08:27:50.000000Z,8.57085,8.5693
2015-07-29T08:28:00.000000Z,8.57069,8.56914
2015-07-29T08:28:10.000000Z,8.57139,8.56999
2015-07-29T08:28:20.000000Z,8.57228,8.57069
2015-07-29T08:28:30.000000Z,8.57251,8.571
2015-07-29T08:28:40.000000Z,8.57204,8.57061
2015-07-29T08:28:50.000000Z,8.57135,8.56984
2015-07-29T08:29:00.000000Z,8.5715,8.56991
2015-07-29T08:29:10.000000Z,8.57297,8.57146
2015-07-29T08:29:20.000000Z,8.57113,8.56964
2015-07-29T08:29:30.000000Z,8.57182,8.57017
2015-07-29T08:29:40.000000Z,8.57275,8.57117
2015-07-29T08:29:50.000000Z,8.5719,8.5704
2015-07-29T08:30:00.000000Z,8.57305,8.57158
2015-07-29T08:30:10.000000Z,8.57299,8.57142
2015-07-29T08:30:20.000000Z,8.5729,8.57144
2015-07-29T08:30:30.000000Z,8.57197,8.57051
2015-07-29T08:30:40.000000Z,8.57174,8.57028
2015-07-29T08:30:50.000000Z,8.57174,8.57028
2015-07-29T08:31:00.000000Z,8.57127,8.56989
2015-07-29T08:31:10.000000Z,8.57119,8.56981
2015-07-29T08:31:20.000000Z,8.57065,8.56927
2015-07-29T08:31:30.000000Z,8.57018,8.56873
2015-07-29T08:31:40.000000Z,8.5708,8.56911
2015-07-29T08:31:50.000000Z,8.57132,8.56979
2015-07-29T08:32:00.000000Z,8.5728,8.57134
2015-07-29T08:32:10.000000Z,8.57543,8.57382
2015-07-29T08:32:20.000000Z,8.57512,8.57366
2015-07-29T08:32:30.000000Z,8.57605,8.57459
2015-07-29T08:32:40.000000Z,8.57675,8.57522
2015-07-29T08:32:50.000000Z,8.5769,8.57537
2015-07-29T08:33:00.000000Z,8.5766,8.57513
2015-07-29T08:33:10.000000Z,8.57838,8.57676
2015-07-29T08:33:20.000000Z,8.57768,8.57637
2015-07-29T08:33:30.000000Z,8.57838,8.57707
2015-07-29T08:33:40.000000Z,8.5771,8.5756
2015-07-29T08:33:50.000000Z,8.57671,8.57537
2015-07-29T08:34:00.000000Z,8.57697,8.57561
2015-07-29T08:34:10.000000Z,8.57683,8.57536
2015-07-29T08:34:20.000000Z,8.57621,8.57474
2015-07-29T08:34:30.000000Z,8.57567,8.57389
2015-07-29T08:34:40.000000Z,8.57559,8.57389
2015-07-29T08:34:50.000000Z,8.57466,8.57319
2015-07-29T08:35:00.000000Z,8.57427,8.5728
2015-07-29T08:35:10.000000Z,8.57388,8.57234
2015-07-29T08:35:20.000000Z,8.57319,8.5718
2015-07-29T08:35:30.000000Z,8.57388,8.57249
2015-07-29T08:35:40.000000Z,8.57404,8.57265
2015-07-29T08:35:50.000000Z,8.57439,8.57281
2015-07-29T08:36:00.000000Z,8.57385,8.57227
2015-07-29T08:36:10.000000Z,8.57439,8.57289
2015-07-29T08:36:20.000000Z,8.5761,8.57452
2015-07-29T08:36:30.000000Z,8.57563,8.57393
2015-07-29T08:36:40.000000Z,8.57536,8.57393
2015-07-29T08:36:50.000000Z,8.57559,8.57402
2015-07-29T08:37:00.000000Z,8.5752,8.57379
2015-07-29T08:37:10.000000Z,8.57605,8.57456
2015-07-29T08:37:20.000000Z,8.57554,8.57414
2015-07-29T08:37:30.000000Z,8.57547,8.57407
2015-07-29T08:37:40.000000Z,8.57554,8.57399
2015-07-29T08:37:50.000000Z,8.57547,8.57407
2015-07-29T08:38:00.000000Z,8.57616,8.57468
2015-07-29T08:38:10.000000Z,8.57461,8.57313
2015-07-29T08:38:20.000000Z,8.57554,8.57406
2015-07-29T08:38:30.000000Z,8.57547,8.57399
2015-07-29T08:38:40.000000Z,8.57547,8.57399
2015-07-29T08:39:00.000000Z,8.57531,8.57391
2015-07-29T08:39:10.000000Z,8.575,8.5736
2015-07-29T08:39:20.000000Z,8.57523,8.57383
2015-07-29T08:39:30.000000Z,8.57492,8.5736
2015-07-29T08:39:40.000000Z,8.57492,8.57352
2015-07-29T08:39:50.000000Z,8.57446,8.57298
2015-07-29T08:40:00.000000Z,8.57423,8.57275
2015-07-29T08:40:10.000000Z,8.57438,8.57298
2015-07-29T08:40:20.000000Z,8.57616,8.57461
2015-07-29T08:40:30.000000Z,8.57576,8.57432
2015-07-29T08:40:40.000000Z,8.57437,8.57285
2015-07-29T08:40:50.000000Z,8.57437,8.57293
2015-07-29T08:41:00.000000Z,8.57329,8.57192
2015-07-29T08:41:10.000000Z,8.57305,8.57168
2015-07-29T08:41:20.000000Z,8.57267,8.5713
2015-07-29T08:41:30.000000Z,8.57367,8.57207
2015-07-29T08:41:40.000000Z,8.57367,8.57223
2015-07-29T08:41:50.000000Z,8.57255,8.57114
2015-07-29T08:42:00.000000Z,8.57356,8.57223
2015-07-29T08:42:10.000000Z,8.57333,8.57192
2015-07-29T08:42:20.000000Z,8.57317,8.57184
2015-07-29T08:42:30.000000Z,8.57333,8.572
2015-07-29T08:42:40.000000Z,8.5734,8.57207
2015-07-29T08:42:50.000000Z,8.57325,8.57197
2015-07-29T08:43:00.000000Z,8.57333,8.57197
2015-07-29T08:43:10.000000Z,8.57364,8.57213
2015-07-29T08:43:20.000000Z,8.57348,8.57205
2015-07-29T08:43:30.000000Z,8.57542,8.57391
2015-07-29T08:43:40.000000Z,8.57581,8.57438
2015-07-29T08:43:50.000000Z,8.57697,8.5753
2015-07-29T08:44:00.000000Z,8.57596,8.57453
2015-07-29T08:44:10.000000Z,8.57573,8.57437
2015-07-29T08:44:20.000000Z,8.57573,8.57437
2015-07-29T08:44:30.000000Z,8.57564,8.57426
2015-07-29T08:44:40.000000Z,8.57774,8.57613
2015-07-29T08:44:50.000000Z,8.57743,8.57597
2015-07-29T08:45:00.000000Z,8.57665,8.57519
2015-07-29T08:45:10.000000Z,8.57704,8.57556
2015-07-29T08:45:20.000000Z,8.57626,8.57471
2015-07-29T08:45:30.000000Z,8.57588,8.5744
2015-07-29T08:45:40.000000Z,8.5758,8.57432
2015-07-29T08:45:50.000000Z,8.57541,8.57393
2015-07-29T08:46:00.000000Z,8.57556,8.57401
2015-07-29T08:46:10.000000Z,8.57642,8.57471
2015-07-29T08:46:20.000000Z,8.5758,8.57451
2015-07-29T08:46:30.000000Z,8.57572,8.57429
2015-07-29T08:46:40.000000Z,8.57727,8.57584
2015-07-29T08:46:50.000000Z,8.57649,8.57498
2015-07-29T08:47:00.000000Z,8.57727,8.5756
2015-07-29T08:47:10.000000Z,8.57673,8.57537
2015-07-29T08:47:20.000000Z,8.57649,8.57506
2015-07-29T08:47:30.000000Z,8.57657,8.57514
2015-07-29T08:47:40.000000Z,8.57742,8.57591
2015-07-29T08:47:50.000000Z,8.57742,8.57591
2015-07-29T08:48:00.000000Z,8.57727,8.57587
2015-07-29T08:48:10.000000Z,8.57735,8.57603
2015-07-29T08:48:20.000000Z,8.57737,8.57595
2015-07-29T08:48:30.000000Z,8.57574,8.57424
2015-07-29T08:48:40.000000Z,8.57566,8.57432
2015-07-29T08:48:50.000000Z,8.5752,8.57378
2015-07-29T08:49:00.000000Z,8.57489,8.57355
2015-07-29T08:49:10.000000Z,8.57427,8.57285
2015-07-29T08:49:20.000000Z,8.57435,8.57277
2015-07-29T08:49:30.000000Z,8.57419,8.57269
2015-07-29T08:49:40.000000Z,8.57388,8.57238
2015-07-29T08:49:50.000000Z,8.57272,8.57122
2015-07-29T08:50:00.000000Z,8.57349,8.57207
2015-07-29T08:50:10.000000Z,8.57349,8.57215
2015-07-29T08:50:20.000000Z,8.57326,8.57184
2015-07-29T08:50:30.000000Z,8.57365,8.57231
2015-07-29T08:50:40.000000Z,8.57326,8.57176
2015-07-29T08:50:50.000000Z,8.57311,8.57184
2015-07-29T08:51:00.000000Z,8.57318,8.57184
2015-07-29T08:51:10.000000Z,8.57354,8.5719
2015-07-29T08:51:20.000000Z,8.57362,8.57213
2015-07-29T08:51:30.000000Z,8.57299,8.57151
2015-07-29T08:51:40.000000Z,8.57275,8.57135
2015-07-29T08:51:50.000000Z,8.57267,8.57135
2015-07-29T08:52:00.000000Z,8.57221,8.57073
2015-07-29T08:52:10.000000Z,8.57213,8.57058
2015-07-29T08:52:20.000000Z,8.57128,8.56988
2015-07-29T08:52:30.000000Z,8.57106,8.56952
2015-07-29T08:52:40.000000Z,8.57106,8.56959
2015-07-29T08:52:50.000000Z,8.57114,8.56952
2015-07-29T08:53:00.000000Z,8.57112,8.56964
2015-07-29T08:53:10.000000Z,8.57189,8.57041
2015-07-29T08:53:20.000000Z,8.57289,8.57134
2015-07-29T08:53:30.000000Z,8.57173,8.57033
2015-07-29T08:53:40.000000Z,8.57135,8.56995
2015-07-29T08:53:50.000000Z,8.57174,8.57026
2015-07-29T08:54:00.000000Z,8.5715,8.56987
2015-07-29T08:54:10.000000Z,8.57111,8.56948
2015-07-29T08:54:20.000000Z,8.57034,8.56886
2015-07-29T08:54:30.000000Z,8.57052,8.56891
2015-07-29T08:54:40.000000Z,8.57222,8.57067
2015-07-29T08:54:50.000000Z,8.57323,8.57175
2015-07-29T08:55:00.000000Z,8.57338,8.57175
2015-07-29T08:55:10.000000Z,8.57261,8.57113
2015-07-29T08:55:20.000000Z,8.57222,8.57082
2015-07-29T08:55:30.000000Z,8.57282,8.57135
2015-07-29T08:55:40.000000Z,8.57274,8.57127
2015-07-29T08:55:50.000000Z,8.57204,8.57065
2015-07-29T08:56:00.000000Z,8.57197,8.5705
2015-07-29T08:56:10.000000Z,8.57203,8.57063
2015-07-29T08:56:20.000000Z,8.57158,8.57016
2015-07-29T08:56:30.000000Z,8.57158,8.57024
2015-07-29T08:56:40.000000Z,8.57166,8.57039
2015-07-29T08:57:00.000000Z,8.57127,8.56969
2015-07-29T08:57:10.000000Z,8.57142,8.56992
2015-07-29T08:57:20.000000Z,8.57189,8.57047
2015-07-29T08:57:30.000000Z,8.57358,8.57218
2015-07-29T08:57:40.000000Z,8.57382,8.57248
2015-07-29T08:57:50.000000Z,8.57461,8.57302
2015-07-29T08:58:00.000000Z,8.5745,8.57302
2015-07-29T08:58:10.000000Z,8.57458,8.5731
2015-07-29T08:58:20.000000Z,8.5752,8.57372
2015-07-29T08:58:30.000000Z,8.57436,8.57288
2015-07-29T08:58:40.000000Z,8.57424,8.57276
2015-07-29T08:58:50.000000Z,8.57354,8.57191
2015-07-29T08:59:00.000000Z,8.57269,8.57129
2015-07-29T08:59:10.000000Z,8.57368,8.57221
2015-07-29T08:59:20.000000Z,8.57438,8.57291
2015-07-29T08:59:30.000000Z,8.57523,8.57384
2015-07-29T08:59:40.000000Z,8.57546,8.57415
2015-07-29T08:59:50.000000Z,8.57511,8.57362
2015-07-29T09:00:00.000000Z,8.57497,8.57355
2015-07-29T09:00:10.000000Z,8.57535,8.57387
2015-07-29T09:00:20.000000Z,8.57513,8.5734
2015-07-29T09:00:30.000000Z,8.5749,8.57356
2015-07-29T09:00:40.000000Z,8.57505,8.5734
2015-07-29T09:00:50.000000Z,8.57498,8.57356
2015-07-29T09:01:00.000000Z,8.57506,8.57356
2015-07-29T09:01:10.000000Z,8.57757,8.57559
2015-07-29T09:01:20.000000Z,8.57652,8.57493
2015-07-29T09:01:30.000000Z,8.57566,8.57415
2015-07-29T09:01:50.000000Z,8.57489,8.5733
2015-07-29T09:02:00.000000Z,8.57489,8.57346
2015-07-29T09:02:10.000000Z,8.57435,8.57284
2015-07-29T09:02:20.000000Z,8.57519,8.57364
2015-07-29T09:02:30.000000Z,8.57496,8.57356
2015-07-29T09:02:40.000000Z,8.57503,8.57348
2015-07-29T09:02:50.000000Z,8.57585,8.57441
2015-07-29T09:03:00.000000Z,8.57498,8.57348
2015-07-29T09:03:10.000000Z,8.57498,8.57356
2015-07-29T09:03:20.000000Z,8.5752,8.57365
2015-07-29T09:03:30.000000Z,8.57489,8.57334
2015-07-29T09:03:40.000000Z,8.57504,8.57364
2015-07-29T09:03:50.000000Z,8.57388,8.57242
2015-07-29T09:04:00.000000Z,8.57349,8.57195
2015-07-29T09:04:10.000000Z,8.57367,8.57219
2015-07-29T09:04:20.000000Z,8.57422,8.57274
2015-07-29T09:04:30.000000Z,8.57422,8.57274
2015-07-29T09:04:40.000000Z,8.57467,8.57341
2015-07-29T09:04:50.000000Z,8.57444,8.57287
2015-07-29T09:05:00.000000Z,8.57498,8.57341
2015-07-29T09:05:10.000000Z,8.5749,8.57341
2015-07-29T09:05:40.000000Z,8.57498,8.5735
2015-07-29T09:05:50.000000Z,8.57482,8.57334
2015-07-29T09:06:00.000000Z,8.57502,8.57362
2015-07-29T09:06:10.000000Z,8.57502,8.57362
2015-07-29T09:06:20.000000Z,8.57502,8.57362
2015-07-29T09:06:30.000000Z,8.5751,8.57379
2015-07-29T09:06:40.000000Z,8.57533,8.57386
2015-07-29T09:06:50.000000Z,8.5751,8.57363
2015-07-29T09:07:00.000000Z,8.57518,8.57379
2015-07-29T09:07:10.000000Z,8.57564,8.57417
2015-07-29T09:07:20.000000Z,8.57572,8.57425
2015-07-29T09:07:30.000000Z,8.57564,8.5741
2015-07-29T09:07:50.000000Z,8.57559,8.57402
2015-07-29T09:08:00.000000Z,8.5752,8.57363
2015-07-29T09:08:10.000000Z,8.57512,8.57355
2015-07-29T09:08:20.000000Z,8.57505,8.57348
2015-07-29T09:08:30.000000Z,8.57489,8.57348
2015-07-29T09:08:50.000000Z,8.57437,8.57287
2015-07-29T09:09:00.000000Z,8.57406,8.57264
2015-07-29T09:09:10.000000Z,8.57398,8.57271
2015-07-29T09:09:20.000000Z,8.57437,8.57287
2015-07-29T09:09:30.000000Z,8.57491,8.57349
2015-07-29T09:09:40.000000Z,8.57468,8.57334
2015-07-29T09:10:00.000000Z,8.57414,8.57256
2015-07-29T09:10:10.000000Z,8.57437,8.57287
2015-07-29T09:10:20.000000Z,8.57429,8.57271
2015-07-29T09:10:40.000000Z,8.57205,8.57047
2015-07-29T09:10:50.000000Z,8.57196,8.57062
2015-07-29T09:11:00.000000Z,8.57239,8.57092
2015-07-29T09:11:10.000000Z,8.57169,8.57015
2015-07-29T09:11:20.000000Z,8.57138,8.56991
2015-07-29T09:11:30.000000Z,8.57185,8.57051
2015-07-29T09:11:40.000000Z,8.57246,8.5711
2015-07-29T09:11:50.000000Z,8.57247,8.57113
2015-07-29T09:12:00.000000Z,8.57187,8.57046
2015-07-29T09:12:10.000000Z,8.57192,8.57044
2015-07-29T09:12:20.000000Z,8.57169,8.57021
2015-07-29T09:12:30.000000Z,8.57262,8.57114
2015-07-29T09:12:40.000000Z,8.57254,8.57106
2015-07-29T09:12:50.000000Z,8.57262,8.57122
2015-07-29T09:13:00.000000Z,8.57332,8.57192
2015-07-29T09:13:10.000000Z,8.57326,8.57199
2015-07-29T09:13:20.000000Z,8.57372,8.57221
2015-07-29T09:13:30.000000Z,8.57488,8.57345
2015-07-29T09:13:40.000000Z,8.57573,8.57422
2015-07-29T09:13:50.000000Z,8.57682,8.57546
2015-07-29T09:14:00.000000Z,8.57674,8.57523
2015-07-29T09:14:10.000000Z,8.57674,8.57531
2015-07-29T09:14:20.000000Z,8.57689,8.57546
2015-07-29T09:14:30.000000Z,8.57713,8.57577
2015-07-29T09:14:40.000000Z,8.57668,8.57518
2015-07-29T09:14:50.000000Z,8.57666,8.57518
2015-07-29T09:15:00.000000Z,8.57736,8.57588
2015-07-29T09:15:10.000000Z,8.57736,8.57596
2015-07-29T09:15:20.000000Z,8.57718,8.57587
2015-07-29T09:15:30.000000Z,8.57811,8.57672
2015-07-29T09:15:40.000000Z,8.57757,8.57626
2015-07-29T09:15:50.000000Z,8.57782,8.57651
2015-07-29T09:16:00.000000Z,8.57728,8.57597
2015-07-29T09:16:10.000000Z,8.57604,8.57473
2015-07-29T09:16:20.000000Z,8.57788,8.57641
2015-07-29T09:16:30.000000Z,8.57803,8.57649
2015-07-29T09:16:40.000000Z,8.57803,8.57664
2015-07-29T09:16:50.000000Z,8.58183,8.58005
2015-07-29T09:17:00.000000Z,8.57966,8.57827
2015-07-29T09:17:10.000000Z,8.57921,8.57748
2015-07-29T09:17:20.000000Z,8.57975,8.57825
2015-07-29T09:17:30.000000Z,8.57959,8.57817
2015-07-29T09:17:40.000000Z,8.57921,8.57779
2015-07-29T09:17:50.000000Z,8.57874,8.57732
2015-07-29T09:18:00.000000Z,8.57866,8.57724
2015-07-29T09:18:10.000000Z,8.5789,8.57732
2015-07-29T09:18:20.000000Z,8.57929,8.57771
2015-07-29T09:18:30.000000Z,8.57975,8.57833
2015-07-29T09:18:40.000000Z,8.5804,8.57894
2015-07-29T09:18:50.000000Z,8.58039,8.57886
2015-07-29T09:19:00.000000Z,8.58047,8.57894
2015-07-29T09:19:10.000000Z,8.57995,8.57824
2015-07-29T09:19:20.000000Z,8.57958,8.57811
2015-07-29T09:19:30.000000Z,8.57957,8.57818
2015-07-29T09:19:40.000000Z,8.57973,8.57834
2015-07-29T09:20:00.000000Z,8.57988,8.57834
2015-07-29T09:20:10.000000Z,8.5798,8.57843
2015-07-29T09:20:20.000000Z,8.57997,8.57857
2015-07-29T09:20:30.000000Z,8.57963,8.57805
2015-07-29T09:20:40.000000Z,8.57963,8.57805
2015-07-29T09:20:50.000000Z,8.58025,8.57875
2015-07-29T09:21:00.000000Z,8.57955,8.57813
2015-07-29T09:21:10.000000Z,8.57883,8.57724
2015-07-29T09:21:20.000000Z,8.57883,8.5774
2015-07-29T09:21:30.000000Z,8.57868,8.57717
2015-07-29T09:21:40.000000Z,8.57891,8.5774
2015-07-29T09:21:50.000000Z,8.57984,8.57833
2015-07-29T09:22:00.000000Z,8.57868,8.5774
2015-07-29T09:22:10.000000Z,8.57805,8.57662
2015-07-29T09:22:20.000000Z,8.57798,8.57662
2015-07-29T09:22:30.000000Z,8.57736,8.576
2015-07-29T09:22:40.000000Z,8.57659,8.57523
2015-07-29T09:22:50.000000Z,8.57728,8.57577
2015-07-29T09:23:00.000000Z,8.57751,8.57608
2015-07-29T09:23:10.000000Z,8.57806,8.5767
2015-07-29T09:23:20.000000Z,8.57821,8.57678
2015-07-29T09:23:30.000000Z,8.57767,8.57624
2015-07-29T09:23:40.000000Z,8.57805,8.57662
2015-07-29T09:23:50.000000Z,8.57837,8.57686
2015-07-29T09:24:00.000000Z,8.57643,8.575
2015-07-29T09:24:10.000000Z,8.57837,8.57678
2015-07-29T09:24:20.000000Z,8.57728,8.57608
2015-07-29T09:24:30.000000Z,8.57736,8.57593
2015-07-29T09:24:40.000000Z,8.57728,8.57585
2015-07-29T09:24:50.000000Z,8.57713,8.57585
2015-07-29T09:25:00.000000Z,8.57782,8.57639
2015-07-29T09:25:10.000000Z,8.57713,8.57577
2015-07-29T09:25:20.000000Z,8.57674,8.57515
2015-07-29T09:25:30.000000Z,8.57712,8.57569
2015-07-29T09:25:40.000000Z,8.57736,8.576
2015-07-29T09:25:50.000000Z,8.57728,8.57585
2015-07-29T09:26:00.000000Z,8.5772,8.57592
2015-07-29T09:26:10.000000Z,8.57712,8.57569
2015-07-29T09:26:20.000000Z,8.57651,8.57515
2015-07-29T09:26:30.000000Z,8.57627,8.57484
2015-07-29T09:26:40.000000Z,8.57635,8.57499
2015-07-29T09:26:50.000000Z,8.5762,8.57484
2015-07-29T09:27:00.000000Z,8.57573,8.5743
2015-07-29T09:27:10.000000Z,8.57643,8.575
2015-07-29T09:27:20.000000Z,8.57628,8.57492
2015-07-29T09:27:30.000000Z,8.57558,8.57422
2015-07-29T09:27:40.000000Z,8.57519,8.57391
2015-07-29T09:27:50.000000Z,8.57441,8.57298
2015-07-29T09:28:00.000000Z,8.57496,8.57376
2015-07-29T09:28:10.000000Z,8.57495,8.57352
2015-07-29T09:28:20.000000Z,8.57558,8.57422
2015-07-29T09:28:30.000000Z,8.57635,8.57499
2015-07-29T09:28:40.000000Z,8.57643,8.575
2015-07-29T09:28:50.000000Z,8.57635,8.57499
2015-07-29T09:29:00.000000Z,8.57565,8.57414
2015-07-29T09:29:10.000000Z,8.57566,8.57413
2015-07-29T09:29:20.000000Z,8.57574,8.57428
2015-07-29T09:29:30.000000Z,8.57714,8.57568
2015-07-29T09:29:40.000000Z,8.57683,8.5753
2015-07-29T09:29:50.000000Z,8.57722,8.57576
2015-07-29T09:30:00.000000Z,8.57706,8.5756
2015-07-29T09:30:10.000000Z,8.57667,8.57506
2015-07-29T09:30:20.000000Z,8.57706,8.57568
2015-07-29T09:30:30.000000Z,8.57683,8.57545
2015-07-29T09:30:40.000000Z,8.57652,8.57514
2015-07-29T09:30:50.000000Z,8.57714,8.57561
2015-07-29T09:31:00.000000Z,8.57706,8.57567
2015-07-29T09:31:10.000000Z,8.57644,8.57513
2015-07-29T09:31:20.000000Z,8.57644,8.57497
2015-07-29T09:31:40.000000Z,8.578,8.57649
2015-07-29T09:32:00.000000Z,8.57746,8.5761
2015-07-29T09:32:10.000000Z,8.57728,8.57582
2015-07-29T09:32:20.000000Z,8.57767,8.57621
2015-07-29T09:32:30.000000Z,8.57766,8.57622
2015-07-29T09:32:40.000000Z,8.57773,8.57629
2015-07-29T09:32:50.000000Z,8.57742,8.5759
2015-07-29T09:33:00.000000Z,8.57611,8.57465
2015-07-29T09:33:10.000000Z,8.57627,8.57481
2015-07-29T09:33:20.000000Z,8.57611,8.57465
2015-07-29T09:33:30.000000Z,8.57618,8.57482
2015-07-29T09:33:40.000000Z,8.57656,8.57513
2015-07-29T09:33:50.000000Z,8.5761,8.5749
2015-07-29T09:34:00.000000Z,8.57548,8.57405
2015-07-29T09:34:10.000000Z,8.5754,8.57389
2015-07-29T09:34:20.000000Z,8.57587,8.57451
2015-07-29T09:34:30.000000Z,8.57602,8.57482
2015-07-29T09:35:00.000000Z,8.57718,8.5759
2015-07-29T09:35:10.000000Z,8.57757,8.57614
2015-07-29T09:35:20.000000Z,8.57842,8.57699
2015-07-29T09:35:30.000000Z,8.57866,8.57738
2015-07-29T09:35:40.000000Z,8.57951,8.57808
2015-07-29T09:35:50.000000Z,8.57959,8.578
2015-07-29T09:36:00.000000Z,8.57882,8.57741
2015-07-29T09:36:10.000000Z,8.57879,8.57747
2015-07-29T09:36:20.000000Z,8.57933,8.5777
2015-07-29T09:36:30.000000Z,8.57917,8.57793
2015-07-29T09:36:40.000000Z,8.5786,8.57724
2015-07-29T09:36:50.000000Z,8.57848,8.57717
2015-07-29T09:37:00.000000Z,8.5784,8.5771
2015-07-29T09:37:10.000000Z,8.57824,8.57694
2015-07-29T09:37:20.000000Z,8.5791,8.57795
2015-07-29T09:37:30.000000Z,8.57956,8.57834
2015-07-29T09:37:40.000000Z,8.58003,8.57865
2015-07-29T09:37:50.000000Z,8.58011,8.57865
2015-07-29T09:38:00.000000Z,8.57993,8.57855
2015-07-29T09:38:10.000000Z,8.58059,8.57913
2015-07-29T09:38:20.000000Z,8.58082,8.57929
2015-07-29T09:38:30.000000Z,8.58106,8.57968
2015-07-29T09:38:40.000000Z,8.58175,8.58045
2015-07-29T09:38:50.000000Z,8.58187,8.58041
2015-07-29T09:39:00.000000Z,8.58212,8.58048
2015-07-29T09:39:10.000000Z,8.58227,8.58086
2015-07-29T09:39:20.000000Z,8.58234,8.5809
2015-07-29T09:39:30.000000Z,8.58219,8.58082
2015-07-29T09:39:40.000000Z,8.58118,8.57966
2015-07-29T09:39:50.000000Z,8.58133,8.57989
2015-07-29T09:40:10.000000Z,8.58141,8.57997
2015-07-29T09:40:20.000000Z,8.58203,8.58059
2015-07-29T09:40:30.000000Z,8.58212,8.58071
2015-07-29T09:40:40.000000Z,8.58189,8.58018
2015-07-29T09:40:50.000000Z,8.58197,8.58057
2015-07-29T09:41:00.000000Z,8.58181,8.58033
2015-07-29T09:41:10.000000Z,8.58212,8.58072
2015-07-29T09:41:20.000000Z,8.58181,8.58064
2015-07-29T09:41:30.000000Z,8.5815,8.5801
2015-07-29T09:41:40.000000Z,8.57964,8.57816
2015-07-29T09:41:50.000000Z,8.57933,8.57792
2015-07-29T09:42:00.000000Z,8.57879,8.57707
2015-07-29T09:42:10.000000Z,8.57886,8.57753
2015-07-29T09:42:20.000000Z,8.57879,8.57738
2015-07-29T09:42:30.000000Z,8.57879,8.57738
2015-07-29T09:42:50.000000Z,8.57856,8.57707
2015-07-29T09:43:00.000000Z,8.57856,8.5773
2015-07-29T09:43:10.000000Z,8.57896,8.57752
2015-07-29T09:43:20.000000Z,8.57827,8.5769
2015-07-29T09:43:30.000000Z,8.57834,8.57682
2015-07-29T09:43:40.000000Z,8.57889,8.57737
2015-07-29T09:44:20.000000Z,8.5764,8.57496
2015-07-29T09:44:30.000000Z,8.57424,8.57272
2015-07-29T09:44:40.000000Z,8.57494,8.57326
2015-07-29T09:44:50.000000Z,8.57493,8.57349
2015-07-29T09:45:00.000000Z,8.57493,8.57341
2015-07-29T09:45:10.000000Z,8.57506,8.57366
2015-07-29T09:45:20.000000Z,8.5756,8.57412
2015-07-29T09:45:30.000000Z,8.57509,8.57357
2015-07-29T09:45:40.000000Z,8.57532,8.57395
2015-07-29T09:45:50.000000Z,8.57552,8.57413
2015-07-29T09:46:00.000000Z,8.57556,8.57425
2015-07-29T09:46:10.000000Z,8.57673,8.57526
2015-07-29T09:46:20.000000Z,8.57634,8.57495
2015-07-29T09:46:30.000000Z,8.57603,8.57456
2015-07-29T09:46:50.000000Z,8.57471,8.57332
2015-07-29T09:47:00.000000Z,8.57564,8.57402
2015-07-29T09:47:10.000000Z,8.57562,8.57408
2015-07-29T09:47:20.000000Z,8.57492,8.57353
2015-07-29T09:47:30.000000Z,8.57492,8.57353
2015-07-29T09:47:40.000000Z,8.5757,8.57431
2015-07-29T09:47:50.000000Z,8.57612,8.57451
2015-07-29T09:48:00.000000Z,8.57565,8.57412
2015-07-29T09:48:10.000000Z,8.5762,8.57467
2015-07-29T09:48:20.000000Z,8.57592,8.57444
2015-07-29T09:48:40.000000Z,8.57722,8.57575
2015-07-29T09:48:50.000000Z,8.57753,8.57583
2015-07-29T09:49:00.000000Z,8.57729,8.5759
2015-07-29T09:49:10.000000Z,8.57729,8.5759
2015-07-29T09:49:20.000000Z,8.57838,8.57676
2015-07-29T09:49:40.000000Z,8.57815,8.57668
2015-07-29T09:49:50.000000Z,8.57807,8.57691
2015-07-29T09:50:00.000000Z,8.57856,8.5771
2015-07-29T09:50:10.000000Z,8.57732,8.57594
2015-07-29T09:50:20.000000Z,8.57615,8.57477
2015-07-29T09:50:30.000000Z,8.57561,8.57423
2015-07-29T09:50:40.000000Z,8.57546,8.574
2015-07-29T09:50:50.000000Z,8.57646,8.575
2015-07-29T09:51:00.000000Z,8.576,8.57447
2015-07-29T09:51:10.000000Z,8.57631,8.5747
2015-07-29T09:51:20.000000Z,8.57569,8.57408
2015-07-29T09:51:40.000000Z,8.57577,8.57439
2015-07-29T09:51:50.000000Z,8.57561,8.57415
2015-07-29T09:52:00.000000Z,8.57562,8.57414
2015-07-29T09:52:10.000000Z,8.57531,8.57391
2015-07-29T09:52:20.000000Z,8.57663,8.57515
2015-07-29T09:52:30.000000Z,8.57709,8.57561
2015-07-29T09:52:40.000000Z,8.57733,8.57593
2015-07-29T09:52:50.000000Z,8.57709,8.57569
2015-07-29T09:53:00.000000Z,8.57706,8.57569
2015-07-29T09:53:10.000000Z,8.57722,8.57585
2015-07-29T09:53:20.000000Z,8.57714,8.5757
2015-07-29T09:53:30.000000Z,8.57629,8.57492
2015-07-29T09:53:40.000000Z,8.57629,8.57469
2015-07-29T09:53:50.000000Z,8.57697,8.57547
2015-07-29T09:54:00.000000Z,8.57767,8.57625
2015-07-29T09:54:10.000000Z,8.57775,8.57625
2015-07-29T09:54:20.000000Z,8.57782,8.5764
2015-07-29T09:54:30.000000Z,8.57907,8.57749
2015-07-29T09:54:40.000000Z,8.57906,8.57756
2015-07-29T09:54:50.000000Z,8.57914,8.57772
2015-07-29T09:55:00.000000Z,8.57876,8.57718
2015-07-29T09:55:10.000000Z,8.5786,8.57718
2015-07-29T09:55:20.000000Z,8.57868,8.57726
2015-07-29T09:55:30.000000Z,8.5779,8.5764
2015-07-29T09:55:40.000000Z,8.57806,8.57664
2015-07-29T09:55:50.000000Z,8.57813,8.57671
2015-07-29T09:56:00.000000Z,8.578,8.57651
2015-07-29T09:56:10.000000Z,8.57715,8.57574
2015-07-29T09:56:20.000000Z,8.5773,8.57581
2015-07-29T09:56:30.000000Z,8.5777,8.57637
2015-07-29T09:56:40.000000Z,8.57786,8.57622
2015-07-29T09:56:50.000000Z,8.57789,8.57645
2015-07-29T09:57:00.000000Z,8.57792,8.57653
2015-07-29T09:57:10.000000Z,8.578,8.57661
2015-07-29T09:57:30.000000Z,8.57886,8.57739
2015-07-29T09:57:50.000000Z,8.57893,8.57746
2015-07-29T09:58:00.000000Z,8.57885,8.57746
2015-07-29T09:58:10.000000Z,8.57963,8.57824
2015-07-29T09:58:20.000000Z,8.57932,8.57793
2015-07-29T09:58:30.000000Z,8.57932,8.57793
2015-07-29T09:58:40.000000Z,8.57947,8.57816
2015-07-29T09:59:00.000000Z,8.57978,8.57839
2015-07-29T09:59:10.000000Z,8.57964,8.57821
2015-07-29T09:59:20.000000Z,8.57964,8.57833
2015-07-29T09:59:30.000000Z,8.57925,8.57794
2015-07-29T09:59:40.000000Z,8.57918,8.57779
2015-07-29T09:59:50.000000Z,8.58026,8.5788
2015-07-29T10:00:00.000000Z,8.57949,8.57803
2015-07-29T10:00:10.000000Z,8.57964,8.57826
2015-07-29T10:00:20.000000Z,8.57949,8.57811
2015-07-29T10:00:30.000000Z,8.57949,8.57803
2015-07-29T10:00:40.000000Z,8.57801,8.57647
2015-07-29T10:00:50.000000Z,8.57809,8.5767
2015-07-29T10:01:00.000000Z,8.5791,8.57763
2015-07-29T10:01:10.000000Z,8.57925,8.57778
2015-07-29T10:01:20.000000Z,8.57879,8.57733
2015-07-29T10:01:30.000000Z,8.58041,8.57888
2015-07-29T10:01:40.000000Z,8.57925,8.57779
2015-07-29T10:01:50.000000Z,8.5791,8.57764
2015-07-29T10:02:00.000000Z,8.57887,8.57741
2015-07-29T10:02:10.000000Z,8.57809,8.57663
2015-07-29T10:02:20.000000Z,8.57755,8.57609
2015-07-29T10:02:30.000000Z,8.57817,8.57664
2015-07-29T10:02:40.000000Z,8.57778,8.57632
2015-07-29T10:02:50.000000Z,8.5777,8.57624
2015-07-29T10:03:00.000000Z,8.57822,8.57676
2015-07-29T10:03:10.000000Z,8.57822,8.57668
2015-07-29T10:03:20.000000Z,8.57822,8.57675
2015-07-29T10:03:30.000000Z,8.57892,8.5773
2015-07-29T10:03:40.000000Z,8.57892,8.57745
2015-07-29T10:03:50.000000Z,8.57915,8.57776
2015-07-29T10:04:00.000000Z,8.57926,8.57774
2015-07-29T10:04:10.000000Z,8.57942,8.57798
2015-07-29T10:04:20.000000Z,8.57942,8.57798
2015-07-29T10:04:40.000000Z,8.57864,8.5772
2015-07-29T10:04:50.000000Z,8.57804,8.57657
2015-07-29T10:05:00.000000Z,8.57788,8.57641
2015-07-29T10:05:10.000000Z,8.57649,8.57502
2015-07-29T10:05:20.000000Z,8.57657,8.57517
2015-07-29T10:05:30.000000Z,8.57655,8.57509
2015-07-29T10:05:40.000000Z,8.57641,8.57502
2015-07-29T10:05:50.000000Z,8.57663,8.57535
2015-07-29T10:06:00.000000Z,8.57709,8.57566
2015-07-29T10:06:10.000000Z,8.57624,8.57504
2015-07-29T10:06:20.000000Z,8.57671,8.5753
2015-07-29T10:06:30.000000Z,8.57647,8.57485
2015-07-29T10:06:40.000000Z,8.57555,8.57402
2015-07-29T10:06:50.000000Z,8.57563,8.57425
2015-07-29T10:07:00.000000Z,8.57548,8.57387
2015-07-29T10:07:10.000000Z,8.57509,8.57356
2015-07-29T10:07:20.000000Z,8.57405,8.57267
2015-07-29T10:07:30.000000Z,8.57259,8.57111
2015-07-29T10:07:40.000000Z,8.57383,8.5722
2015-07-29T10:07:50.000000Z,8.57399,8.57245
2015-07-29T10:08:00.000000Z,8.57423,8.57276
2015-07-29T10:08:10.000000Z,8.57448,8.57287
2015-07-29T10:08:20.000000Z,8.57448,8.57295
2015-07-29T10:08:30.000000Z,8.57417,8.57271
2015-07-29T10:08:40.000000Z,8.57417,8.57279
2015-07-29T10:08:50.000000Z,8.57487,8.57334
2015-07-29T10:09:00.000000Z,8.5751,8.57372
2015-07-29T10:09:20.000000Z,8.57564,8.57411
2015-07-29T10:09:30.000000Z,8.57681,8.5752
2015-07-29T10:09:40.000000Z,8.57649,8.57496
2015-07-29T10:09:50.000000Z,8.57649,8.57496
2015-07-29T10:10:00.000000Z,8.57675,8.57533
2015-07-29T10:10:10.000000Z,8.57706,8.57582
2015-07-29T10:10:20.000000Z,8.57722,8.57582
2015-07-29T10:10:30.000000Z,8.57723,8.57581
2015-07-29T10:10:40.000000Z,8.57748,8.57595
2015-07-29T10:10:50.000000Z,8.5774,8.57579
2015-07-29T10:11:00.000000Z,8.57826,8.57688
2015-07-29T10:11:10.000000Z,8.57801,8.57643
2015-07-29T10:11:20.000000Z,8.57801,8.57643
2015-07-29T10:11:30.000000Z,8.57762,8.57597
2015-07-29T10:11:40.000000Z,8.5777,8.5762
2015-07-29T10:11:50.000000Z,8.57731,8.57589
2015-07-29T10:12:00.000000Z,8.5791,8.57752
2015-07-29T10:12:20.000000Z,8.57887,8.57729
2015-07-29T10:12:30.000000Z,8.57879,8.57729
2015-07-29T10:12:40.000000Z,8.57793,8.57651
2015-07-29T10:12:50.000000Z,8.57793,8.57643
2015-07-29T10:13:00.000000Z,8.5777,8.57628
2015-07-29T10:13:10.000000Z,8.57887,8.57729
2015-07-29T10:13:20.000000Z,8.57894,8.57744
2015-07-29T10:13:30.000000Z,8.57879,8.57721
2015-07-29T10:13:40.000000Z,8.57879,8.57721
2015-07-29T10:13:50.000000Z,8.5791,8.57752
2015-07-29T10:14:00.000000Z,8.57875,8.57721
2015-07-29T10:14:10.000000Z,8.57879,8.57715
2015-07-29T10:14:20.000000Z,8.57974,8.57821
2015-07-29T10:14:30.000000Z,8.57966,8.57805
2015-07-29T10:14:40.000000Z,8.57982,8.57821
2015-07-29T10:14:50.000000Z,8.58084,8.57874
2015-07-29T10:15:00.000000Z,8.58044,8.57872
2015-07-29T10:15:10.000000Z,8.57957,8.57793
2015-07-29T10:15:20.000000Z,8.5788,8.57723
2015-07-29T10:15:30.000000Z,8.57841,8.57684
2015-07-29T10:15:40.000000Z,8.57818,8.57661
2015-07-29T10:15:50.000000Z,8.57841,8.57692
2015-07-29T10:16:00.000000Z,8.57895,8.57746
2015-07-29T10:16:10.000000Z,8.57955,8.57809
2015-07-29T10:16:20.000000Z,8.58033,8.57895
2015-07-29T10:16:30.000000Z,8.57995,8.57853
2015-07-29T10:16:40.000000Z,8.57995,8.57845
2015-07-29T10:16:50.000000Z,8.57987,8.57845
2015-07-29T10:17:00.000000Z,8.57987,8.57822
2015-07-29T10:17:10.000000Z,8.57964,8.57806
2015-07-29T10:17:20.000000Z,8.58026,8.57876
2015-07-29T10:17:30.000000Z,8.58034,8.57892
2015-07-29T10:17:40.000000Z,8.57987,8.57845
2015-07-29T10:17:50.000000Z,8.58001,8.57858
2015-07-29T10:18:00.000000Z,8.57964,8.57818
2015-07-29T10:18:10.000000Z,8.57925,8.57764
2015-07-29T10:18:20.000000Z,8.57902,8.57764
2015-07-29T10:18:40.000000Z,8.5791,8.57764
2015-07-29T10:18:50.000000Z,8.57894,8.57741
2015-07-29T10:19:00.000000Z,8.5791,8.57764
2015-07-29T10:19:10.000000Z,8.57902,8.57749
2015-07-29T10:19:20.000000Z,8.57979,8.57849
2015-07-29T10:19:30.000000Z,8.57964,8.57826
2015-07-29T10:19:40.000000Z,8.57972,8.57826
2015-07-29T10:19:50.000000Z,8.57987,8.57834
2015-07-29T10:20:00.000000Z,8.57995,8.57842
2015-07-29T10:20:10.000000Z,8.57973,8.57829
2015-07-29T10:20:20.000000Z,8.57957,8.57828
2015-07-29T10:20:30.000000Z,8.57964,8.57821
2015-07-29T10:20:40.000000Z,8.57972,8.57828
2015-07-29T10:20:50.000000Z,8.57894,8.57734
2015-07-29T10:21:00.000000Z,8.57801,8.57649
2015-07-29T10:21:10.000000Z,8.57886,8.57742
2015-07-29T10:21:20.000000Z,8.5798,8.57812
2015-07-29T10:21:30.000000Z,8.57956,8.57804
2015-07-29T10:22:00.000000Z,8.57972,8.57835
2015-07-29T10:22:10.000000Z,8.57995,8.57835
2015-07-29T10:22:20.000000Z,8.5798,8.5782
2015-07-29T10:22:40.000000Z,8.57995,8.57858
2015-07-29T10:22:50.000000Z,8.57987,8.57874
2015-07-29T10:23:00.000000Z,8.5798,8.57843
2015-07-29T10:23:10.000000Z,8.58026,8.57879
2015-07-29T10:23:20.000000Z,8.57747,8.57608
2015-07-29T10:23:30.000000Z,8.57654,8.57507
2015-07-29T10:23:40.000000Z,8.57631,8.57484
2015-07-29T10:23:50.000000Z,8.576,8.57453
2015-07-29T10:24:00.000000Z,8.57615,8.57468
2015-07-29T10:24:10.000000Z,8.57491,8.57352
2015-07-29T10:24:20.000000Z,8.57507,8.57368
2015-07-29T10:24:30.000000Z,8.57499,8.57352
2015-07-29T10:24:40.000000Z,8.57577,8.5743
2015-07-29T10:24:50.000000Z,8.57553,8.57422
2015-07-29T10:25:00.000000Z,8.57569,8.57422
2015-07-29T10:25:10.000000Z,8.57584,8.57437
2015-07-29T10:25:20.000000Z,8.57631,8.57492
2015-07-29T10:25:30.000000Z,8.57584,8.57453
2015-07-29T10:25:40.000000Z,8.57577,8.5743
2015-07-29T10:25:50.000000Z,8.57538,8.57384
2015-07-29T10:26:00.000000Z,8.57507,8.57345
2015-07-29T10:26:10.000000Z,8.57411,8.57274
2015-07-29T10:26:20.000000Z,8.57494,8.5735
2015-07-29T10:26:30.000000Z,8.57502,8.5735
2015-07-29T10:26:50.000000Z,8.57518,8.57374
2015-07-29T10:27:00.000000Z,8.57518,8.57358
2015-07-29T10:27:20.000000Z,8.57514,8.57363
2015-07-29T10:27:30.000000Z,8.5753,8.57379
2015-07-29T10:27:40.000000Z,8.57499,8.57348
2015-07-29T10:27:50.000000Z,8.5753,8.57394
2015-07-29T10:28:00.000000Z,8.57615,8.57472
2015-07-29T10:28:10.000000Z,8.57615,8.57472
2015-07-29T10:28:20.000000Z,8.57607,8.57464
2015-07-29T10:28:30.000000Z,8.57607,8.57456
2015-07-29T10:28:50.000000Z,8.57584,8.57433
2015-07-29T10:29:10.000000Z,8.57615,8.57456
2015-07-29T10:29:20.000000Z,8.57607,8.57464
2015-07-29T10:29:30.000000Z,8.576,8.57464
2015-07-29T10:29:50.000000Z,8.57654,8.57503
2015-07-29T10:30:00.000000Z,8.57608,8.5748
2015-07-29T10:30:10.000000Z,8.57606,8.57456
2015-07-29T10:30:20.000000Z,8.57513,8.57371
2015-07-29T10:30:30.000000Z,8.57451,8.57309
2015-07-29T10:30:40.000000Z,8.57436,8.57278
2015-07-29T10:30:50.000000Z,8.57482,8.57332
2015-07-29T10:31:00.000000Z,8.57436,8.57286
2015-07-29T10:31:10.000000Z,8.57428,8.57286
2015-07-29T10:31:20.000000Z,8.57459,8.57317
