time,closeAsk,closeBid,volume
2015-08-11T15:13:25.000000Z,1.4052734375,1.404296875,1.0
2015-08-11T15:13:30.000000Z,1.4052734375,1.404296875,5.0
2015-08-11T15:13:35.000000Z,1.4052734375,1.404296875,3.0
2015-08-11T15:13:40.000000Z,1.4052734375,1.404296875,2.0
2015-08-11T15:13:45.000000Z,1.4052734375,1.404296875,2.0
2015-08-11T15:13:50.000000Z,1.4052734375,1.404296875,3.0
2015-08-11T15:13:55.000000Z,1.4052734375,1.404296875,5.0
2015-08-11T15:14:00.000000Z,1.4052734375,1.404296875,3.0
2015-08-11T15:14:05.000000Z,1.4052734375,1.404296875,2.0
2015-08-11T15:14:15.000000Z,1.4052734375,1.404296875,7.0
2015-08-11T15:14:20.000000Z,1.4052734375,1.404296875,7.0
2015-08-11T15:14:25.000000Z,1.4052734375,1.404296875,7.0
2015-08-11T15:14:30.000000Z,1.4052734375,1.404296875,13.0
2015-08-11T15:14:35.000000Z,1.404296875,1.404296875,11.0
2015-08-11T15:14:40.000000Z,1.404296875,1.404296875,6.0
2015-08-11T15:14:45.000000Z,1.404296875,1.404296875,3.0
2015-08-11T15:14:55.000000Z,1.404296875,1.404296875,2.0
2015-08-11T15:15:00.000000Z,1.404296875,1.404296875,3.0
2015-08-11T15:15:05.000000Z,1.404296875,1.404296875,3.0
2015-08-11T15:15:10.000000Z,1.404296875,1.404296875,2.0
2015-08-11T15:15:15.000000Z,1.404296875,1.404296875,1.0
2015-08-11T15:15:20.000000Z,1.404296875,1.404296875,4.0
2015-08-11T15:15:25.000000Z,1.404296875,1.404296875,3.0
2015-08-11T15:15:30.000000Z,1.404296875,1.404296875,1.0
2015-08-11T15:15:50.000000Z,1.404296875,1.404296875,2.0
2015-08-11T15:16:05.000000Z,1.404296875,1.404296875,1.0
2015-08-11T15:16:15.000000Z,1.404296875,1.404296875,4.0
2015-08-11T15:16:20.000000Z,1.404296875,1.404296875,9.0
2015-08-11T15:16:25.000000Z,1.404296875,1.404296875,4.0
2015-08-11T15:16:30.000000Z,1.404296875,1.404296875,2.0
2015-08-11T15:16:35.000000Z,1.404296875,1.404296875,3.0
2015-08-11T15:16:45.000000Z,1.404296875,1.404296875,18.0
2015-08-11T15:16:50.000000Z,1.404296875,1.404296875,6.0
2015-08-11T15:16:55.000000Z,1.404296875,1.404296875,14.0
2015-08-11T15:17:00.000000Z,1.4052734375,1.404296875,17.0
2015-08-11T15:17:05.000000Z,1.4052734375,1.404296875,4.0
2015-08-11T15:17:10.000000Z,1.4052734375,1.404296875,1.0
2015-08-11T15:17:15.000000Z,1.4052734375,1.404296875,16.0
2015-08-11T15:17:20.000000Z,1.4052734375,1.404296875,4.0
2015-08-11T15:17:25.000000Z,1.4052734375,1.404296875,1.0
2015-08-11T15:17:30.000000Z,1.4052734375,1.404296875,3.0
2015-08-11T15:17:35.000000Z,1.4052734375,1.404296875,8.0
2015-08-11T15:17:40.000000Z,1.4052734375,1.404296875,1.0
2015-08-11T15:17:45.000000Z,1.4052734375,1.404296875,2.0
2015-08-11T15:17:55.000000Z,1.4052734375,1.404296875,6.0
2015-08-11T15:18:00.000000Z,1.4052734375,1.404296875,1.0
2015-08-11T15:18:05.000000Z,1.4052734375,1.404296875,5.0
2015-08-11T15:18:10.000000Z,1.4052734375,1.404296875,4.0
2015-08-11T15:18:15.000000Z,1.4052734375,1.404296875,1.0
2015-08-11T15:18:20.000000Z,1.4052734375,1.404296875,6.0
2015-08-11T15:18:25.000000Z,1.4052734375,1.404296875,5.0
2015-08-11T15:18:30.000000Z,1.4052734375,1.404296875,3.0
2015-08-11T15:18:35.000000Z,1.4052734375,1.404296875,2.0
2015-08-11T15:18:40.000000Z,1.4052734375,1.404296875,4.0
2015-08-11T15:18:45.000000Z,1.4052734375,1.404296875,1.0
2015-08-11T15:18:50.000000Z,1.4052734375,1.404296875,8.0
2015-08-11T15:18:55.000000Z,1.4052734375,1.404296875,12.0
2015-08-11T15:19:05.000000Z,1.4052734375,1.404296875,12.0
2015-08-11T15:19:10.000000Z,1.4052734375,1.404296875,4.0
2015-08-11T15:19:15.000000Z,1.4052734375,1.404296875,6.0
2015-08-11T15:19:20.000000Z,1.4052734375,1.404296875,7.0
2015-08-11T15:19:25.000000Z,1.4052734375,1.404296875,1.0
2015-08-11T15:19:30.000000Z,1.4052734375,1.404296875,4.0
2015-08-11T15:19:35.000000Z,1.4052734375,1.404296875,4.0
2015-08-11T15:19:40.000000Z,1.4052734375,1.404296875,1.0
2015-08-11T15:19:45.000000Z,1.4052734375,1.404296875,4.0
2015-08-11T15:19:50.000000Z,1.4052734375,1.404296875,8.0
2015-08-11T15:19:55.000000Z,1.4052734375,1.404296875,15.0
2015-08-11T15:20:00.000000Z,1.4052734375,1.404296875,17.0
2015-08-11T15:20:05.000000Z,1.4052734375,1.404296875,7.0
2015-08-11T15:20:10.000000Z,1.4052734375,1.404296875,2.0
2015-08-11T15:20:15.000000Z,1.4052734375,1.404296875,6.0
2015-08-11T15:20:20.000000Z,1.4052734375,1.404296875,5.0
2015-08-11T15:20:25.000000Z,1.4052734375,1.404296875,7.0
2015-08-11T15:20:30.000000Z,1.4052734375,1.404296875,3.0
2015-08-11T15:20:35.000000Z,1.4052734375,1.404296875,2.0
2015-08-11T15:20:40.000000Z,1.4052734375,1.404296875,4.0
2015-08-11T15:20:45.000000Z,1.4052734375,1.404296875,1.0
2015-08-11T15:20:50.000000Z,1.4052734375,1.404296875,9.0
2015-08-11T15:20:55.000000Z,1.4052734375,1.404296875,2.0
2015-08-11T15:21:00.000000Z,1.4052734375,1.404296875,3.0
2015-08-11T15:21:05.000000Z,1.4052734375,1.404296875,11.0
2015-08-11T15:21:10.000000Z,1.4052734375,1.404296875,4.0
2015-08-11T15:21:15.000000Z,1.4052734375,1.404296875,2.0
2015-08-11T15:21:20.000000Z,1.4052734375,1.404296875,1.0
2015-08-11T15:21:25.000000Z,1.4052734375,1.404296875,1.0
2015-08-11T15:21:30.000000Z,1.4052734375,1.404296875,6.0
2015-08-11T15:21:35.000000Z,1.4052734375,1.404296875,3.0
2015-08-11T15:21:40.000000Z,1.4052734375,1.404296875,1.0
2015-08-11T15:21:45.000000Z,1.4052734375,1.404296875,2.0
2015-08-11T15:21:50.000000Z,1.4052734375,1.404296875,3.0
2015-08-11T15:21:55.000000Z,1.4052734375,1.404296875,1.0
2015-08-11T15:22:05.000000Z,1.4052734375,1.404296875,3.0
2015-08-11T15:22:10.000000Z,1.4052734375,1.404296875,1.0
2015-08-11T15:22:15.000000Z,1.4052734375,1.404296875,2.0
2015-08-11T15:22:40.000000Z,1.4052734375,1.404296875,2.0
2015-08-11T15:22:45.000000Z,1.4052734375,1.404296875,1.0
2015-08-11T15:22:50.000000Z,1.4052734375,1.404296875,5.0
2015-08-11T15:22:55.000000Z,1.4052734375,1.404296875,6.0
2015-08-11T15:23:00.000000Z,1.4052734375,1.404296875,19.0
2015-08-11T15:23:05.000000Z,1.4052734375,1.404296875,5.0
2015-08-11T15:23:10.000000Z,1.4052734375,1.404296875,2.0
2015-08-11T15:23:15.000000Z,1.4052734375,1.404296875,2.0
2015-08-11T15:23:20.000000Z,1.4052734375,1.404296875,7.0
2015-08-11T15:23:25.000000Z,1.4052734375,1.404296875,2.0
2015-08-11T15:23:30.000000Z,1.4052734375,1.404296875,2.0
2015-08-11T15:24:05.000000Z,1.4052734375,1.404296875,1.0
2015-08-11T15:24:10.000000Z,1.4052734375,1.404296875,3.0
2015-08-11T15:24:20.000000Z,1.4052734375,1.404296875,2.0
2015-08-11T15:24:25.000000Z,1.4052734375,1.404296875,1.0
2015-08-11T15:24:30.000000Z,1.4052734375,1.404296875,4.0
2015-08-11T15:24:35.000000Z,1.4052734375,1.404296875,4.0
2015-08-11T15:24:40.000000Z,1.4052734375,1.404296875,6.0
2015-08-11T15:24:45.000000Z,1.4052734375,1.404296875,1.0
2015-08-11T15:24:50.000000Z,1.4052734375,1.404296875,5.0
2015-08-11T15:24:55.000000Z,1.4052734375,1.404296875,3.0
2015-08-11T15:25:05.000000Z,1.4052734375,1.404296875,2.0
2015-08-11T15:25:15.000000Z,1.404296875,1.404296875,9.0
2015-08-11T15:25:20.000000Z,1.4052734375,1.404296875,4.0
2015-08-11T15:25:25.000000Z,1.404296875,1.404296875,4.0
2015-08-11T15:25:30.000000Z,1.4052734375,1.404296875,12.0
2015-08-11T15:25:35.000000Z,1.4052734375,1.404296875,7.0
2015-08-11T15:25:40.000000Z,1.4052734375,1.404296875,3.0
2015-08-11T15:25:50.000000Z,1.4052734375,1.404296875,3.0
2015-08-11T15:25:55.000000Z,1.4052734375,1.404296875,5.0
2015-08-11T15:26:00.000000Z,1.4052734375,1.404296875,6.0
2015-08-11T15:26:05.000000Z,1.4052734375,1.404296875,8.0
2015-08-11T15:26:15.000000Z,1.4052734375,1.404296875,3.0
2015-08-11T15:26:20.000000Z,1.4052734375,1.404296875,7.0
2015-08-11T15:26:25.000000Z,1.4052734375,1.404296875,3.0
2015-08-11T15:26:30.000000Z,1.4052734375,1.404296875,3.0
2015-08-11T15:26:35.000000Z,1.4052734375,1.404296875,3.0
2015-08-11T15:26:40.000000Z,1.4052734375,1.404296875,1.0
2015-08-11T15:26:45.000000Z,1.4052734375,1.404296875,2.0
2015-08-11T15:26:50.000000Z,1.4052734375,1.404296875,1.0
2015-08-11T15:26:55.000000Z,1.4052734375,1.404296875,2.0
2015-08-11T15:27:00.000000Z,1.4052734375,1.404296875,7.0
2015-08-11T15:27:10.000000Z,1.4052734375,1.404296875,11.0
2015-08-11T15:27:15.000000Z,1.4052734375,1.404296875,9.0
2015-08-11T15:27:20.000000Z,1.4052734375,1.404296875,13.0
2015-08-11T15:27:25.000000Z,1.4052734375,1.404296875,3.0
2015-08-11T15:27:30.000000Z,1.4052734375,1.404296875,2.0
2015-08-11T15:27:35.000000Z,1.4052734375,1.404296875,4.0
2015-08-11T15:27:40.000000Z,1.4052734375,1.404296875,9.0
2015-08-11T15:27:45.000000Z,1.4052734375,1.404296875,26.0
2015-08-11T15:27:50.000000Z,1.4052734375,1.404296875,5.0
2015-08-11T15:28:10.000000Z,1.4052734375,1.404296875,2.0
2015-08-11T15:28:25.000000Z,1.4052734375,1.404296875,1.0
2015-08-11T15:28:30.000000Z,1.4052734375,1.404296875,6.0
2015-08-11T15:28:35.000000Z,1.4052734375,1.404296875,5.0
2015-08-11T15:28:45.000000Z,1.4052734375,1.404296875,1.0
2015-08-11T15:28:50.000000Z,1.4052734375,1.404296875,3.0
2015-08-11T15:28:55.000000Z,1.4052734375,1.404296875,1.0
2015-08-11T15:29:00.000000Z,1.4052734375,1.404296875,2.0
2015-08-11T15:29:05.000000Z,1.4052734375,1.404296875,3.0
2015-08-11T15:29:10.000000Z,1.4052734375,1.404296875,4.0
2015-08-11T15:29:15.000000Z,1.4052734375,1.404296875,2.0
2015-08-11T15:29:20.000000Z,1.4052734375,1.404296875,10.0
2015-08-11T15:29:25.000000Z,1.4052734375,1.404296875,9.0
2015-08-11T15:29:30.000000Z,1.4052734375,1.404296875,3.0
2015-08-11T15:29:35.000000Z,1.4052734375,1.404296875,2.0
2015-08-11T15:29:45.000000Z,1.4052734375,1.404296875,6.0
2015-08-11T15:29:55.000000Z,1.4052734375,1.404296875,6.0
2015-08-11T15:30:00.000000Z,1.4052734375,1.404296875,3.0
2015-08-11T15:30:05.000000Z,1.4052734375,1.404296875,6.0
2015-08-11T15:30:10.000000Z,1.4052734375,1.404296875,2.0
2015-08-11T15:30:15.000000Z,1.4052734375,1.404296875,2.0
2015-08-11T15:30:20.000000Z,1.4052734375,1.404296875,4.0
2015-08-11T15:30:25.000000Z,1.4052734375,1.404296875,1.0
2015-08-11T15:30:30.000000Z,1.4052734375,1.404296875,1.0
2015-08-11T15:30:40.000000Z,1.4052734375,1.404296875,3.0
2015-08-11T15:30:45.000000Z,1.4052734375,1.404296875,2.0
2015-08-11T15:31:00.000000Z,1.4052734375,1.404296875,2.0
2015-08-11T15:31:10.000000Z,1.4052734375,1.404296875,1.0
2015-08-11T15:31:25.000000Z,1.4052734375,1.404296875,12.0
2015-08-11T15:31:30.000000Z,1.4052734375,1.404296875,2.0
2015-08-11T15:31:35.000000Z,1.4052734375,1.404296875,8.0
2015-08-11T15:31:40.000000Z,1.4052734375,1.404296875,2.0
2015-08-11T15:32:10.000000Z,1.4052734375,1.404296875,2.0
2015-08-11T15:32:15.000000Z,1.4052734375,1.404296875,14.0
2015-08-11T15:32:20.000000Z,1.4052734375,1.404296875,5.0
2015-08-11T15:32:25.000000Z,1.4052734375,1.404296875,5.0
2015-08-11T15:32:40.000000Z,1.4052734375,1.404296875,6.0
2015-08-11T15:32:45.000000Z,1.4052734375,1.404296875,6.0
2015-08-11T15:32:50.000000Z,1.4052734375,1.404296875,4.0
2015-08-11T15:32:55.000000Z,1.4052734375,1.404296875,3.0
2015-08-11T15:33:00.000000Z,1.4052734375,1.404296875,1.0
2015-08-11T15:33:05.000000Z,1.4052734375,1.404296875,3.0
2015-08-11T15:33:20.000000Z,1.4052734375,1.404296875,1.0
2015-08-11T15:33:30.000000Z,1.4052734375,1.404296875,1.0
2015-08-11T15:33:40.000000Z,1.4052734375,1.404296875,1.0
2015-08-11T15:33:45.000000Z,1.4052734375,1.404296875,1.0
2015-08-11T15:33:50.000000Z,1.4052734375,1.404296875,5.0
2015-08-11T15:33:55.000000Z,1.4052734375,1.404296875,2.0
2015-08-11T15:34:00.000000Z,1.4052734375,1.404296875,1.0
2015-08-11T15:34:05.000000Z,1.4052734375,1.404296875,1.0
2015-08-11T15:34:15.000000Z,1.4052734375,1.404296875,2.0
2015-08-11T15:34:20.000000Z,1.4052734375,1.404296875,3.0
2015-08-11T15:34:25.000000Z,1.4052734375,1.404296875,11.0
2015-08-11T15:34:35.000000Z,1.4052734375,1.404296875,2.0
2015-08-11T15:34:40.000000Z,1.4052734375,1.404296875,9.0
2015-08-11T15:34:50.000000Z,1.4052734375,1.404296875,3.0
2015-08-11T15:34:55.000000Z,1.4052734375,1.404296875,1.0
2015-08-11T15:35:00.000000Z,1.4052734375,1.404296875,2.0
2015-08-11T15:35:05.000000Z,1.4052734375,1.404296875,3.0
2015-08-11T15:35:10.000000Z,1.4052734375,1.404296875,4.0
2015-08-11T15:35:20.000000Z,1.4052734375,1.404296875,1.0
2015-08-11T15:35:25.000000Z,1.4052734375,1.404296875,3.0
2015-08-11T15:35:30.000000Z,1.4052734375,1.404296875,5.0
2015-08-11T15:35:35.000000Z,1.4052734375,1.404296875,4.0
2015-08-11T15:35:40.000000Z,1.4052734375,1.404296875,5.0
2015-08-11T15:35:45.000000Z,1.4052734375,1.404296875,2.0
2015-08-11T15:36:05.000000Z,1.4052734375,1.404296875,1.0
2015-08-11T15:36:10.000000Z,1.4052734375,1.404296875,5.0
2015-08-11T15:36:15.000000Z,1.4052734375,1.404296875,3.0
2015-08-11T15:36:20.000000Z,1.4052734375,1.404296875,1.0
2015-08-11T15:36:25.000000Z,1.4052734375,1.404296875,1.0
2015-08-11T15:36:35.000000Z,1.4052734375,1.404296875,3.0
2015-08-11T15:36:40.000000Z,1.4052734375,1.404296875,1.0
2015-08-11T15:36:50.000000Z,1.4052734375,1.404296875,1.0
2015-08-11T15:37:05.000000Z,1.404296875,1.404296875,5.0
2015-08-11T15:37:15.000000Z,1.404296875,1.404296875,2.0
2015-08-11T15:37:20.000000Z,1.404296875,1.404296875,2.0
2015-08-11T15:37:25.000000Z,1.404296875,1.404296875,5.0
2015-08-11T15:37:30.000000Z,1.4052734375,1.404296875,8.0
2015-08-11T15:37:35.000000Z,1.4052734375,1.404296875,1.0
2015-08-11T15:37:40.000000Z,1.4052734375,1.404296875,2.0
2015-08-11T15:37:45.000000Z,1.4052734375,1.404296875,2.0
2015-08-11T15:37:50.000000Z,1.4052734375,1.404296875,3.0
2015-08-11T15:37:55.000000Z,1.4052734375,1.404296875,4.0
2015-08-11T15:38:05.000000Z,1.4052734375,1.404296875,1.0
2015-08-11T15:38:10.000000Z,1.4052734375,1.404296875,10.0
2015-08-11T15:38:15.000000Z,1.4052734375,1.404296875,2.0
2015-08-11T15:38:20.000000Z,1.4052734375,1.404296875,4.0
2015-08-11T15:38:25.000000Z,1.4052734375,1.404296875,6.0
2015-08-11T15:38:30.000000Z,1.4052734375,1.404296875,5.0
2015-08-11T15:38:35.000000Z,1.4052734375,1.404296875,7.0
2015-08-11T15:38:40.000000Z,1.4052734375,1.404296875,12.0
2015-08-11T15:38:45.000000Z,1.4052734375,1.404296875,3.0
2015-08-11T15:38:50.000000Z,1.4052734375,1.404296875,9.0
2015-08-11T15:38:55.000000Z,1.4052734375,1.404296875,4.0
2015-08-11T15:39:00.000000Z,1.4052734375,1.404296875,2.0
2015-08-11T15:39:10.000000Z,1.4052734375,1.404296875,1.0
2015-08-11T15:39:15.000000Z,1.4052734375,1.404296875,4.0
2015-08-11T15:39:20.000000Z,1.4052734375,1.404296875,1.0
2015-08-11T15:39:25.000000Z,1.4052734375,1.404296875,2.0
2015-08-11T15:39:35.000000Z,1.4052734375,1.404296875,6.0
2015-08-11T15:39:40.000000Z,1.4052734375,1.404296875,3.0
2015-08-11T15:39:45.000000Z,1.4052734375,1.404296875,5.0
2015-08-11T15:39:50.000000Z,1.4052734375,1.404296875,10.0
2015-08-11T15:39:55.000000Z,1.4052734375,1.404296875,3.0
2015-08-11T15:40:00.000000Z,1.4052734375,1.404296875,5.0
2015-08-11T15:40:05.000000Z,1.4052734375,1.404296875,1.0
2015-08-11T15:40:10.000000Z,1.4052734375,1.404296875,5.0
2015-08-11T15:40:20.000000Z,1.4052734375,1.404296875,4.0
2015-08-11T15:40:25.000000Z,1.4052734375,1.404296875,1.0
2015-08-11T15:40:30.000000Z,1.4052734375,1.404296875,2.0
2015-08-11T15:40:55.000000Z,1.4052734375,1.404296875,3.0
2015-08-11T15:41:00.000000Z,1.4052734375,1.404296875,6.0
2015-08-11T15:41:05.000000Z,1.4052734375,1.404296875,4.0
2015-08-11T15:41:10.000000Z,1.4052734375,1.404296875,2.0
2015-08-11T15:41:20.000000Z,1.4052734375,1.404296875,6.0
2015-08-11T15:41:25.000000Z,1.4052734375,1.404296875,9.0
2015-08-11T15:41:40.000000Z,1.4052734375,1.404296875,3.0
2015-08-11T15:41:45.000000Z,1.4052734375,1.404296875,2.0
2015-08-11T15:42:00.000000Z,1.4052734375,1.404296875,6.0
2015-08-11T15:42:05.000000Z,1.4052734375,1.404296875,4.0
2015-08-11T15:42:10.000000Z,1.4052734375,1.404296875,5.0
2015-08-11T15:42:15.000000Z,1.4052734375,1.404296875,6.0
2015-08-11T15:42:20.000000Z,1.4052734375,1.404296875,1.0
2015-08-11T15:42:25.000000Z,1.4052734375,1.404296875,9.0
2015-08-11T15:42:30.000000Z,1.4052734375,1.404296875,5.0
2015-08-11T15:42:45.000000Z,1.4052734375,1.404296875,2.0
2015-08-11T15:42:50.000000Z,1.4052734375,1.404296875,1.0
2015-08-11T15:42:55.000000Z,1.4052734375,1.404296875,4.0
2015-08-11T15:43:00.000000Z,1.4052734375,1.404296875,2.0
2015-08-11T15:43:05.000000Z,1.4052734375,1.404296875,8.0
2015-08-11T15:43:10.000000Z,1.4052734375,1.404296875,2.0
2015-08-11T15:43:15.000000Z,1.4052734375,1.404296875,2.0
2015-08-11T15:43:25.000000Z,1.4052734375,1.404296875,1.0
2015-08-11T15:43:30.000000Z,1.4052734375,1.404296875,3.0
2015-08-11T15:43:35.000000Z,1.4052734375,1.404296875,1.0
2015-08-11T15:43:40.000000Z,1.4052734375,1.404296875,2.0
2015-08-11T15:43:45.000000Z,1.4052734375,1.404296875,3.0
2015-08-11T15:43:50.000000Z,1.4052734375,1.404296875,2.0
2015-08-11T15:44:00.000000Z,1.4052734375,1.404296875,4.0
2015-08-11T15:44:05.000000Z,1.4052734375,1.404296875,5.0
2015-08-11T15:44:10.000000Z,1.4052734375,1.404296875,2.0
2015-08-11T15:44:15.000000Z,1.4052734375,1.404296875,6.0
2015-08-11T15:44:20.000000Z,1.4052734375,1.404296875,1.0
2015-08-11T15:44:25.000000Z,1.4052734375,1.404296875,1.0
2015-08-11T15:44:30.000000Z,1.4052734375,1.404296875,3.0
2015-08-11T15:44:35.000000Z,1.4052734375,1.404296875,1.0
2015-08-11T15:44:40.000000Z,1.4052734375,1.404296875,2.0
2015-08-11T15:44:45.000000Z,1.4052734375,1.404296875,1.0
2015-08-11T15:44:50.000000Z,1.4052734375,1.404296875,1.0
2015-08-11T15:44:55.000000Z,1.4052734375,1.404296875,1.0
2015-08-11T15:45:05.000000Z,1.4052734375,1.404296875,1.0
2015-08-11T15:45:10.000000Z,1.4052734375,1.404296875,2.0
2015-08-11T15:45:15.000000Z,1.4052734375,1.404296875,3.0
2015-08-11T15:45:20.000000Z,1.4052734375,1.404296875,6.0
2015-08-11T15:45:25.000000Z,1.4052734375,1.404296875,20.0
2015-08-11T15:45:30.000000Z,1.4052734375,1.404296875,4.0
2015-08-11T15:45:35.000000Z,1.4052734375,1.404296875,13.0
2015-08-11T15:45:40.000000Z,1.4052734375,1.404296875,1.0
2015-08-11T15:45:50.000000Z,1.4052734375,1.404296875,4.0
2015-08-11T15:46:20.000000Z,1.4052734375,1.404296875,9.0
2015-08-11T15:46:25.000000Z,1.4052734375,1.404296875,2.0
2015-08-11T15:46:45.000000Z,1.4052734375,1.404296875,5.0
2015-08-11T15:46:50.000000Z,1.4052734375,1.404296875,5.0
2015-08-11T15:46:55.000000Z,1.4052734375,1.404296875,2.0
2015-08-11T15:47:00.000000Z,1.4052734375,1.404296875,8.0
2015-08-11T15:47:05.000000Z,1.4052734375,1.404296875,3.0
2015-08-11T15:47:10.000000Z,1.4052734375,1.404296875,8.0
2015-08-11T15:47:15.000000Z,1.4052734375,1.404296875,5.0
2015-08-11T15:47:20.000000Z,1.4052734375,1.404296875,2.0
2015-08-11T15:47:25.000000Z,1.4052734375,1.404296875,14.0
2015-08-11T15:47:30.000000Z,1.4052734375,1.404296875,17.0
2015-08-11T15:47:35.000000Z,1.4052734375,1.404296875,7.0
2015-08-11T15:47:40.000000Z,1.4052734375,1.404296875,12.0
2015-08-11T15:47:45.000000Z,1.4052734375,1.404296875,3.0
2015-08-11T15:47:50.000000Z,1.4052734375,1.404296875,4.0
2015-08-11T15:47:55.000000Z,1.4052734375,1.404296875,5.0
2015-08-11T15:48:00.000000Z,1.4052734375,1.404296875,2.0
2015-08-11T15:48:05.000000Z,1.4052734375,1.404296875,1.0
2015-08-11T15:48:10.000000Z,1.4052734375,1.404296875,2.0
2015-08-11T15:48:20.000000Z,1.4052734375,1.404296875,4.0
2015-08-11T15:48:25.000000Z,1.4052734375,1.404296875,4.0
2015-08-11T15:48:30.000000Z,1.4052734375,1.404296875,4.0
2015-08-11T15:48:35.000000Z,1.4052734375,1.404296875,2.0
2015-08-11T15:48:45.000000Z,1.4052734375,1.404296875,1.0
2015-08-11T15:48:50.000000Z,1.4052734375,1.404296875,4.0
2015-08-11T15:48:55.000000Z,1.4052734375,1.404296875,2.0
2015-08-11T15:49:00.000000Z,1.4052734375,1.404296875,10.0
2015-08-11T15:49:05.000000Z,1.4052734375,1.404296875,4.0
2015-08-11T15:49:10.000000Z,1.4052734375,1.404296875,1.0
2015-08-11T15:49:20.000000Z,1.4052734375,1.404296875,1.0
2015-08-11T15:49:25.000000Z,1.4052734375,1.404296875,1.0
2015-08-11T15:49:30.000000Z,1.4052734375,1.404296875,2.0
2015-08-11T15:49:35.000000Z,1.4052734375,1.404296875,2.0
2015-08-11T15:49:50.000000Z,1.4052734375,1.404296875,1.0
2015-08-11T15:49:55.000000Z,1.4052734375,1.404296875,1.0
2015-08-11T15:50:00.000000Z,1.4052734375,1.404296875,2.0
2015-08-11T15:50:05.000000Z,1.4052734375,1.404296875,9.0
2015-08-11T15:50:15.000000Z,1.4052734375,1.404296875,4.0
2015-08-11T15:50:20.000000Z,1.4052734375,1.404296875,1.0
2015-08-11T15:50:25.000000Z,1.4052734375,1.404296875,10.0
2015-08-11T15:50:30.000000Z,1.404296875,1.404296875,31.0
2015-08-11T15:50:35.000000Z,1.404296875,1.404296875,1.0
2015-08-11T15:50:40.000000Z,1.404296875,1.404296875,2.0
2015-08-11T15:50:45.000000Z,1.404296875,1.404296875,3.0
2015-08-11T15:50:50.000000Z,1.404296875,1.404296875,2.0
2015-08-11T15:51:00.000000Z,1.404296875,1.404296875,1.0
2015-08-11T15:51:05.000000Z,1.404296875,1.404296875,1.0
2015-08-11T15:51:15.000000Z,1.404296875,1.404296875,1.0
2015-08-11T15:51:25.000000Z,1.404296875,1.404296875,4.0
2015-08-11T15:51:30.000000Z,1.404296875,1.404296875,2.0
2015-08-11T15:51:35.000000Z,1.404296875,1.404296875,2.0
2015-08-11T15:51:45.000000Z,1.404296875,1.404296875,6.0
2015-08-11T15:51:50.000000Z,1.404296875,1.404296875,4.0
2015-08-11T15:51:55.000000Z,1.404296875,1.404296875,1.0
2015-08-11T15:52:00.000000Z,1.404296875,1.404296875,4.0
2015-08-11T15:52:05.000000Z,1.404296875,1.404296875,1.0
2015-08-11T15:52:10.000000Z,1.404296875,1.404296875,2.0
2015-08-11T15:52:15.000000Z,1.404296875,1.404296875,7.0
2015-08-11T15:52:25.000000Z,1.404296875,1.404296875,2.0
2015-08-11T15:52:30.000000Z,1.404296875,1.404296875,1.0
2015-08-11T15:52:35.000000Z,1.404296875,1.404296875,3.0
2015-08-11T15:52:45.000000Z,1.404296875,1.404296875,1.0
2015-08-11T15:52:50.000000Z,1.404296875,1.404296875,4.0
2015-08-11T15:52:55.000000Z,1.404296875,1.404296875,2.0
2015-08-11T15:53:00.000000Z,1.404296875,1.404296875,5.0
2015-08-11T15:53:05.000000Z,1.404296875,1.404296875,6.0
2015-08-11T15:53:10.000000Z,1.404296875,1.404296875,3.0
2015-08-11T15:53:15.000000Z,1.404296875,1.404296875,14.0
2015-08-11T15:53:20.000000Z,1.404296875,1.404296875,3.0
2015-08-11T15:53:25.000000Z,1.404296875,1.404296875,4.0
2015-08-11T15:53:30.000000Z,1.404296875,1.404296875,2.0
2015-08-11T15:53:40.000000Z,1.404296875,1.404296875,3.0
2015-08-11T15:54:05.000000Z,1.404296875,1.404296875,10.0
2015-08-11T15:54:15.000000Z,1.404296875,1.404296875,7.0
2015-08-11T15:54:25.000000Z,1.404296875,1.404296875,2.0
2015-08-11T15:54:30.000000Z,1.404296875,1.404296875,5.0
2015-08-11T15:54:35.000000Z,1.404296875,1.404296875,1.0
2015-08-11T15:54:45.000000Z,1.404296875,1.404296875,1.0
2015-08-11T15:54:50.000000Z,1.404296875,1.404296875,3.0
2015-08-11T15:55:00.000000Z,1.404296875,1.404296875,2.0
2015-08-11T15:55:10.000000Z,1.404296875,1.404296875,6.0
2015-08-11T15:55:15.000000Z,1.404296875,1.404296875,3.0
2015-08-11T15:55:20.000000Z,1.404296875,1.404296875,3.0
2015-08-11T15:55:25.000000Z,1.404296875,1.404296875,1.0
2015-08-11T15:55:50.000000Z,1.404296875,1.404296875,26.0
2015-08-11T15:55:55.000000Z,1.404296875,1.404296875,20.0
2015-08-11T15:56:00.000000Z,1.404296875,1.404296875,5.0
2015-08-11T15:56:15.000000Z,1.404296875,1.404296875,2.0
2015-08-11T15:56:20.000000Z,1.404296875,1.404296875,1.0
2015-08-11T15:56:55.000000Z,1.404296875,1.404296875,3.0
2015-08-11T15:57:00.000000Z,1.404296875,1.404296875,37.0
2015-08-11T15:57:05.000000Z,1.404296875,1.404296875,4.0
2015-08-11T15:57:10.000000Z,1.404296875,1.404296875,17.0
2015-08-11T15:57:15.000000Z,1.404296875,1.404296875,11.0
2015-08-11T15:57:20.000000Z,1.404296875,1.404296875,4.0
2015-08-11T15:57:25.000000Z,1.404296875,1.404296875,2.0
2015-08-11T15:57:45.000000Z,1.404296875,1.404296875,1.0
2015-08-11T15:57:50.000000Z,1.404296875,1.404296875,1.0
2015-08-11T15:58:00.000000Z,1.404296875,1.404296875,11.0
2015-08-11T15:58:05.000000Z,1.404296875,1.404296875,22.0
2015-08-11T15:58:10.000000Z,1.404296875,1.404296875,31.0
2015-08-11T15:58:15.000000Z,1.404296875,1.404296875,25.0
2015-08-11T15:58:20.000000Z,1.404296875,1.404296875,3.0
2015-08-11T15:58:25.000000Z,1.404296875,1.404296875,2.0
2015-08-11T15:58:30.000000Z,1.404296875,1.404296875,36.0
2015-08-11T15:58:35.000000Z,1.404296875,1.404296875,7.0
2015-08-11T15:58:55.000000Z,1.404296875,1.404296875,1.0
2015-08-11T15:59:10.000000Z,1.404296875,1.4033203125,14.0
2015-08-11T15:59:15.000000Z,1.404296875,1.4033203125,6.0
2015-08-11T15:59:20.000000Z,1.404296875,1.4033203125,2.0
2015-08-11T15:59:30.000000Z,1.404296875,1.4033203125,1.0
2015-08-11T15:59:35.000000Z,1.404296875,1.4033203125,15.0
2015-08-11T15:59:40.000000Z,1.404296875,1.4033203125,42.0
2015-08-11T15:59:45.000000Z,1.404296875,1.4033203125,18.0
2015-08-11T15:59:50.000000Z,1.404296875,1.4033203125,3.0
2015-08-11T15:59:55.000000Z,1.404296875,1.4033203125,18.0
2015-08-11T16:00:00.000000Z,1.404296875,1.4033203125,10.0
2015-08-11T16:00:05.000000Z,1.404296875,1.4033203125,4.0
2015-08-11T16:00:10.000000Z,1.404296875,1.4033203125,6.0
2015-08-11T16:00:15.000000Z,1.4033203125,1.4033203125,29.0
2015-08-11T16:00:20.000000Z,1.4033203125,1.4033203125,32.0
2015-08-11T16:00:25.000000Z,1.4033203125,1.4033203125,6.0
2015-08-11T16:00:30.000000Z,1.4033203125,1.4033203125,18.0
2015-08-11T16:00:35.000000Z,1.4033203125,1.4033203125,4.0
2015-08-11T16:00:40.000000Z,1.4033203125,1.4033203125,3.0
2015-08-11T16:00:45.000000Z,1.4033203125,1.4033203125,15.0
2015-08-11T16:00:50.000000Z,1.4033203125,1.4033203125,5.0
2015-08-11T16:00:55.000000Z,1.4033203125,1.4033203125,7.0
2015-08-11T16:01:00.000000Z,1.4033203125,1.4033203125,1.0
2015-08-11T16:01:05.000000Z,1.404296875,1.4033203125,21.0
2015-08-11T16:01:10.000000Z,1.4033203125,1.4033203125,21.0
2015-08-11T16:01:15.000000Z,1.404296875,1.4033203125,5.0
2015-08-11T16:01:20.000000Z,1.404296875,1.4033203125,10.0
2015-08-11T16:01:25.000000Z,1.404296875,1.4033203125,2.0
2015-08-11T16:01:30.000000Z,1.404296875,1.4033203125,2.0
2015-08-11T16:01:35.000000Z,1.404296875,1.4033203125,1.0
2015-08-11T16:01:40.000000Z,1.404296875,1.4033203125,4.0
2015-08-11T16:01:45.000000Z,1.404296875,1.4033203125,3.0
2015-08-11T16:01:50.000000Z,1.404296875,1.4033203125,1.0
2015-08-11T16:01:55.000000Z,1.404296875,1.4033203125,2.0
2015-08-11T16:02:00.000000Z,1.4033203125,1.4033203125,17.0
2015-08-11T16:02:05.000000Z,1.4033203125,1.4033203125,4.0
2015-08-11T16:02:10.000000Z,1.4033203125,1.4033203125,10.0
2015-08-11T16:02:15.000000Z,1.4033203125,1.4033203125,1.0
2015-08-11T16:02:20.000000Z,1.4033203125,1.4033203125,8.0
2015-08-11T16:02:25.000000Z,1.4033203125,1.4033203125,1.0
2015-08-11T16:02:30.000000Z,1.4033203125,1.4033203125,1.0
2015-08-11T16:02:35.000000Z,1.4033203125,1.4033203125,14.0
2015-08-11T16:02:40.000000Z,1.4033203125,1.4033203125,3.0
2015-08-11T16:02:45.000000Z,1.404296875,1.4033203125,10.0
2015-08-11T16:02:50.000000Z,1.404296875,1.4033203125,1.0
2015-08-11T16:02:55.000000Z,1.4033203125,1.4033203125,18.0
2015-08-11T16:03:00.000000Z,1.404296875,1.4033203125,21.0
2015-08-11T16:03:05.000000Z,1.404296875,1.4033203125,3.0
2015-08-11T16:03:10.000000Z,1.404296875,1.4033203125,12.0
2015-08-11T16:03:15.000000Z,1.4033203125,1.4033203125,7.0
2015-08-11T16:03:20.000000Z,1.4033203125,1.4033203125,4.0
2015-08-11T16:03:25.000000Z,1.4033203125,1.4033203125,4.0
2015-08-11T16:03:30.000000Z,1.4033203125,1.4033203125,3.0
2015-08-11T16:03:35.000000Z,1.4033203125,1.4033203125,10.0
2015-08-11T16:03:40.000000Z,1.4033203125,1.4033203125,3.0
2015-08-11T16:03:55.000000Z,1.4033203125,1.4033203125,6.0
2015-08-11T16:04:00.000000Z,1.4033203125,1.4033203125,1.0
2015-08-11T16:04:10.000000Z,1.4033203125,1.40234375,43.0
2015-08-11T16:04:15.000000Z,1.4033203125,1.40234375,4.0
2015-08-11T16:04:20.000000Z,1.4033203125,1.40234375,11.0
2015-08-11T16:04:25.000000Z,1.4033203125,1.40234375,6.0
2015-08-11T16:04:30.000000Z,1.4033203125,1.40234375,7.0
2015-08-11T16:04:35.000000Z,1.4033203125,1.40234375,8.0
2015-08-11T16:04:40.000000Z,1.4033203125,1.40234375,12.0
2015-08-11T16:04:45.000000Z,1.4033203125,1.40234375,19.0
2015-08-11T16:04:50.000000Z,1.4033203125,1.40234375,9.0
2015-08-11T16:04:55.000000Z,1.4033203125,1.40234375,13.0
2015-08-11T16:05:00.000000Z,1.4033203125,1.40234375,14.0
2015-08-11T16:05:05.000000Z,1.4033203125,1.40234375,9.0
2015-08-11T16:05:10.000000Z,1.4033203125,1.40234375,6.0
2015-08-11T16:05:15.000000Z,1.4033203125,1.40234375,25.0
2015-08-11T16:05:20.000000Z,1.4033203125,1.40234375,8.0
2015-08-11T16:05:25.000000Z,1.4033203125,1.40234375,4.0
2015-08-11T16:05:30.000000Z,1.4033203125,1.40234375,6.0
2015-08-11T16:05:40.000000Z,1.4033203125,1.40234375,5.0
2015-08-11T16:05:45.000000Z,1.4033203125,1.40234375,15.0
2015-08-11T16:05:50.000000Z,1.4033203125,1.40234375,8.0
2015-08-11T16:05:55.000000Z,1.4033203125,1.40234375,2.0
2015-08-11T16:06:00.000000Z,1.4033203125,1.40234375,16.0
2015-08-11T16:06:05.000000Z,1.4033203125,1.40234375,3.0
2015-08-11T16:06:10.000000Z,1.4033203125,1.40234375,14.0
2015-08-11T16:06:15.000000Z,1.4033203125,1.40234375,4.0
2015-08-11T16:06:20.000000Z,1.4033203125,1.40234375,7.0
2015-08-11T16:06:25.000000Z,1.4033203125,1.40234375,1.0
2015-08-11T16:06:30.000000Z,1.4033203125,1.40234375,4.0
2015-08-11T16:06:35.000000Z,1.4033203125,1.40234375,6.0
2015-08-11T16:06:40.000000Z,1.4033203125,1.40234375,15.0
2015-08-11T16:06:45.000000Z,1.4033203125,1.40234375,14.0
2015-08-11T16:06:50.000000Z,1.4033203125,1.40234375,10.0
2015-08-11T16:06:55.000000Z,1.4033203125,1.40234375,6.0
2015-08-11T16:07:10.000000Z,1.4033203125,1.40234375,1.0
2015-08-11T16:07:25.000000Z,1.4033203125,1.40234375,1.0
2015-08-11T16:07:45.000000Z,1.4033203125,1.40234375,1.0
2015-08-11T16:07:50.000000Z,1.4033203125,1.40234375,8.0
2015-08-11T16:07:55.000000Z,1.4033203125,1.40234375,3.0
2015-08-11T16:08:00.000000Z,1.4033203125,1.40234375,1.0
2015-08-11T16:08:05.000000Z,1.4033203125,1.40234375,10.0
2015-08-11T16:08:10.000000Z,1.4033203125,1.40234375,1.0
2015-08-11T16:08:15.000000Z,1.4033203125,1.40234375,2.0
2015-08-11T16:08:20.000000Z,1.4033203125,1.40234375,14.0
2015-08-11T16:08:25.000000Z,1.4033203125,1.40234375,2.0
2015-08-11T16:08:35.000000Z,1.4033203125,1.40234375,2.0
2015-08-11T16:08:40.000000Z,1.4033203125,1.40234375,1.0
2015-08-11T16:08:50.000000Z,1.4033203125,1.40234375,18.0
2015-08-11T16:08:55.000000Z,1.4033203125,1.40234375,1.0
2015-08-11T16:09:00.000000Z,1.4033203125,1.40234375,11.0
2015-08-11T16:09:05.000000Z,1.4033203125,1.40234375,3.0
2015-08-11T16:09:10.000000Z,1.4033203125,1.40234375,3.0
2015-08-11T16:09:25.000000Z,1.4033203125,1.40234375,1.0
2015-08-11T16:09:30.000000Z,1.4033203125,1.40234375,2.0
2015-08-11T16:09:40.000000Z,1.4033203125,1.40234375,3.0
2015-08-11T16:09:50.000000Z,1.4033203125,1.40234375,1.0
2015-08-11T16:09:55.000000Z,1.4033203125,1.40234375,7.0
2015-08-11T16:10:00.000000Z,1.4033203125,1.40234375,1.0
2015-08-11T16:10:05.000000Z,1.4033203125,1.40234375,3.0
2015-08-11T16:10:10.000000Z,1.4033203125,1.40234375,8.0
2015-08-11T16:10:15.000000Z,1.4033203125,1.40234375,14.0
2015-08-11T16:10:20.000000Z,1.4033203125,1.40234375,5.0
2015-08-11T16:10:25.000000Z,1.4033203125,1.40234375,26.0
2015-08-11T16:10:30.000000Z,1.4033203125,1.40234375,12.0
2015-08-11T16:10:35.000000Z,1.4033203125,1.40234375,8.0
2015-08-11T16:10:40.000000Z,1.4033203125,1.40234375,7.0
2015-08-11T16:10:45.000000Z,1.4033203125,1.40234375,1.0
2015-08-11T16:10:50.000000Z,1.4033203125,1.40234375,14.0
2015-08-11T16:10:55.000000Z,1.4033203125,1.40234375,14.0
2015-08-11T16:11:00.000000Z,1.4033203125,1.4033203125,2.0
2015-08-11T16:11:05.000000Z,1.4033203125,1.40234375,3.0
2015-08-11T16:11:10.000000Z,1.4033203125,1.40234375,2.0
2015-08-11T16:11:15.000000Z,1.4033203125,1.4033203125,1.0
2015-08-11T16:11:20.000000Z,1.4033203125,1.4033203125,8.0
2015-08-11T16:11:25.000000Z,1.4033203125,1.4033203125,2.0
2015-08-11T16:11:35.000000Z,1.4033203125,1.4033203125,4.0
2015-08-11T16:11:45.000000Z,1.4033203125,1.40234375,7.0
2015-08-11T16:11:50.000000Z,1.4033203125,1.40234375,18.0
2015-08-11T16:11:55.000000Z,1.4033203125,1.40234375,23.0
2015-08-11T16:12:00.000000Z,1.4033203125,1.40234375,2.0
2015-08-11T16:12:05.000000Z,1.4033203125,1.40234375,7.0
2015-08-11T16:12:10.000000Z,1.4033203125,1.40234375,5.0
2015-08-11T16:12:15.000000Z,1.4033203125,1.40234375,11.0
2015-08-11T16:12:20.000000Z,1.4033203125,1.40234375,10.0
2015-08-11T16:12:25.000000Z,1.4033203125,1.40234375,7.0
2015-08-11T16:12:30.000000Z,1.4033203125,1.40234375,7.0
2015-08-11T16:12:35.000000Z,1.4033203125,1.40234375,3.0
2015-08-11T16:12:45.000000Z,1.4033203125,1.40234375,3.0
2015-08-11T16:12:50.000000Z,1.4033203125,1.40234375,2.0
2015-08-11T16:12:55.000000Z,1.4033203125,1.40234375,4.0
2015-08-11T16:13:00.000000Z,1.4033203125,1.40234375,1.0
2015-08-11T16:13:05.000000Z,1.4033203125,1.40234375,8.0
2015-08-11T16:13:10.000000Z,1.4033203125,1.40234375,5.0
2015-08-11T16:13:25.000000Z,1.4033203125,1.40234375,3.0
2015-08-11T16:13:30.000000Z,1.4033203125,1.40234375,7.0
2015-08-11T16:13:35.000000Z,1.4033203125,1.40234375,27.0
2015-08-11T16:13:40.000000Z,1.4033203125,1.40234375,3.0
2015-08-11T16:13:45.000000Z,1.4033203125,1.40234375,12.0
2015-08-11T16:13:55.000000Z,1.4033203125,1.40234375,6.0
2015-08-11T16:14:00.000000Z,1.4033203125,1.40234375,9.0
2015-08-11T16:14:05.000000Z,1.4033203125,1.40234375,3.0
2015-08-11T16:14:10.000000Z,1.4033203125,1.40234375,4.0
2015-08-11T16:14:15.000000Z,1.4033203125,1.40234375,1.0
2015-08-11T16:14:25.000000Z,1.4033203125,1.40234375,4.0
2015-08-11T16:14:35.000000Z,1.4033203125,1.40234375,6.0
2015-08-11T16:14:40.000000Z,1.4033203125,1.40234375,10.0
2015-08-11T16:14:45.000000Z,1.4033203125,1.40234375,3.0
2015-08-11T16:14:50.000000Z,1.4033203125,1.40234375,13.0
2015-08-11T16:14:55.000000Z,1.4033203125,1.40234375,17.0
2015-08-11T16:15:00.000000Z,1.4033203125,1.4033203125,10.0
2015-08-11T16:15:05.000000Z,1.4033203125,1.40234375,7.0
2015-08-11T16:15:10.000000Z,1.4033203125,1.40234375,3.0
2015-08-11T16:15:15.000000Z,1.4033203125,1.40234375,5.0
2015-08-11T16:15:20.000000Z,1.4033203125,1.40234375,2.0
2015-08-11T16:15:30.000000Z,1.4033203125,1.40234375,5.0
2015-08-11T16:15:35.000000Z,1.4033203125,1.40234375,1.0
2015-08-11T16:15:40.000000Z,1.4033203125,1.40234375,3.0
2015-08-11T16:15:55.000000Z,1.4033203125,1.40234375,1.0
2015-08-11T16:16:00.000000Z,1.4033203125,1.4033203125,7.0
2015-08-11T16:16:05.000000Z,1.4033203125,1.40234375,16.0
2015-08-11T16:16:10.000000Z,1.4033203125,1.40234375,4.0
2015-08-11T16:16:15.000000Z,1.4033203125,1.40234375,1.0
2015-08-11T16:16:30.000000Z,1.4033203125,1.40234375,2.0
2015-08-11T16:16:40.000000Z,1.4033203125,1.40234375,3.0
2015-08-11T16:16:55.000000Z,1.4033203125,1.40234375,15.0
2015-08-11T16:17:00.000000Z,1.4033203125,1.40234375,27.0
2015-08-11T16:17:05.000000Z,1.4033203125,1.40234375,30.0
2015-08-11T16:17:10.000000Z,1.4033203125,1.40234375,31.0
2015-08-11T16:17:15.000000Z,1.4033203125,1.40234375,25.0
2015-08-11T16:17:35.000000Z,1.4033203125,1.4013671875,25.0
2015-08-11T16:17:40.000000Z,1.4033203125,1.4013671875,53.0
2015-08-11T16:17:45.000000Z,1.4033203125,1.40234375,23.0
2015-08-11T16:17:50.000000Z,1.4033203125,1.40234375,7.0
2015-08-11T16:17:55.000000Z,1.4033203125,1.40234375,7.0
2015-08-11T16:18:00.000000Z,1.4033203125,1.40234375,5.0
2015-08-11T16:18:05.000000Z,1.4033203125,1.40234375,5.0
2015-08-11T16:18:10.000000Z,1.4033203125,1.40234375,15.0
2015-08-11T16:18:15.000000Z,1.4033203125,1.40234375,19.0
2015-08-11T16:18:20.000000Z,1.4033203125,1.40234375,2.0
2015-08-11T16:18:25.000000Z,1.4033203125,1.40234375,4.0
2015-08-11T16:18:30.000000Z,1.4033203125,1.40234375,1.0
2015-08-11T16:18:35.000000Z,1.40234375,1.4013671875,28.0
2015-08-11T16:18:50.000000Z,1.40234375,1.4013671875,5.0
2015-08-11T16:18:55.000000Z,1.4033203125,1.4013671875,9.0
2015-08-11T16:19:00.000000Z,1.4033203125,1.40234375,22.0
2015-08-11T16:19:05.000000Z,1.4033203125,1.40234375,5.0
2015-08-11T16:19:10.000000Z,1.4033203125,1.40234375,4.0
2015-08-11T16:19:15.000000Z,1.4033203125,1.40234375,8.0
2015-08-11T16:19:20.000000Z,1.4033203125,1.40234375,1.0
2015-08-11T16:19:25.000000Z,1.4033203125,1.40234375,1.0
2015-08-11T16:19:40.000000Z,1.4033203125,1.40234375,6.0
2015-08-11T16:19:45.000000Z,1.4033203125,1.40234375,6.0
2015-08-11T16:19:50.000000Z,1.4033203125,1.40234375,3.0
2015-08-11T16:19:55.000000Z,1.4033203125,1.40234375,1.0
2015-08-11T16:20:05.000000Z,1.4033203125,1.40234375,3.0
2015-08-11T16:20:10.000000Z,1.4033203125,1.40234375,1.0
2015-08-11T16:20:15.000000Z,1.4033203125,1.40234375,3.0
2015-08-11T16:20:20.000000Z,1.4033203125,1.40234375,3.0
2015-08-11T16:20:25.000000Z,1.4033203125,1.40234375,2.0
2015-08-11T16:20:30.000000Z,1.4033203125,1.40234375,1.0
2015-08-11T16:20:35.000000Z,1.4033203125,1.40234375,3.0
2015-08-11T16:20:40.000000Z,1.4033203125,1.40234375,3.0
2015-08-11T16:20:50.000000Z,1.4033203125,1.40234375,2.0
2015-08-11T16:20:55.000000Z,1.4033203125,1.40234375,1.0
2015-08-11T16:21:05.000000Z,1.4033203125,1.40234375,4.0
2015-08-11T16:21:10.000000Z,1.4033203125,1.40234375,4.0
2015-08-11T16:21:20.000000Z,1.4033203125,1.40234375,1.0
2015-08-11T16:21:25.000000Z,1.4033203125,1.40234375,12.0
2015-08-11T16:21:30.000000Z,1.4033203125,1.40234375,18.0
2015-08-11T16:21:35.000000Z,1.4033203125,1.40234375,4.0
2015-08-11T16:21:40.000000Z,1.4033203125,1.40234375,12.0
2015-08-11T16:21:45.000000Z,1.4033203125,1.40234375,5.0
2015-08-11T16:21:50.000000Z,1.4033203125,1.40234375,1.0
2015-08-11T16:21:55.000000Z,1.4033203125,1.40234375,3.0
2015-08-11T16:22:00.000000Z,1.4033203125,1.40234375,2.0
2015-08-11T16:22:05.000000Z,1.4033203125,1.40234375,4.0
2015-08-11T16:22:10.000000Z,1.4033203125,1.40234375,2.0
2015-08-11T16:22:15.000000Z,1.4033203125,1.40234375,1.0
2015-08-11T16:22:20.000000Z,1.4033203125,1.40234375,3.0
2015-08-11T16:22:25.000000Z,1.4033203125,1.40234375,3.0
2015-08-11T16:22:30.000000Z,1.4033203125,1.40234375,4.0
2015-08-11T16:22:35.000000Z,1.4033203125,1.40234375,1.0
2015-08-11T16:22:40.000000Z,1.4033203125,1.40234375,2.0
2015-08-11T16:22:50.000000Z,1.4033203125,1.40234375,1.0
2015-08-11T16:22:55.000000Z,1.4033203125,1.40234375,1.0
2015-08-11T16:23:00.000000Z,1.4033203125,1.40234375,4.0
2015-08-11T16:23:05.000000Z,1.4033203125,1.40234375,6.0
2015-08-11T16:23:10.000000Z,1.4033203125,1.40234375,2.0
2015-08-11T16:23:15.000000Z,1.4033203125,1.40234375,7.0
2015-08-11T16:23:20.000000Z,1.4033203125,1.40234375,3.0
2015-08-11T16:23:30.000000Z,1.4033203125,1.40234375,4.0
2015-08-11T16:23:35.000000Z,1.4033203125,1.40234375,6.0
2015-08-11T16:23:40.000000Z,1.4033203125,1.40234375,2.0
2015-08-11T16:23:45.000000Z,1.4033203125,1.40234375,1.0
2015-08-11T16:24:00.000000Z,1.4033203125,1.40234375,13.0
2015-08-11T16:24:05.000000Z,1.4033203125,1.40234375,14.0
2015-08-11T16:24:10.000000Z,1.4033203125,1.40234375,7.0
2015-08-11T16:24:15.000000Z,1.4033203125,1.40234375,2.0
2015-08-11T16:24:20.000000Z,1.4033203125,1.40234375,3.0
2015-08-11T16:24:25.000000Z,1.4033203125,1.40234375,5.0
2015-08-11T16:24:30.000000Z,1.4033203125,1.40234375,6.0
2015-08-11T16:24:35.000000Z,1.4033203125,1.40234375,7.0
2015-08-11T16:24:45.000000Z,1.4033203125,1.40234375,13.0
2015-08-11T16:24:50.000000Z,1.4033203125,1.40234375,2.0
2015-08-11T16:24:55.000000Z,1.4033203125,1.40234375,5.0
2015-08-11T16:25:00.000000Z,1.4033203125,1.40234375,5.0
2015-08-11T16:25:10.000000Z,1.4033203125,1.40234375,6.0
2015-08-11T16:25:15.000000Z,1.4033203125,1.40234375,4.0
2015-08-11T16:25:30.000000Z,1.4033203125,1.40234375,14.0
2015-08-11T16:25:35.000000Z,1.40234375,1.40234375,1.0
2015-08-11T16:25:40.000000Z,1.40234375,1.40234375,2.0
2015-08-11T16:25:50.000000Z,1.40234375,1.40234375,1.0
2015-08-11T16:25:55.000000Z,1.4033203125,1.40234375,18.0
2015-08-11T16:26:00.000000Z,1.4033203125,1.40234375,21.0
2015-08-11T16:26:05.000000Z,1.4033203125,1.40234375,8.0
2015-08-11T16:26:10.000000Z,1.4033203125,1.40234375,4.0
2015-08-11T16:26:20.000000Z,1.4033203125,1.40234375,3.0
2015-08-11T16:26:25.000000Z,1.4033203125,1.40234375,2.0
2015-08-11T16:26:30.000000Z,1.4033203125,1.40234375,9.0
2015-08-11T16:26:35.000000Z,1.4033203125,1.40234375,4.0
2015-08-11T16:26:40.000000Z,1.4033203125,1.40234375,4.0
2015-08-11T16:26:50.000000Z,1.4033203125,1.40234375,5.0
2015-08-11T16:26:55.000000Z,1.4033203125,1.40234375,1.0
2015-08-11T16:27:00.000000Z,1.4033203125,1.40234375,1.0
2015-08-11T16:27:05.000000Z,1.4033203125,1.40234375,1.0
2015-08-11T16:27:10.000000Z,1.4033203125,1.40234375,1.0
2015-08-11T16:27:20.000000Z,1.4033203125,1.40234375,1.0
2015-08-11T16:27:25.000000Z,1.4033203125,1.40234375,1.0
2015-08-11T16:27:30.000000Z,1.4033203125,1.40234375,2.0
2015-08-11T16:27:35.000000Z,1.4033203125,1.40234375,1.0
2015-08-11T16:27:40.000000Z,1.4033203125,1.40234375,6.0
2015-08-11T16:27:45.000000Z,1.4033203125,1.40234375,2.0
2015-08-11T16:27:50.000000Z,1.4033203125,1.40234375,1.0
2015-08-11T16:27:55.000000Z,1.4033203125,1.40234375,6.0
2015-08-11T16:28:00.000000Z,1.4033203125,1.40234375,3.0
2015-08-11T16:28:05.000000Z,1.4033203125,1.40234375,5.0
2015-08-11T16:28:15.000000Z,1.40234375,1.40234375,21.0
2015-08-11T16:28:20.000000Z,1.4033203125,1.40234375,5.0
2015-08-11T16:28:25.000000Z,1.4033203125,1.40234375,4.0
2015-08-11T16:28:30.000000Z,1.4033203125,1.40234375,2.0
2015-08-11T16:28:35.000000Z,1.4033203125,1.40234375,3.0
2015-08-11T16:28:40.000000Z,1.4033203125,1.40234375,4.0
2015-08-11T16:28:45.000000Z,1.4033203125,1.40234375,12.0
2015-08-11T16:28:50.000000Z,1.40234375,1.40234375,6.0
2015-08-11T16:28:55.000000Z,1.4033203125,1.40234375,3.0
2015-08-11T16:29:05.000000Z,1.4033203125,1.40234375,6.0
2015-08-11T16:29:10.000000Z,1.4033203125,1.40234375,6.0
2015-08-11T16:29:20.000000Z,1.4033203125,1.40234375,11.0
2015-08-11T16:29:25.000000Z,1.40234375,1.40234375,2.0
2015-08-11T16:29:30.000000Z,1.4033203125,1.40234375,6.0
2015-08-11T16:29:35.000000Z,1.4033203125,1.40234375,4.0
2015-08-11T16:29:40.000000Z,1.4033203125,1.40234375,3.0
2015-08-11T16:29:45.000000Z,1.4033203125,1.40234375,4.0
2015-08-11T16:29:50.000000Z,1.4033203125,1.40234375,1.0
2015-08-11T16:30:00.000000Z,1.4033203125,1.40234375,3.0
2015-08-11T16:30:05.000000Z,1.4033203125,1.40234375,1.0
2015-08-11T16:30:10.000000Z,1.4033203125,1.40234375,1.0
2015-08-11T16:30:15.000000Z,1.4033203125,1.40234375,3.0
2015-08-11T16:30:20.000000Z,1.4033203125,1.40234375,3.0
2015-08-11T16:30:30.000000Z,1.4033203125,1.40234375,2.0
2015-08-11T16:30:40.000000Z,1.4033203125,1.40234375,1.0
2015-08-11T16:30:45.000000Z,1.4033203125,1.40234375,4.0
2015-08-11T16:31:00.000000Z,1.4033203125,1.40234375,6.0
2015-08-11T16:31:05.000000Z,1.4033203125,1.40234375,3.0
2015-08-11T16:31:10.000000Z,1.4033203125,1.40234375,2.0
2015-08-11T16:31:15.000000Z,1.4033203125,1.40234375,10.0
2015-08-11T16:31:20.000000Z,1.4033203125,1.40234375,3.0
2015-08-11T16:31:25.000000Z,1.4033203125,1.40234375,3.0
2015-08-11T16:31:30.000000Z,1.4033203125,1.40234375,7.0
2015-08-11T16:31:35.000000Z,1.4033203125,1.40234375,5.0
2015-08-11T16:31:40.000000Z,1.4033203125,1.40234375,7.0
2015-08-11T16:31:50.000000Z,1.4033203125,1.40234375,1.0
2015-08-11T16:31:55.000000Z,1.4033203125,1.40234375,1.0
2015-08-11T16:32:40.000000Z,1.4033203125,1.40234375,6.0
2015-08-11T16:32:50.000000Z,1.4033203125,1.40234375,2.0
2015-08-11T16:32:55.000000Z,1.4033203125,1.40234375,1.0
2015-08-11T16:33:00.000000Z,1.4033203125,1.40234375,3.0
2015-08-11T16:33:05.000000Z,1.4033203125,1.40234375,2.0
2015-08-11T16:33:10.000000Z,1.4033203125,1.40234375,3.0
2015-08-11T16:33:15.000000Z,1.4033203125,1.40234375,1.0
2015-08-11T16:33:20.000000Z,1.4033203125,1.40234375,5.0
2015-08-11T16:33:35.000000Z,1.4033203125,1.40234375,2.0
2015-08-11T16:33:45.000000Z,1.4033203125,1.40234375,3.0
2015-08-11T16:33:50.000000Z,1.4033203125,1.40234375,1.0
2015-08-11T16:33:55.000000Z,1.4033203125,1.40234375,15.0
2015-08-11T16:34:00.000000Z,1.4033203125,1.40234375,20.0
2015-08-11T16:34:05.000000Z,1.4033203125,1.40234375,10.0
2015-08-11T16:34:10.000000Z,1.4033203125,1.40234375,8.0
2015-08-11T16:34:15.000000Z,1.4033203125,1.40234375,8.0
2015-08-11T16:34:20.000000Z,1.4033203125,1.40234375,1.0
2015-08-11T16:34:25.000000Z,1.4033203125,1.40234375,2.0
2015-08-11T16:34:35.000000Z,1.4033203125,1.40234375,10.0
2015-08-11T16:34:40.000000Z,1.4033203125,1.40234375,1.0
2015-08-11T16:34:55.000000Z,1.4033203125,1.40234375,4.0
2015-08-11T16:35:00.000000Z,1.4033203125,1.40234375,1.0
2015-08-11T16:35:05.000000Z,1.4033203125,1.40234375,1.0
2015-08-11T16:35:10.000000Z,1.4033203125,1.40234375,3.0
2015-08-11T16:35:25.000000Z,1.4033203125,1.40234375,3.0
2015-08-11T16:35:30.000000Z,1.4033203125,1.40234375,10.0
2015-08-11T16:35:35.000000Z,1.4033203125,1.40234375,1.0
2015-08-11T16:35:50.000000Z,1.4033203125,1.40234375,3.0
2015-08-11T16:35:55.000000Z,1.4033203125,1.40234375,3.0
2015-08-11T16:36:05.000000Z,1.4033203125,1.40234375,7.0
2015-08-11T16:36:10.000000Z,1.4033203125,1.40234375,7.0
2015-08-11T16:36:15.000000Z,1.4033203125,1.40234375,4.0
2015-08-11T16:36:20.000000Z,1.4033203125,1.40234375,1.0
2015-08-11T16:36:30.000000Z,1.4033203125,1.40234375,1.0
2015-08-11T16:36:35.000000Z,1.4033203125,1.40234375,3.0
2015-08-11T16:36:40.000000Z,1.4033203125,1.40234375,6.0
2015-08-11T16:36:50.000000Z,1.4033203125,1.40234375,1.0
2015-08-11T16:37:15.000000Z,1.4033203125,1.40234375,1.0
2015-08-11T16:37:20.000000Z,1.4033203125,1.40234375,2.0
2015-08-11T16:37:25.000000Z,1.4033203125,1.40234375,1.0
2015-08-11T16:37:35.000000Z,1.4033203125,1.40234375,1.0
2015-08-11T16:37:40.000000Z,1.4033203125,1.40234375,6.0
2015-08-11T16:37:45.000000Z,1.4033203125,1.40234375,3.0
2015-08-11T16:37:50.000000Z,1.4033203125,1.40234375,1.0
2015-08-11T16:38:05.000000Z,1.4033203125,1.40234375,1.0
2015-08-11T16:38:10.000000Z,1.4033203125,1.40234375,5.0
2015-08-11T16:38:15.000000Z,1.4033203125,1.40234375,2.0
2015-08-11T16:38:20.000000Z,1.4033203125,1.40234375,1.0
2015-08-11T16:38:30.000000Z,1.4033203125,1.40234375,3.0
2015-08-11T16:38:35.000000Z,1.4033203125,1.40234375,1.0
2015-08-11T16:38:40.000000Z,1.4033203125,1.40234375,1.0
2015-08-11T16:38:45.000000Z,1.4033203125,1.40234375,2.0
2015-08-11T16:38:55.000000Z,1.4033203125,1.40234375,1.0
2015-08-11T16:39:20.000000Z,1.4033203125,1.40234375,2.0
2015-08-11T16:39:25.000000Z,1.4033203125,1.40234375,5.0
2015-08-11T16:39:35.000000Z,1.4033203125,1.40234375,1.0
2015-08-11T16:39:45.000000Z,1.4033203125,1.40234375,2.0
2015-08-11T16:39:50.000000Z,1.4033203125,1.40234375,1.0
2015-08-11T16:39:55.000000Z,1.4033203125,1.40234375,2.0
2015-08-11T16:40:00.000000Z,1.4033203125,1.40234375,1.0
2015-08-11T16:40:05.000000Z,1.4033203125,1.40234375,8.0
2015-08-11T16:40:20.000000Z,1.4033203125,1.40234375,1.0
2015-08-11T16:40:25.000000Z,1.4033203125,1.40234375,1.0
2015-08-11T16:40:40.000000Z,1.4033203125,1.40234375,4.0
2015-08-11T16:40:45.000000Z,1.4033203125,1.40234375,2.0
2015-08-11T16:40:50.000000Z,1.4033203125,1.40234375,1.0
2015-08-11T16:41:10.000000Z,1.4033203125,1.40234375,1.0
2015-08-11T16:41:15.000000Z,1.4033203125,1.40234375,13.0
2015-08-11T16:41:20.000000Z,1.4033203125,1.40234375,14.0
2015-08-11T16:41:25.000000Z,1.4033203125,1.40234375,3.0
2015-08-11T16:41:40.000000Z,1.4033203125,1.40234375,25.0
2015-08-11T16:41:45.000000Z,1.4033203125,1.40234375,12.0
2015-08-11T16:41:50.000000Z,1.4033203125,1.40234375,21.0
2015-08-11T16:42:20.000000Z,1.4033203125,1.40234375,3.0
2015-08-11T16:42:35.000000Z,1.4033203125,1.40234375,4.0
2015-08-11T16:42:40.000000Z,1.4033203125,1.40234375,1.0
2015-08-11T16:42:45.000000Z,1.4033203125,1.40234375,1.0
2015-08-11T16:42:50.000000Z,1.4033203125,1.40234375,1.0
2015-08-11T16:43:00.000000Z,1.4033203125,1.40234375,31.0
2015-08-11T16:43:05.000000Z,1.4033203125,1.40234375,24.0
2015-08-11T16:43:10.000000Z,1.4033203125,1.40234375,2.0
2015-08-11T16:43:20.000000Z,1.4033203125,1.40234375,11.0
2015-08-11T16:43:25.000000Z,1.4033203125,1.40234375,39.0
2015-08-11T16:43:30.000000Z,1.4033203125,1.40234375,14.0
2015-08-11T16:43:35.000000Z,1.4033203125,1.40234375,25.0
2015-08-11T16:43:40.000000Z,1.4033203125,1.40234375,46.0
2015-08-11T16:43:45.000000Z,1.4033203125,1.40234375,24.0
2015-08-11T16:43:50.000000Z,1.4033203125,1.40234375,2.0
2015-08-11T16:43:55.000000Z,1.404296875,1.40234375,43.0
2015-08-11T16:44:00.000000Z,1.4033203125,1.40234375,17.0
2015-08-11T16:44:05.000000Z,1.4033203125,1.40234375,21.0
2015-08-11T16:44:10.000000Z,1.4033203125,1.40234375,3.0
2015-08-11T16:44:15.000000Z,1.4033203125,1.40234375,6.0
2015-08-11T16:44:20.000000Z,1.4033203125,1.40234375,2.0
2015-08-11T16:44:45.000000Z,1.404296875,1.40234375,30.0
2015-08-11T16:44:50.000000Z,1.404296875,1.40234375,7.0
2015-08-11T16:44:55.000000Z,1.4033203125,1.40234375,48.0
2015-08-11T16:45:00.000000Z,1.4033203125,1.40234375,10.0
2015-08-11T16:45:05.000000Z,1.4033203125,1.40234375,1.0
2015-08-11T16:45:10.000000Z,1.4033203125,1.40234375,13.0
2015-08-11T16:45:15.000000Z,1.404296875,1.40234375,30.0
2015-08-11T16:45:20.000000Z,1.4033203125,1.40234375,27.0
2015-08-11T16:45:25.000000Z,1.4033203125,1.40234375,8.0
2015-08-11T16:45:35.000000Z,1.4033203125,1.40234375,3.0
2015-08-11T16:45:40.000000Z,1.4033203125,1.40234375,3.0
2015-08-11T16:45:45.000000Z,1.4033203125,1.40234375,2.0
2015-08-11T16:45:50.000000Z,1.4033203125,1.40234375,3.0
2015-08-11T16:46:00.000000Z,1.4033203125,1.40234375,2.0
2015-08-11T16:46:10.000000Z,1.4033203125,1.40234375,2.0
2015-08-11T16:46:20.000000Z,1.4033203125,1.40234375,2.0
2015-08-11T16:46:25.000000Z,1.4033203125,1.40234375,1.0
2015-08-11T16:46:40.000000Z,1.4033203125,1.40234375,1.0
2015-08-11T16:46:45.000000Z,1.4033203125,1.40234375,1.0
2015-08-11T16:46:50.000000Z,1.4033203125,1.40234375,1.0
2015-08-11T16:47:10.000000Z,1.4033203125,1.40234375,3.0
2015-08-11T16:47:15.000000Z,1.4033203125,1.40234375,1.0
2015-08-11T16:47:20.000000Z,1.4033203125,1.40234375,1.0
2015-08-11T16:47:40.000000Z,1.4033203125,1.40234375,2.0
2015-08-11T16:47:45.000000Z,1.4033203125,1.40234375,1.0
2015-08-11T16:47:55.000000Z,1.4033203125,1.40234375,2.0
2015-08-11T16:48:05.000000Z,1.4033203125,1.40234375,4.0
2015-08-11T16:48:10.000000Z,1.4033203125,1.40234375,6.0
2015-08-11T16:48:15.000000Z,1.4033203125,1.40234375,1.0
2015-08-11T16:48:20.000000Z,1.4033203125,1.40234375,3.0
2015-08-11T16:48:25.000000Z,1.4033203125,1.40234375,1.0
2015-08-11T16:48:35.000000Z,1.4033203125,1.40234375,1.0
2015-08-11T16:48:40.000000Z,1.4033203125,1.40234375,1.0
2015-08-11T16:48:50.000000Z,1.4033203125,1.40234375,23.0
2015-08-11T16:48:55.000000Z,1.4033203125,1.40234375,5.0
2015-08-11T16:49:00.000000Z,1.4033203125,1.40234375,1.0
2015-08-11T16:49:05.000000Z,1.4033203125,1.40234375,1.0
2015-08-11T16:49:10.000000Z,1.4033203125,1.40234375,2.0
2015-08-11T16:49:15.000000Z,1.4033203125,1.4033203125,14.0
2015-08-11T16:49:20.000000Z,1.4033203125,1.40234375,4.0
2015-08-11T16:49:25.000000Z,1.4033203125,1.40234375,14.0
2015-08-11T16:49:40.000000Z,1.4033203125,1.40234375,13.0
2015-08-11T16:49:45.000000Z,1.404296875,1.40234375,18.0
2015-08-11T16:49:50.000000Z,1.4033203125,1.40234375,7.0
2015-08-11T16:49:55.000000Z,1.4033203125,1.40234375,1.0
2015-08-11T16:50:00.000000Z,1.4033203125,1.4033203125,12.0
2015-08-11T16:50:05.000000Z,1.4033203125,1.4033203125,1.0
2015-08-11T16:50:10.000000Z,1.4033203125,1.4033203125,16.0
2015-08-11T16:50:15.000000Z,1.4033203125,1.4033203125,7.0
2015-08-11T16:50:20.000000Z,1.4033203125,1.4033203125,1.0
2015-08-11T16:50:30.000000Z,1.4033203125,1.4033203125,8.0
2015-08-11T16:50:40.000000Z,1.4033203125,1.4033203125,1.0
2015-08-11T16:50:50.000000Z,1.4033203125,1.4033203125,1.0
2015-08-11T16:50:55.000000Z,1.404296875,1.4033203125,6.0
2015-08-11T16:51:00.000000Z,1.404296875,1.4033203125,19.0
2015-08-11T16:51:05.000000Z,1.4033203125,1.4033203125,7.0
2015-08-11T16:51:30.000000Z,1.4033203125,1.40234375,18.0
2015-08-11T16:51:35.000000Z,1.4033203125,1.40234375,1.0
2015-08-11T16:51:45.000000Z,1.4033203125,1.40234375,2.0
2015-08-11T16:53:05.000000Z,1.4033203125,1.40234375,1.0
2015-08-11T16:53:30.000000Z,1.4033203125,1.40234375,1.0
2015-08-11T16:53:35.000000Z,1.4033203125,1.40234375,1.0
2015-08-11T16:54:00.000000Z,1.4033203125,1.40234375,1.0
2015-08-11T16:54:05.000000Z,1.4033203125,1.40234375,1.0
2015-08-11T16:54:15.000000Z,1.4033203125,1.40234375,1.0
2015-08-11T16:54:25.000000Z,1.4033203125,1.40234375,1.0
2015-08-11T16:54:30.000000Z,1.4033203125,1.40234375,7.0
2015-08-11T16:54:35.000000Z,1.4033203125,1.40234375,35.0
2015-08-11T16:54:40.000000Z,1.404296875,1.40234375,35.0
2015-08-11T16:54:45.000000Z,1.4033203125,1.40234375,18.0
2015-08-11T16:54:50.000000Z,1.4033203125,1.40234375,3.0
2015-08-11T16:54:55.000000Z,1.4033203125,1.40234375,2.0
2015-08-11T16:55:00.000000Z,1.404296875,1.4033203125,17.0
2015-08-11T16:55:05.000000Z,1.404296875,1.40234375,33.0
2015-08-11T16:55:10.000000Z,1.404296875,1.40234375,48.0
2015-08-11T16:55:15.000000Z,1.404296875,1.40234375,16.0
2015-08-11T16:55:20.000000Z,1.4033203125,1.40234375,13.0
2015-08-11T16:55:30.000000Z,1.4033203125,1.40234375,4.0
2015-08-11T16:55:40.000000Z,1.4033203125,1.40234375,1.0
2015-08-11T16:55:50.000000Z,1.4033203125,1.40234375,1.0
2015-08-11T16:56:00.000000Z,1.4033203125,1.40234375,3.0
2015-08-11T16:56:10.000000Z,1.4033203125,1.40234375,2.0
2015-08-11T16:56:30.000000Z,1.4033203125,1.40234375,2.0
2015-08-11T16:56:40.000000Z,1.4033203125,1.40234375,16.0
2015-08-11T16:56:45.000000Z,1.4033203125,1.40234375,13.0
2015-08-11T16:56:50.000000Z,1.4033203125,1.4033203125,36.0
2015-08-11T16:56:55.000000Z,1.4033203125,1.4033203125,42.0
2015-08-11T16:57:00.000000Z,1.4033203125,1.4033203125,7.0
2015-08-11T16:57:10.000000Z,1.4033203125,1.4033203125,2.0
2015-08-11T16:57:20.000000Z,1.4033203125,1.4033203125,1.0
2015-08-11T16:57:35.000000Z,1.4033203125,1.40234375,14.0
2015-08-11T16:57:40.000000Z,1.4033203125,1.40234375,1.0
2015-08-11T16:57:50.000000Z,1.4033203125,1.40234375,8.0
2015-08-11T16:57:55.000000Z,1.4033203125,1.40234375,4.0
2015-08-11T16:58:00.000000Z,1.4033203125,1.40234375,17.0
2015-08-11T16:58:05.000000Z,1.4033203125,1.40234375,14.0
2015-08-11T16:58:10.000000Z,1.4033203125,1.40234375,2.0
2015-08-11T16:58:20.000000Z,1.4033203125,1.40234375,2.0
2015-08-11T16:58:30.000000Z,1.4033203125,1.4033203125,21.0
2015-08-11T16:58:35.000000Z,1.4033203125,1.4033203125,1.0
2015-08-11T16:58:40.000000Z,1.4033203125,1.4033203125,22.0
2015-08-11T16:58:45.000000Z,1.4033203125,1.4033203125,2.0
2015-08-11T16:59:00.000000Z,1.4033203125,1.4033203125,2.0
2015-08-11T16:59:05.000000Z,1.4033203125,1.4033203125,1.0
2015-08-11T16:59:10.000000Z,1.4033203125,1.4033203125,1.0
2015-08-11T16:59:15.000000Z,1.4033203125,1.4033203125,2.0
2015-08-11T16:59:20.000000Z,1.4033203125,1.4033203125,1.0
2015-08-11T16:59:25.000000Z,1.4033203125,1.4033203125,4.0
2015-08-11T16:59:30.000000Z,1.4033203125,1.4033203125,3.0
2015-08-11T16:59:35.000000Z,1.4033203125,1.4033203125,6.0
2015-08-11T16:59:40.000000Z,1.4033203125,1.4033203125,29.0
2015-08-11T16:59:45.000000Z,1.4033203125,1.4033203125,26.0
2015-08-11T16:59:50.000000Z,1.4033203125,1.4033203125,3.0
2015-08-11T16:59:55.000000Z,1.4033203125,1.4033203125,5.0
2015-08-11T17:00:00.000000Z,1.4033203125,1.4033203125,3.0
2015-08-11T17:00:15.000000Z,1.4033203125,1.4033203125,7.0
2015-08-11T17:00:20.000000Z,1.4033203125,1.4033203125,1.0
2015-08-11T17:00:25.000000Z,1.4033203125,1.4033203125,3.0
2015-08-11T17:00:30.000000Z,1.4033203125,1.4033203125,2.0
2015-08-11T17:00:50.000000Z,1.4033203125,1.4033203125,2.0
2015-08-11T17:01:00.000000Z,1.4033203125,1.4033203125,8.0
2015-08-11T17:01:05.000000Z,1.4033203125,1.4033203125,6.0
2015-08-11T17:01:20.000000Z,1.4033203125,1.4033203125,1.0
2015-08-11T17:01:30.000000Z,1.4033203125,1.4033203125,1.0
2015-08-11T17:01:40.000000Z,1.4033203125,1.4033203125,1.0
2015-08-11T17:01:45.000000Z,1.4033203125,1.4033203125,2.0
2015-08-11T17:01:50.000000Z,1.4033203125,1.4033203125,3.0
2015-08-11T17:01:55.000000Z,1.4033203125,1.4033203125,5.0
2015-08-11T17:02:00.000000Z,1.4033203125,1.4033203125,3.0
2015-08-11T17:02:05.000000Z,1.4033203125,1.4033203125,1.0
2015-08-11T17:02:10.000000Z,1.4033203125,1.40234375,36.0
2015-08-11T17:02:15.000000Z,1.4033203125,1.40234375,17.0
2015-08-11T17:02:20.000000Z,1.4033203125,1.40234375,1.0
2015-08-11T17:02:25.000000Z,1.4033203125,1.40234375,3.0
2015-08-11T17:02:30.000000Z,1.4033203125,1.40234375,1.0
2015-08-11T17:02:35.000000Z,1.4033203125,1.40234375,1.0
2015-08-11T17:02:40.000000Z,1.4033203125,1.40234375,1.0
2015-08-11T17:02:55.000000Z,1.4033203125,1.40234375,1.0
2015-08-11T17:03:00.000000Z,1.40234375,1.40234375,14.0
2015-08-11T17:03:05.000000Z,1.40234375,1.40234375,7.0
2015-08-11T17:03:15.000000Z,1.4033203125,1.40234375,5.0
2015-08-11T17:03:20.000000Z,1.40234375,1.40234375,8.0
2015-08-11T17:03:25.000000Z,1.40234375,1.40234375,2.0
2015-08-11T17:03:30.000000Z,1.40234375,1.40234375,4.0
2015-08-11T17:03:35.000000Z,1.40234375,1.40234375,1.0
2015-08-11T17:03:40.000000Z,1.40234375,1.40234375,1.0
2015-08-11T17:03:45.000000Z,1.40234375,1.40234375,7.0
2015-08-11T17:03:50.000000Z,1.40234375,1.40234375,11.0
2015-08-11T17:03:55.000000Z,1.40234375,1.40234375,5.0
2015-08-11T17:04:00.000000Z,1.4033203125,1.40234375,7.0
2015-08-11T17:04:05.000000Z,1.4033203125,1.40234375,5.0
2015-08-11T17:04:10.000000Z,1.4033203125,1.40234375,2.0
2015-08-11T17:04:15.000000Z,1.4033203125,1.40234375,1.0
2015-08-11T17:04:20.000000Z,1.4033203125,1.40234375,2.0
2015-08-11T17:04:25.000000Z,1.4033203125,1.40234375,3.0
2015-08-11T17:04:30.000000Z,1.4033203125,1.40234375,3.0
2015-08-11T17:04:45.000000Z,1.4033203125,1.40234375,4.0
2015-08-11T17:04:50.000000Z,1.4033203125,1.40234375,10.0
2015-08-11T17:04:55.000000Z,1.4033203125,1.40234375,6.0
2015-08-11T17:05:00.000000Z,1.4033203125,1.40234375,1.0
2015-08-11T17:05:05.000000Z,1.40234375,1.40234375,10.0
2015-08-11T17:05:10.000000Z,1.40234375,1.40234375,1.0
2015-08-11T17:05:15.000000Z,1.4033203125,1.40234375,15.0
2015-08-11T17:05:20.000000Z,1.4033203125,1.40234375,9.0
2015-08-11T17:05:25.000000Z,1.4033203125,1.40234375,9.0
2015-08-11T17:05:30.000000Z,1.4033203125,1.40234375,11.0
2015-08-11T17:05:35.000000Z,1.4033203125,1.40234375,1.0
2015-08-11T17:05:40.000000Z,1.4033203125,1.40234375,2.0
2015-08-11T17:05:50.000000Z,1.4033203125,1.40234375,2.0
2015-08-11T17:05:55.000000Z,1.4033203125,1.40234375,1.0
2015-08-11T17:06:00.000000Z,1.4033203125,1.40234375,2.0
2015-08-11T17:06:10.000000Z,1.4033203125,1.40234375,1.0
2015-08-11T17:06:15.000000Z,1.4033203125,1.40234375,1.0
2015-08-11T17:06:20.000000Z,1.4033203125,1.40234375,1.0
2015-08-11T17:06:30.000000Z,1.4033203125,1.40234375,4.0
2015-08-11T17:06:35.000000Z,1.4033203125,1.40234375,5.0
2015-08-11T17:06:45.000000Z,1.4033203125,1.40234375,1.0
2015-08-11T17:07:00.000000Z,1.4033203125,1.40234375,1.0
2015-08-11T17:07:20.000000Z,1.4033203125,1.40234375,1.0
2015-08-11T17:07:50.000000Z,1.4033203125,1.40234375,2.0
2015-08-11T17:08:15.000000Z,1.4033203125,1.40234375,1.0
2015-08-11T17:09:15.000000Z,1.4033203125,1.40234375,3.0
2015-08-11T17:09:35.000000Z,1.4033203125,1.40234375,1.0
2015-08-11T17:09:45.000000Z,1.4033203125,1.40234375,1.0
2015-08-11T17:09:50.000000Z,1.4033203125,1.40234375,1.0
2015-08-11T17:09:55.000000Z,1.4033203125,1.40234375,3.0
2015-08-11T17:10:05.000000Z,1.4033203125,1.40234375,1.0
2015-08-11T17:10:10.000000Z,1.4033203125,1.40234375,4.0
2015-08-11T17:10:30.000000Z,1.4033203125,1.40234375,1.0
2015-08-11T17:10:45.000000Z,1.40234375,1.40234375,4.0
2015-08-11T17:10:50.000000Z,1.40234375,1.40234375,10.0
2015-08-11T17:10:55.000000Z,1.4033203125,1.40234375,6.0
2015-08-11T17:11:05.000000Z,1.4033203125,1.40234375,1.0
2015-08-11T17:11:10.000000Z,1.4033203125,1.40234375,2.0
2015-08-11T17:11:20.000000Z,1.4033203125,1.40234375,1.0
2015-08-11T17:11:45.000000Z,1.4033203125,1.40234375,1.0
2015-08-11T17:11:50.000000Z,1.4033203125,1.40234375,7.0
2015-08-11T17:11:55.000000Z,1.4033203125,1.40234375,19.0
2015-08-11T17:12:00.000000Z,1.4033203125,1.40234375,7.0
2015-08-11T17:12:05.000000Z,1.40234375,1.40234375,11.0
2015-08-11T17:12:10.000000Z,1.40234375,1.40234375,2.0
2015-08-11T17:12:15.000000Z,1.4033203125,1.40234375,13.0
2015-08-11T17:12:20.000000Z,1.40234375,1.40234375,18.0
2015-08-11T17:12:25.000000Z,1.4033203125,1.40234375,11.0
2015-08-11T17:12:30.000000Z,1.4033203125,1.40234375,4.0
2015-08-11T17:12:35.000000Z,1.4033203125,1.40234375,2.0
2015-08-11T17:12:40.000000Z,1.4033203125,1.40234375,3.0
2015-08-11T17:12:50.000000Z,1.40234375,1.40234375,3.0
2015-08-11T17:13:00.000000Z,1.40234375,1.40234375,7.0
2015-08-11T17:13:10.000000Z,1.40234375,1.40234375,4.0
2015-08-11T17:13:15.000000Z,1.40234375,1.40234375,2.0
2015-08-11T17:13:20.000000Z,1.40234375,1.40234375,2.0
2015-08-11T17:13:25.000000Z,1.40234375,1.40234375,1.0
2015-08-11T17:13:30.000000Z,1.40234375,1.40234375,5.0
2015-08-11T17:13:35.000000Z,1.40234375,1.40234375,1.0
2015-08-11T17:13:50.000000Z,1.40234375,1.40234375,5.0
2015-08-11T17:13:55.000000Z,1.40234375,1.40234375,3.0
2015-08-11T17:14:00.000000Z,1.40234375,1.40234375,2.0
2015-08-11T17:14:20.000000Z,1.40234375,1.40234375,1.0
2015-08-11T17:14:30.000000Z,1.40234375,1.40234375,1.0
2015-08-11T17:14:45.000000Z,1.40234375,1.40234375,1.0
2015-08-11T17:14:50.000000Z,1.40234375,1.40234375,2.0
2015-08-11T17:14:55.000000Z,1.40234375,1.40234375,8.0
2015-08-11T17:15:00.000000Z,1.40234375,1.40234375,4.0
2015-08-11T17:15:10.000000Z,1.40234375,1.40234375,1.0
2015-08-11T17:15:15.000000Z,1.40234375,1.40234375,2.0
2015-08-11T17:15:20.000000Z,1.40234375,1.40234375,1.0
2015-08-11T17:15:30.000000Z,1.40234375,1.40234375,4.0
2015-08-11T17:15:35.000000Z,1.40234375,1.40234375,2.0
2015-08-11T17:15:40.000000Z,1.40234375,1.40234375,1.0
2015-08-11T17:16:05.000000Z,1.40234375,1.40234375,1.0
2015-08-11T17:16:30.000000Z,1.40234375,1.40234375,1.0
2015-08-11T17:16:35.000000Z,1.40234375,1.40234375,9.0
2015-08-11T17:16:40.000000Z,1.40234375,1.40234375,7.0
2015-08-11T17:16:45.000000Z,1.40234375,1.40234375,22.0
2015-08-11T17:16:50.000000Z,1.40234375,1.40234375,9.0
2015-08-11T17:16:55.000000Z,1.4033203125,1.40234375,16.0
2015-08-11T17:17:00.000000Z,1.4033203125,1.40234375,1.0
2015-08-11T17:17:05.000000Z,1.40234375,1.40234375,1.0
2015-08-11T17:17:10.000000Z,1.40234375,1.40234375,12.0
2015-08-11T17:17:15.000000Z,1.40234375,1.40234375,9.0
2015-08-11T17:17:25.000000Z,1.40234375,1.40234375,1.0
2015-08-11T17:17:30.000000Z,1.40234375,1.40234375,2.0
2015-08-11T17:17:35.000000Z,1.40234375,1.40234375,11.0
2015-08-11T17:17:40.000000Z,1.40234375,1.4013671875,24.0
2015-08-11T17:17:45.000000Z,1.40234375,1.4013671875,15.0
2015-08-11T17:17:50.000000Z,1.40234375,1.4013671875,5.0
2015-08-11T17:18:00.000000Z,1.40234375,1.4013671875,1.0
2015-08-11T17:18:05.000000Z,1.40234375,1.4013671875,6.0
2015-08-11T17:18:10.000000Z,1.40234375,1.4013671875,2.0
2015-08-11T17:18:20.000000Z,1.40234375,1.4013671875,1.0
2015-08-11T17:18:25.000000Z,1.40234375,1.4013671875,2.0
2015-08-11T17:18:30.000000Z,1.40234375,1.4013671875,1.0
2015-08-11T17:18:40.000000Z,1.40234375,1.4013671875,1.0
2015-08-11T17:18:50.000000Z,1.40234375,1.4013671875,15.0
2015-08-11T17:18:55.000000Z,1.40234375,1.4013671875,3.0
2015-08-11T17:19:00.000000Z,1.40234375,1.4013671875,3.0
2015-08-11T17:19:05.000000Z,1.40234375,1.4013671875,3.0
2015-08-11T17:19:15.000000Z,1.40234375,1.4013671875,1.0
2015-08-11T17:19:25.000000Z,1.40234375,1.4013671875,2.0
2015-08-11T17:19:45.000000Z,1.40234375,1.4013671875,1.0
2015-08-11T17:20:00.000000Z,1.40234375,1.4013671875,1.0
2015-08-11T17:20:05.000000Z,1.40234375,1.4013671875,1.0
2015-08-11T17:20:15.000000Z,1.40234375,1.4013671875,1.0
2015-08-11T17:20:20.000000Z,1.40234375,1.4013671875,1.0
2015-08-11T17:20:30.000000Z,1.40234375,1.4013671875,1.0
2015-08-11T17:20:35.000000Z,1.40234375,1.4013671875,1.0
2015-08-11T17:20:45.000000Z,1.40234375,1.4013671875,1.0
2015-08-11T17:20:50.000000Z,1.40234375,1.4013671875,1.0
2015-08-11T17:21:00.000000Z,1.40234375,1.4013671875,2.0
2015-08-11T17:21:05.000000Z,1.40234375,1.4013671875,1.0
2015-08-11T17:21:10.000000Z,1.40234375,1.4013671875,2.0
2015-08-11T17:21:15.000000Z,1.40234375,1.4013671875,2.0
2015-08-11T17:21:30.000000Z,1.40234375,1.4013671875,1.0
2015-08-11T17:21:50.000000Z,1.40234375,1.4013671875,2.0
2015-08-11T17:22:00.000000Z,1.40234375,1.4013671875,1.0
2015-08-11T17:22:10.000000Z,1.40234375,1.4013671875,3.0
2015-08-11T17:22:45.000000Z,1.40234375,1.4013671875,2.0
2015-08-11T17:22:50.000000Z,1.40234375,1.4013671875,2.0
2015-08-11T17:23:20.000000Z,1.40234375,1.4013671875,12.0
2015-08-11T17:23:45.000000Z,1.40234375,1.4013671875,2.0
2015-08-11T17:25:30.000000Z,1.40234375,1.4013671875,2.0
2015-08-11T17:25:35.000000Z,1.40234375,1.4013671875,2.0
2015-08-11T17:25:40.000000Z,1.40234375,1.4013671875,1.0
2015-08-11T17:25:45.000000Z,1.40234375,1.4013671875,1.0
2015-08-11T17:26:10.000000Z,1.40234375,1.4013671875,6.0
2015-08-11T17:26:15.000000Z,1.40234375,1.4013671875,2.0
2015-08-11T17:26:25.000000Z,1.40234375,1.4013671875,2.0
2015-08-11T17:26:55.000000Z,1.40234375,1.40234375,11.0
2015-08-11T17:27:00.000000Z,1.40234375,1.40234375,11.0
2015-08-11T17:27:10.000000Z,1.40234375,1.40234375,2.0
2015-08-11T17:27:35.000000Z,1.40234375,1.4013671875,9.0
2015-08-11T17:27:40.000000Z,1.40234375,1.4013671875,8.0
2015-08-11T17:27:50.000000Z,1.40234375,1.4013671875,2.0
2015-08-11T17:27:55.000000Z,1.40234375,1.4013671875,1.0
2015-08-11T17:28:10.000000Z,1.40234375,1.4013671875,1.0
2015-08-11T17:28:55.000000Z,1.40234375,1.4013671875,1.0
2015-08-11T17:29:00.000000Z,1.40234375,1.4013671875,6.0
2015-08-11T17:29:05.000000Z,1.40234375,1.4013671875,2.0
2015-08-11T17:29:10.000000Z,1.40234375,1.4013671875,1.0
2015-08-11T17:29:15.000000Z,1.40234375,1.4013671875,4.0
2015-08-11T17:29:25.000000Z,1.40234375,1.4013671875,1.0
2015-08-11T17:29:35.000000Z,1.40234375,1.4013671875,1.0
2015-08-11T17:29:40.000000Z,1.40234375,1.4013671875,1.0
2015-08-11T17:30:20.000000Z,1.40234375,1.4013671875,1.0
2015-08-11T17:31:05.000000Z,1.40234375,1.4013671875,1.0
2015-08-11T17:31:10.000000Z,1.40234375,1.4013671875,3.0
2015-08-11T17:31:15.000000Z,1.40234375,1.4013671875,1.0
2015-08-11T17:31:20.000000Z,1.40234375,1.4013671875,5.0
2015-08-11T17:31:25.000000Z,1.40234375,1.4013671875,6.0
2015-08-11T17:31:40.000000Z,1.40234375,1.4013671875,2.0
2015-08-11T17:31:45.000000Z,1.40234375,1.4013671875,1.0
2015-08-11T17:32:00.000000Z,1.40234375,1.4013671875,1.0
2015-08-11T17:32:05.000000Z,1.40234375,1.4013671875,1.0
2015-08-11T17:32:10.000000Z,1.40234375,1.4013671875,3.0
2015-08-11T17:32:20.000000Z,1.40234375,1.4013671875,1.0
2015-08-11T17:32:25.000000Z,1.40234375,1.4013671875,1.0
2015-08-11T17:32:30.000000Z,1.40234375,1.40234375,3.0
2015-08-11T17:32:35.000000Z,1.40234375,1.40234375,2.0
2015-08-11T17:32:45.000000Z,1.40234375,1.4013671875,4.0
2015-08-11T17:33:10.000000Z,1.40234375,1.4013671875,11.0
2015-08-11T17:33:15.000000Z,1.40234375,1.4013671875,1.0
2015-08-11T17:33:30.000000Z,1.40234375,1.4013671875,2.0
2015-08-11T17:33:50.000000Z,1.40234375,1.4013671875,2.0
2015-08-11T17:34:20.000000Z,1.40234375,1.4013671875,1.0
2015-08-11T17:34:25.000000Z,1.40234375,1.4013671875,6.0
2015-08-11T17:34:30.000000Z,1.40234375,1.4013671875,1.0
2015-08-11T17:34:35.000000Z,1.40234375,1.4013671875,1.0
2015-08-11T17:35:10.000000Z,1.40234375,1.4013671875,5.0
2015-08-11T17:35:15.000000Z,1.40234375,1.40234375,6.0
2015-08-11T17:35:20.000000Z,1.40234375,1.40234375,1.0
2015-08-11T17:35:35.000000Z,1.40234375,1.40234375,2.0
2015-08-11T17:35:50.000000Z,1.40234375,1.40234375,1.0
2015-08-11T17:36:00.000000Z,1.40234375,1.40234375,13.0
2015-08-11T17:36:05.000000Z,1.40234375,1.40234375,2.0
2015-08-11T17:36:10.000000Z,1.40234375,1.40234375,4.0
2015-08-11T17:36:50.000000Z,1.4033203125,1.40234375,2.0
2015-08-11T17:37:00.000000Z,1.4033203125,1.40234375,1.0
2015-08-11T17:37:10.000000Z,1.40234375,1.40234375,2.0
2015-08-11T17:37:20.000000Z,1.40234375,1.40234375,1.0
2015-08-11T17:37:25.000000Z,1.4033203125,1.40234375,6.0
2015-08-11T17:37:30.000000Z,1.4033203125,1.40234375,9.0
2015-08-11T17:37:40.000000Z,1.4033203125,1.40234375,1.0
2015-08-11T17:38:00.000000Z,1.4033203125,1.40234375,13.0
2015-08-11T17:38:05.000000Z,1.4033203125,1.40234375,4.0
2015-08-11T17:38:10.000000Z,1.4033203125,1.40234375,9.0
2015-08-11T17:38:20.000000Z,1.4033203125,1.40234375,1.0
2015-08-11T17:38:35.000000Z,1.4033203125,1.40234375,2.0
2015-08-11T17:38:40.000000Z,1.4033203125,1.40234375,1.0
2015-08-11T17:38:45.000000Z,1.4033203125,1.40234375,2.0
2015-08-11T17:38:50.000000Z,1.4033203125,1.40234375,1.0
2015-08-11T17:39:05.000000Z,1.4033203125,1.40234375,2.0
2015-08-11T17:39:10.000000Z,1.4033203125,1.40234375,1.0
2015-08-11T17:39:25.000000Z,1.4033203125,1.40234375,1.0
2015-08-11T17:39:30.000000Z,1.4033203125,1.40234375,2.0
2015-08-11T17:39:40.000000Z,1.4033203125,1.40234375,3.0
2015-08-11T17:39:45.000000Z,1.4033203125,1.40234375,3.0
2015-08-11T17:39:50.000000Z,1.4033203125,1.40234375,3.0
2015-08-11T17:40:00.000000Z,1.4033203125,1.40234375,1.0
2015-08-11T17:40:05.000000Z,1.4033203125,1.40234375,1.0
2015-08-11T17:40:30.000000Z,1.4033203125,1.40234375,1.0
2015-08-11T17:40:35.000000Z,1.4033203125,1.40234375,2.0
2015-08-11T17:40:40.000000Z,1.4033203125,1.40234375,1.0
2015-08-11T17:40:45.000000Z,1.4033203125,1.40234375,8.0
2015-08-11T17:40:50.000000Z,1.4033203125,1.40234375,6.0
2015-08-11T17:40:55.000000Z,1.4033203125,1.40234375,1.0
2015-08-11T17:41:00.000000Z,1.4033203125,1.40234375,1.0
2015-08-11T17:41:15.000000Z,1.4033203125,1.40234375,2.0
2015-08-11T17:41:35.000000Z,1.4033203125,1.40234375,5.0
2015-08-11T17:41:40.000000Z,1.4033203125,1.40234375,1.0
2015-08-11T17:41:50.000000Z,1.4033203125,1.40234375,1.0
2015-08-11T17:41:55.000000Z,1.4033203125,1.40234375,2.0
2015-08-11T17:42:00.000000Z,1.4033203125,1.40234375,2.0
2015-08-11T17:42:05.000000Z,1.4033203125,1.40234375,6.0
2015-08-11T17:42:10.000000Z,1.4033203125,1.40234375,4.0
2015-08-11T17:42:15.000000Z,1.4033203125,1.40234375,26.0
2015-08-11T17:42:40.000000Z,1.4033203125,1.40234375,1.0
2015-08-11T17:42:45.000000Z,1.4033203125,1.40234375,10.0
2015-08-11T17:42:50.000000Z,1.4033203125,1.40234375,1.0
2015-08-11T17:42:55.000000Z,1.4033203125,1.40234375,2.0
2015-08-11T17:43:00.000000Z,1.4033203125,1.40234375,2.0
2015-08-11T17:43:05.000000Z,1.4033203125,1.40234375,1.0
2015-08-11T17:43:10.000000Z,1.4033203125,1.40234375,10.0
2015-08-11T17:43:40.000000Z,1.4033203125,1.40234375,3.0
2015-08-11T17:43:55.000000Z,1.4033203125,1.40234375,7.0
2015-08-11T17:44:00.000000Z,1.40234375,1.40234375,2.0
2015-08-11T17:44:20.000000Z,1.40234375,1.40234375,1.0
2015-08-11T17:44:25.000000Z,1.40234375,1.40234375,1.0
2015-08-11T17:44:35.000000Z,1.4033203125,1.40234375,2.0
2015-08-11T17:44:40.000000Z,1.4033203125,1.40234375,1.0
2015-08-11T17:44:45.000000Z,1.4033203125,1.40234375,8.0
2015-08-11T17:45:00.000000Z,1.4033203125,1.40234375,1.0
2015-08-11T17:45:10.000000Z,1.4033203125,1.40234375,1.0
2015-08-11T17:45:15.000000Z,1.4033203125,1.40234375,10.0
2015-08-11T17:45:40.000000Z,1.4033203125,1.40234375,4.0
2015-08-11T17:45:45.000000Z,1.4033203125,1.40234375,1.0
2015-08-11T17:46:10.000000Z,1.4033203125,1.40234375,1.0
2015-08-11T17:46:30.000000Z,1.4033203125,1.40234375,4.0
2015-08-11T17:46:35.000000Z,1.4033203125,1.40234375,2.0
2015-08-11T17:46:45.000000Z,1.4033203125,1.40234375,1.0
2015-08-11T17:46:50.000000Z,1.40234375,1.40234375,27.0
2015-08-11T17:46:55.000000Z,1.40234375,1.40234375,5.0
2015-08-11T17:47:00.000000Z,1.40234375,1.40234375,10.0
2015-08-11T17:47:05.000000Z,1.40234375,1.40234375,2.0
2015-08-11T17:47:10.000000Z,1.40234375,1.40234375,2.0
2015-08-11T17:47:30.000000Z,1.40234375,1.40234375,10.0
2015-08-11T17:47:50.000000Z,1.4033203125,1.40234375,10.0
2015-08-11T17:47:55.000000Z,1.40234375,1.40234375,4.0
2015-08-11T17:48:00.000000Z,1.40234375,1.40234375,1.0
2015-08-11T17:48:05.000000Z,1.4033203125,1.40234375,31.0
2015-08-11T17:48:10.000000Z,1.40234375,1.40234375,22.0
2015-08-11T17:48:15.000000Z,1.40234375,1.40234375,6.0
2015-08-11T17:48:20.000000Z,1.40234375,1.40234375,23.0
2015-08-11T17:48:30.000000Z,1.40234375,1.40234375,7.0
2015-08-11T17:48:45.000000Z,1.40234375,1.40234375,2.0
2015-08-11T17:48:50.000000Z,1.40234375,1.40234375,14.0
2015-08-11T17:48:55.000000Z,1.40234375,1.40234375,23.0
2015-08-11T17:49:00.000000Z,1.40234375,1.40234375,2.0
2015-08-11T17:49:20.000000Z,1.40234375,1.40234375,3.0
2015-08-11T17:49:35.000000Z,1.40234375,1.40234375,3.0
2015-08-11T17:49:40.000000Z,1.40234375,1.40234375,1.0
2015-08-11T17:49:45.000000Z,1.40234375,1.40234375,6.0
2015-08-11T17:49:50.000000Z,1.40234375,1.40234375,1.0
2015-08-11T17:49:55.000000Z,1.40234375,1.40234375,3.0
2015-08-11T17:50:00.000000Z,1.40234375,1.40234375,1.0
2015-08-11T17:50:05.000000Z,1.40234375,1.40234375,2.0
2015-08-11T17:50:15.000000Z,1.40234375,1.40234375,1.0
2015-08-11T17:50:20.000000Z,1.40234375,1.40234375,1.0
2015-08-11T17:50:55.000000Z,1.40234375,1.40234375,4.0
2015-08-11T17:51:00.000000Z,1.40234375,1.40234375,1.0
2015-08-11T17:51:05.000000Z,1.40234375,1.40234375,1.0
2015-08-11T17:51:20.000000Z,1.40234375,1.40234375,1.0
2015-08-11T17:51:30.000000Z,1.40234375,1.40234375,1.0
2015-08-11T17:51:35.000000Z,1.40234375,1.40234375,4.0
2015-08-11T17:51:40.000000Z,1.40234375,1.40234375,4.0
2015-08-11T17:51:45.000000Z,1.40234375,1.40234375,3.0
2015-08-11T17:51:50.000000Z,1.40234375,1.40234375,2.0
2015-08-11T17:51:55.000000Z,1.40234375,1.40234375,1.0
2015-08-11T17:52:00.000000Z,1.40234375,1.40234375,1.0
2015-08-11T17:52:10.000000Z,1.40234375,1.40234375,1.0
2015-08-11T17:52:20.000000Z,1.40234375,1.40234375,3.0
2015-08-11T17:52:25.000000Z,1.40234375,1.40234375,1.0
2015-08-11T17:52:35.000000Z,1.40234375,1.40234375,1.0
2015-08-11T17:52:45.000000Z,1.4033203125,1.40234375,6.0
2015-08-11T17:52:50.000000Z,1.4033203125,1.40234375,11.0
2015-08-11T17:52:55.000000Z,1.4033203125,1.40234375,6.0
2015-08-11T17:53:00.000000Z,1.4033203125,1.40234375,11.0
2015-08-11T17:53:05.000000Z,1.40234375,1.40234375,14.0
2015-08-11T17:53:10.000000Z,1.40234375,1.40234375,14.0
2015-08-11T17:53:15.000000Z,1.40234375,1.40234375,6.0
2015-08-11T17:53:20.000000Z,1.40234375,1.40234375,23.0
2015-08-11T17:53:25.000000Z,1.40234375,1.40234375,24.0
2015-08-11T17:53:30.000000Z,1.40234375,1.40234375,14.0
2015-08-11T17:53:35.000000Z,1.4033203125,1.40234375,13.0
2015-08-11T17:53:40.000000Z,1.4033203125,1.40234375,7.0
2015-08-11T17:53:50.000000Z,1.4033203125,1.40234375,2.0
2015-08-11T17:53:55.000000Z,1.4033203125,1.40234375,2.0
2015-08-11T17:54:00.000000Z,1.4033203125,1.40234375,26.0
2015-08-11T17:54:05.000000Z,1.4033203125,1.40234375,16.0
2015-08-11T17:54:10.000000Z,1.4033203125,1.40234375,13.0
2015-08-11T17:54:15.000000Z,1.4033203125,1.40234375,21.0
2015-08-11T17:54:20.000000Z,1.4033203125,1.40234375,12.0
2015-08-11T17:54:25.000000Z,1.4033203125,1.40234375,17.0
2015-08-11T17:54:30.000000Z,1.4033203125,1.40234375,11.0
2015-08-11T17:54:35.000000Z,1.4033203125,1.40234375,11.0
2015-08-11T17:54:40.000000Z,1.4033203125,1.40234375,16.0
2015-08-11T17:54:45.000000Z,1.4033203125,1.40234375,1.0
2015-08-11T17:54:50.000000Z,1.4033203125,1.40234375,7.0
2015-08-11T17:54:55.000000Z,1.4033203125,1.40234375,6.0
2015-08-11T17:55:00.000000Z,1.4033203125,1.40234375,8.0
2015-08-11T17:55:05.000000Z,1.4033203125,1.40234375,5.0
2015-08-11T17:55:10.000000Z,1.4033203125,1.40234375,3.0
2015-08-11T17:55:15.000000Z,1.4033203125,1.40234375,6.0
2015-08-11T17:55:55.000000Z,1.4033203125,1.40234375,1.0
2015-08-11T17:56:00.000000Z,1.4033203125,1.40234375,1.0
2015-08-11T17:56:05.000000Z,1.4033203125,1.40234375,1.0
2015-08-11T17:56:10.000000Z,1.4033203125,1.40234375,2.0
2015-08-11T17:56:20.000000Z,1.4033203125,1.40234375,1.0
2015-08-11T17:56:40.000000Z,1.4033203125,1.40234375,1.0
2015-08-11T17:56:45.000000Z,1.4033203125,1.40234375,5.0
2015-08-11T17:56:50.000000Z,1.4033203125,1.40234375,2.0
2015-08-11T17:56:55.000000Z,1.4033203125,1.40234375,5.0
2015-08-11T17:57:00.000000Z,1.4033203125,1.40234375,3.0
2015-08-11T17:57:05.000000Z,1.4033203125,1.40234375,12.0
2015-08-11T17:57:10.000000Z,1.4033203125,1.40234375,7.0
2015-08-11T17:57:15.000000Z,1.4033203125,1.40234375,3.0
2015-08-11T17:57:35.000000Z,1.4033203125,1.40234375,6.0
2015-08-11T17:57:40.000000Z,1.4033203125,1.40234375,2.0
2015-08-11T17:57:50.000000Z,1.4033203125,1.40234375,3.0
2015-08-11T17:58:00.000000Z,1.4033203125,1.40234375,1.0
2015-08-11T17:58:05.000000Z,1.4033203125,1.40234375,1.0
2015-08-11T17:58:10.000000Z,1.4033203125,1.40234375,1.0
2015-08-11T17:58:15.000000Z,1.4033203125,1.40234375,7.0
2015-08-11T17:58:20.000000Z,1.4033203125,1.40234375,8.0
2015-08-11T17:59:10.000000Z,1.4033203125,1.40234375,1.0
2015-08-11T17:59:15.000000Z,1.4033203125,1.40234375,2.0
2015-08-11T17:59:20.000000Z,1.4033203125,1.40234375,1.0
2015-08-11T17:59:25.000000Z,1.4033203125,1.40234375,1.0
2015-08-11T17:59:35.000000Z,1.4033203125,1.40234375,9.0
2015-08-11T17:59:40.000000Z,1.4033203125,1.40234375,10.0
2015-08-11T17:59:45.000000Z,1.4033203125,1.40234375,5.0
2015-08-11T18:00:00.000000Z,1.4033203125,1.40234375,1.0
2015-08-11T18:00:10.000000Z,1.4033203125,1.40234375,1.0
2015-08-11T18:00:20.000000Z,1.40234375,1.40234375,1.0
2015-08-11T18:00:40.000000Z,1.4033203125,1.40234375,1.0
2015-08-11T18:00:50.000000Z,1.40234375,1.40234375,2.0
2015-08-11T18:00:55.000000Z,1.40234375,1.40234375,1.0
2015-08-11T18:01:00.000000Z,1.4033203125,1.40234375,4.0
2015-08-11T18:01:30.000000Z,1.40234375,1.40234375,4.0
2015-08-11T18:01:45.000000Z,1.40234375,1.40234375,1.0
2015-08-11T18:01:50.000000Z,1.40234375,1.40234375,2.0
2015-08-11T18:02:10.000000Z,1.40234375,1.40234375,1.0
2015-08-11T18:02:20.000000Z,1.40234375,1.40234375,2.0
2015-08-11T18:02:30.000000Z,1.40234375,1.40234375,1.0
2015-08-11T18:02:40.000000Z,1.40234375,1.40234375,4.0
2015-08-11T18:02:45.000000Z,1.40234375,1.40234375,11.0
2015-08-11T18:02:50.000000Z,1.40234375,1.40234375,1.0
2015-08-11T18:03:00.000000Z,1.4033203125,1.40234375,14.0
2015-08-11T18:03:05.000000Z,1.4033203125,1.40234375,9.0
2015-08-11T18:03:20.000000Z,1.40234375,1.40234375,12.0
2015-08-11T18:03:45.000000Z,1.40234375,1.40234375,2.0
2015-08-11T18:04:05.000000Z,1.40234375,1.40234375,2.0
2015-08-11T18:04:10.000000Z,1.40234375,1.40234375,6.0
2015-08-11T18:04:15.000000Z,1.40234375,1.40234375,19.0
2015-08-11T18:04:20.000000Z,1.40234375,1.40234375,7.0
2015-08-11T18:04:25.000000Z,1.40234375,1.40234375,2.0
2015-08-11T18:04:30.000000Z,1.40234375,1.4013671875,22.0
2015-08-11T18:04:35.000000Z,1.40234375,1.4013671875,11.0
2015-08-11T18:04:40.000000Z,1.40234375,1.4013671875,32.0
2015-08-11T18:04:45.000000Z,1.40234375,1.4013671875,19.0
2015-08-11T18:04:50.000000Z,1.40234375,1.4013671875,1.0
2015-08-11T18:04:55.000000Z,1.40234375,1.4013671875,1.0
2015-08-11T18:05:00.000000Z,1.4033203125,1.4013671875,15.0
2015-08-11T18:05:05.000000Z,1.4033203125,1.40234375,20.0
2015-08-11T18:05:10.000000Z,1.4033203125,1.40234375,2.0
2015-08-11T18:05:15.000000Z,1.4033203125,1.40234375,3.0
2015-08-11T18:05:20.000000Z,1.4033203125,1.40234375,3.0
2015-08-11T18:05:25.000000Z,1.4033203125,1.40234375,1.0
2015-08-11T18:05:30.000000Z,1.4033203125,1.40234375,1.0
2015-08-11T18:05:45.000000Z,1.4033203125,1.40234375,3.0
2015-08-11T18:05:50.000000Z,1.4033203125,1.40234375,10.0
2015-08-11T18:05:55.000000Z,1.4033203125,1.40234375,3.0
2015-08-11T18:06:05.000000Z,1.4033203125,1.40234375,1.0
2015-08-11T18:06:10.000000Z,1.4033203125,1.40234375,8.0
2015-08-11T18:06:15.000000Z,1.4033203125,1.40234375,3.0
2015-08-11T18:06:20.000000Z,1.4033203125,1.40234375,5.0
2015-08-11T18:06:25.000000Z,1.4033203125,1.40234375,6.0
2015-08-11T18:06:40.000000Z,1.4033203125,1.40234375,3.0
2015-08-11T18:06:45.000000Z,1.4033203125,1.40234375,2.0
2015-08-11T18:06:50.000000Z,1.4033203125,1.40234375,2.0
2015-08-11T18:06:55.000000Z,1.4033203125,1.40234375,1.0
2015-08-11T18:07:00.000000Z,1.4033203125,1.40234375,1.0
2015-08-11T18:07:10.000000Z,1.4033203125,1.40234375,3.0
2015-08-11T18:07:15.000000Z,1.4033203125,1.40234375,4.0
2015-08-11T18:07:20.000000Z,1.4033203125,1.40234375,1.0
2015-08-11T18:07:40.000000Z,1.4033203125,1.40234375,1.0
2015-08-11T18:08:00.000000Z,1.4033203125,1.40234375,1.0
2015-08-11T18:08:20.000000Z,1.4033203125,1.40234375,9.0
2015-08-11T18:08:25.000000Z,1.4033203125,1.40234375,21.0
2015-08-11T18:08:30.000000Z,1.4033203125,1.40234375,4.0
2015-08-11T18:08:40.000000Z,1.4033203125,1.40234375,3.0
2015-08-11T18:08:45.000000Z,1.4033203125,1.40234375,8.0
2015-08-11T18:08:50.000000Z,1.4033203125,1.40234375,3.0
2015-08-11T18:08:55.000000Z,1.4033203125,1.40234375,8.0
2015-08-11T18:09:00.000000Z,1.4033203125,1.40234375,4.0
2015-08-11T18:09:05.000000Z,1.4033203125,1.40234375,1.0
2015-08-11T18:09:10.000000Z,1.4033203125,1.40234375,1.0
2015-08-11T18:09:20.000000Z,1.4033203125,1.40234375,2.0
2015-08-11T18:09:30.000000Z,1.4033203125,1.40234375,1.0
2015-08-11T18:09:40.000000Z,1.4033203125,1.40234375,1.0
2015-08-11T18:10:00.000000Z,1.4033203125,1.40234375,1.0
2015-08-11T18:10:10.000000Z,1.4033203125,1.40234375,2.0
2015-08-11T18:11:20.000000Z,1.4033203125,1.40234375,1.0
2015-08-11T18:11:45.000000Z,1.4033203125,1.40234375,1.0
2015-08-11T18:11:50.000000Z,1.4033203125,1.40234375,1.0
2015-08-11T18:12:25.000000Z,1.4033203125,1.40234375,1.0
2015-08-11T18:13:25.000000Z,1.4033203125,1.40234375,9.0
2015-08-11T18:13:30.000000Z,1.4033203125,1.40234375,7.0
2015-08-11T18:13:35.000000Z,1.4033203125,1.40234375,1.0
2015-08-11T18:13:40.000000Z,1.4033203125,1.40234375,1.0
2015-08-11T18:13:50.000000Z,1.4033203125,1.40234375,1.0
2015-08-11T18:14:05.000000Z,1.4033203125,1.40234375,9.0
2015-08-11T18:14:20.000000Z,1.4033203125,1.40234375,2.0
2015-08-11T18:14:45.000000Z,1.4033203125,1.4033203125,5.0
2015-08-11T18:14:50.000000Z,1.4033203125,1.4033203125,3.0
2015-08-11T18:15:00.000000Z,1.4033203125,1.4033203125,1.0
2015-08-11T18:15:25.000000Z,1.4033203125,1.4033203125,1.0
2015-08-11T18:15:30.000000Z,1.404296875,1.4033203125,16.0
2015-08-11T18:15:35.000000Z,1.4033203125,1.4033203125,8.0
2015-08-11T18:15:40.000000Z,1.4033203125,1.4033203125,1.0
2015-08-11T18:16:15.000000Z,1.4033203125,1.4033203125,8.0
2015-08-11T18:16:35.000000Z,1.4033203125,1.40234375,6.0
2015-08-11T18:16:45.000000Z,1.4033203125,1.4033203125,3.0
2015-08-11T18:16:50.000000Z,1.4033203125,1.4033203125,1.0
2015-08-11T18:16:55.000000Z,1.4033203125,1.4033203125,1.0
2015-08-11T18:17:05.000000Z,1.4033203125,1.4033203125,1.0
2015-08-11T18:17:15.000000Z,1.4033203125,1.4033203125,1.0
2015-08-11T18:17:35.000000Z,1.4033203125,1.4033203125,1.0
2015-08-11T18:17:50.000000Z,1.4033203125,1.4033203125,2.0
2015-08-11T18:17:55.000000Z,1.4033203125,1.4033203125,2.0
2015-08-11T18:18:00.000000Z,1.4033203125,1.4033203125,5.0
2015-08-11T18:18:05.000000Z,1.4033203125,1.4033203125,2.0
2015-08-11T18:18:15.000000Z,1.4033203125,1.4033203125,1.0
2015-08-11T18:18:20.000000Z,1.4033203125,1.4033203125,1.0
2015-08-11T18:18:25.000000Z,1.4033203125,1.4033203125,1.0
2015-08-11T18:19:15.000000Z,1.4033203125,1.4033203125,1.0
2015-08-11T18:19:25.000000Z,1.4033203125,1.4033203125,11.0
2015-08-11T18:19:40.000000Z,1.4033203125,1.4033203125,2.0
2015-08-11T18:19:50.000000Z,1.4033203125,1.4033203125,2.0
2015-08-11T18:19:55.000000Z,1.4033203125,1.4033203125,1.0
2015-08-11T18:20:00.000000Z,1.4033203125,1.4033203125,1.0
2015-08-11T18:20:10.000000Z,1.4033203125,1.4033203125,2.0
2015-08-11T18:20:25.000000Z,1.4033203125,1.4033203125,1.0
2015-08-11T18:20:45.000000Z,1.4033203125,1.4033203125,1.0
2015-08-11T18:21:00.000000Z,1.4033203125,1.4033203125,2.0
2015-08-11T18:21:05.000000Z,1.4033203125,1.4033203125,1.0
2015-08-11T18:21:10.000000Z,1.4033203125,1.4033203125,2.0
2015-08-11T18:21:25.000000Z,1.4033203125,1.4033203125,2.0
2015-08-11T18:21:30.000000Z,1.4033203125,1.4033203125,1.0
2015-08-11T18:21:50.000000Z,1.4033203125,1.4033203125,2.0
2015-08-11T18:21:55.000000Z,1.4033203125,1.4033203125,1.0
2015-08-11T18:22:10.000000Z,1.4033203125,1.4033203125,6.0
2015-08-11T18:22:15.000000Z,1.4033203125,1.4033203125,1.0
2015-08-11T18:22:20.000000Z,1.4033203125,1.4033203125,1.0
2015-08-11T18:22:25.000000Z,1.4033203125,1.4033203125,1.0
2015-08-11T18:22:35.000000Z,1.4033203125,1.4033203125,1.0
2015-08-11T18:22:40.000000Z,1.4033203125,1.4033203125,2.0
2015-08-11T18:23:00.000000Z,1.4033203125,1.4033203125,2.0
2015-08-11T18:23:05.000000Z,1.4033203125,1.4033203125,11.0
2015-08-11T18:23:10.000000Z,1.4033203125,1.4033203125,12.0
2015-08-11T18:23:20.000000Z,1.4033203125,1.4033203125,1.0
2015-08-11T18:23:30.000000Z,1.4033203125,1.4033203125,1.0
2015-08-11T18:23:35.000000Z,1.404296875,1.4033203125,5.0
2015-08-11T18:23:40.000000Z,1.404296875,1.4033203125,10.0
2015-08-11T18:23:50.000000Z,1.404296875,1.4033203125,4.0
2015-08-11T18:24:00.000000Z,1.404296875,1.4033203125,1.0
2015-08-11T18:24:10.000000Z,1.404296875,1.4033203125,3.0
2015-08-11T18:24:15.000000Z,1.404296875,1.4033203125,6.0
2015-08-11T18:24:25.000000Z,1.4033203125,1.4033203125,7.0
2015-08-11T18:24:30.000000Z,1.4033203125,1.4033203125,1.0
2015-08-11T18:25:05.000000Z,1.4033203125,1.4033203125,1.0
2015-08-11T18:25:45.000000Z,1.4033203125,1.4033203125,1.0
2015-08-11T18:26:00.000000Z,1.4033203125,1.4033203125,1.0
2015-08-11T18:26:50.000000Z,1.4033203125,1.4033203125,1.0
2015-08-11T18:27:10.000000Z,1.4033203125,1.4033203125,1.0
2015-08-11T18:27:30.000000Z,1.4033203125,1.4033203125,3.0
2015-08-11T18:27:40.000000Z,1.4033203125,1.4033203125,1.0
2015-08-11T18:28:35.000000Z,1.4033203125,1.4033203125,3.0
2015-08-11T18:28:40.000000Z,1.4033203125,1.4033203125,3.0
2015-08-11T18:28:45.000000Z,1.4033203125,1.4033203125,2.0
2015-08-11T18:28:55.000000Z,1.4033203125,1.4033203125,7.0
2015-08-11T18:29:00.000000Z,1.4033203125,1.4033203125,1.0
2015-08-11T18:29:40.000000Z,1.4033203125,1.4033203125,3.0
2015-08-11T18:29:45.000000Z,1.4033203125,1.4033203125,1.0
2015-08-11T18:29:50.000000Z,1.4033203125,1.4033203125,3.0
2015-08-11T18:29:55.000000Z,1.4033203125,1.4033203125,18.0
2015-08-11T18:30:00.000000Z,1.4033203125,1.4033203125,1.0
2015-08-11T18:30:10.000000Z,1.4033203125,1.4033203125,3.0
2015-08-11T18:30:25.000000Z,1.4033203125,1.4033203125,1.0
2015-08-11T18:30:30.000000Z,1.4033203125,1.4033203125,1.0
2015-08-11T18:30:40.000000Z,1.4033203125,1.4033203125,2.0
2015-08-11T18:30:50.000000Z,1.4033203125,1.4033203125,3.0
2015-08-11T18:31:05.000000Z,1.4033203125,1.40234375,20.0
2015-08-11T18:31:10.000000Z,1.4033203125,1.40234375,9.0
2015-08-11T18:31:15.000000Z,1.4033203125,1.40234375,1.0
2015-08-11T18:31:20.000000Z,1.4033203125,1.40234375,1.0
2015-08-11T18:31:30.000000Z,1.4033203125,1.40234375,1.0
2015-08-11T18:31:35.000000Z,1.4033203125,1.40234375,2.0
2015-08-11T18:32:00.000000Z,1.4033203125,1.40234375,7.0
2015-08-11T18:32:15.000000Z,1.4033203125,1.40234375,3.0
2015-08-11T18:32:20.000000Z,1.4033203125,1.40234375,1.0
2015-08-11T18:32:25.000000Z,1.4033203125,1.40234375,1.0
2015-08-11T18:32:30.000000Z,1.4033203125,1.40234375,2.0
2015-08-11T18:32:35.000000Z,1.4033203125,1.40234375,1.0
2015-08-11T18:32:40.000000Z,1.4033203125,1.40234375,2.0
2015-08-11T18:32:50.000000Z,1.4033203125,1.40234375,3.0
2015-08-11T18:32:55.000000Z,1.4033203125,1.40234375,5.0
2015-08-11T18:33:05.000000Z,1.4033203125,1.40234375,2.0
2015-08-11T18:33:20.000000Z,1.4033203125,1.40234375,1.0
2015-08-11T18:33:25.000000Z,1.4033203125,1.40234375,1.0
2015-08-11T18:33:35.000000Z,1.4033203125,1.40234375,1.0
2015-08-11T18:33:45.000000Z,1.4033203125,1.40234375,2.0
2015-08-11T18:33:55.000000Z,1.4033203125,1.40234375,1.0
2015-08-11T18:34:00.000000Z,1.4033203125,1.40234375,1.0
2015-08-11T18:34:05.000000Z,1.4033203125,1.40234375,5.0
2015-08-11T18:34:10.000000Z,1.4033203125,1.40234375,2.0
2015-08-11T18:35:05.000000Z,1.4033203125,1.40234375,8.0
2015-08-11T18:35:10.000000Z,1.4033203125,1.40234375,1.0
2015-08-11T18:35:15.000000Z,1.4033203125,1.40234375,2.0
2015-08-11T18:35:20.000000Z,1.4033203125,1.40234375,15.0
2015-08-11T18:35:25.000000Z,1.4033203125,1.40234375,6.0
2015-08-11T18:35:30.000000Z,1.4033203125,1.40234375,1.0
2015-08-11T18:35:40.000000Z,1.4033203125,1.40234375,3.0
2015-08-11T18:35:45.000000Z,1.4033203125,1.40234375,16.0
2015-08-11T18:35:50.000000Z,1.4033203125,1.40234375,2.0
2015-08-11T18:35:55.000000Z,1.4033203125,1.40234375,9.0
2015-08-11T18:36:05.000000Z,1.4033203125,1.40234375,1.0
2015-08-11T18:36:20.000000Z,1.4033203125,1.40234375,1.0
2015-08-11T18:36:45.000000Z,1.4033203125,1.40234375,4.0
2015-08-11T18:36:50.000000Z,1.4033203125,1.40234375,4.0
2015-08-11T18:36:55.000000Z,1.4033203125,1.40234375,1.0
2015-08-11T18:37:05.000000Z,1.4033203125,1.40234375,1.0
2015-08-11T18:37:10.000000Z,1.4033203125,1.40234375,8.0
2015-08-11T18:38:20.000000Z,1.4033203125,1.40234375,14.0
2015-08-11T18:38:25.000000Z,1.4033203125,1.40234375,1.0
2015-08-11T18:42:35.000000Z,1.4033203125,1.40234375,1.0
2015-08-11T18:43:05.000000Z,1.4033203125,1.40234375,1.0
2015-08-11T18:43:40.000000Z,1.4033203125,1.40234375,1.0
2015-08-11T18:44:50.000000Z,1.4033203125,1.40234375,2.0
2015-08-11T18:45:20.000000Z,1.4033203125,1.40234375,1.0
2015-08-11T18:45:25.000000Z,1.4033203125,1.40234375,1.0
2015-08-11T18:45:35.000000Z,1.4033203125,1.40234375,1.0
2015-08-11T18:48:15.000000Z,1.4033203125,1.40234375,1.0
2015-08-11T18:48:30.000000Z,1.4033203125,1.40234375,3.0
2015-08-11T18:48:35.000000Z,1.4033203125,1.40234375,2.0
2015-08-11T18:49:15.000000Z,1.4033203125,1.40234375,1.0
2015-08-11T18:49:20.000000Z,1.4033203125,1.40234375,1.0
2015-08-11T18:50:00.000000Z,1.4033203125,1.40234375,1.0
2015-08-11T18:50:15.000000Z,1.4033203125,1.40234375,1.0
2015-08-11T18:50:35.000000Z,1.4033203125,1.40234375,1.0
2015-08-11T18:50:40.000000Z,1.4033203125,1.40234375,1.0
2015-08-11T18:50:45.000000Z,1.4033203125,1.40234375,1.0
2015-08-11T18:52:50.000000Z,1.4033203125,1.40234375,3.0
2015-08-11T18:52:55.000000Z,1.4033203125,1.40234375,3.0
2015-08-11T18:53:20.000000Z,1.4033203125,1.40234375,2.0
2015-08-11T18:53:35.000000Z,1.4033203125,1.40234375,1.0
2015-08-11T18:53:45.000000Z,1.4033203125,1.40234375,5.0
2015-08-11T18:54:15.000000Z,1.4033203125,1.40234375,6.0
2015-08-11T18:54:20.000000Z,1.4033203125,1.40234375,12.0
2015-08-11T18:54:35.000000Z,1.4033203125,1.40234375,3.0
2015-08-11T18:54:50.000000Z,1.4033203125,1.40234375,8.0
2015-08-11T18:54:55.000000Z,1.4033203125,1.40234375,14.0
2015-08-11T18:55:10.000000Z,1.4033203125,1.40234375,1.0
2015-08-11T18:55:40.000000Z,1.4033203125,1.40234375,1.0
2015-08-11T18:55:50.000000Z,1.4033203125,1.40234375,1.0
2015-08-11T18:55:55.000000Z,1.4033203125,1.40234375,1.0
2015-08-11T18:56:00.000000Z,1.4033203125,1.40234375,1.0
2015-08-11T18:56:05.000000Z,1.4033203125,1.40234375,1.0
2015-08-11T18:56:20.000000Z,1.4033203125,1.40234375,1.0
2015-08-11T18:56:25.000000Z,1.4033203125,1.40234375,2.0
2015-08-11T18:56:30.000000Z,1.4033203125,1.40234375,4.0
2015-08-11T18:56:35.000000Z,1.4033203125,1.40234375,1.0
2015-08-11T18:56:40.000000Z,1.4033203125,1.40234375,12.0
2015-08-11T18:56:45.000000Z,1.4033203125,1.40234375,1.0
2015-08-11T18:56:50.000000Z,1.4033203125,1.40234375,1.0
2015-08-11T18:56:55.000000Z,1.4033203125,1.4033203125,35.0
2015-08-11T18:57:00.000000Z,1.4033203125,1.40234375,10.0
2015-08-11T18:57:05.000000Z,1.4033203125,1.40234375,2.0
2015-08-11T18:57:10.000000Z,1.4033203125,1.40234375,1.0
2015-08-11T18:57:15.000000Z,1.4033203125,1.40234375,6.0
2015-08-11T18:57:20.000000Z,1.4033203125,1.40234375,3.0
2015-08-11T18:57:25.000000Z,1.4033203125,1.40234375,1.0
2015-08-11T18:57:35.000000Z,1.4033203125,1.40234375,24.0
2015-08-11T18:57:40.000000Z,1.4033203125,1.40234375,1.0
2015-08-11T18:57:45.000000Z,1.4033203125,1.40234375,6.0
2015-08-11T18:57:50.000000Z,1.4033203125,1.40234375,5.0
2015-08-11T18:58:00.000000Z,1.4033203125,1.40234375,4.0
2015-08-11T18:58:05.000000Z,1.4033203125,1.40234375,3.0
2015-08-11T18:58:10.000000Z,1.4033203125,1.40234375,6.0
2015-08-11T18:58:20.000000Z,1.4033203125,1.40234375,1.0
2015-08-11T18:58:25.000000Z,1.4033203125,1.40234375,3.0
2015-08-11T18:58:30.000000Z,1.4033203125,1.40234375,2.0
2015-08-11T18:58:35.000000Z,1.4033203125,1.40234375,21.0
2015-08-11T18:58:40.000000Z,1.4033203125,1.40234375,3.0
2015-08-11T18:58:45.000000Z,1.4033203125,1.40234375,8.0
2015-08-11T18:58:50.000000Z,1.4033203125,1.40234375,1.0
2015-08-11T18:59:00.000000Z,1.4033203125,1.40234375,1.0
2015-08-11T18:59:10.000000Z,1.4033203125,1.40234375,3.0
2015-08-11T18:59:15.000000Z,1.4033203125,1.40234375,1.0
2015-08-11T18:59:20.000000Z,1.4033203125,1.40234375,2.0
2015-08-11T18:59:25.000000Z,1.4033203125,1.40234375,2.0
2015-08-11T18:59:30.000000Z,1.4033203125,1.40234375,1.0
2015-08-11T18:59:35.000000Z,1.4033203125,1.40234375,1.0
2015-08-11T18:59:40.000000Z,1.4033203125,1.40234375,2.0
2015-08-11T18:59:45.000000Z,1.4033203125,1.40234375,2.0
2015-08-11T18:59:50.000000Z,1.4033203125,1.40234375,3.0
2015-08-11T19:00:00.000000Z,1.4033203125,1.40234375,1.0
2015-08-11T19:00:05.000000Z,1.4033203125,1.40234375,1.0
2015-08-11T19:00:10.000000Z,1.4033203125,1.40234375,1.0
2015-08-11T19:00:25.000000Z,1.4033203125,1.40234375,1.0
2015-08-11T19:00:50.000000Z,1.4033203125,1.40234375,2.0
2015-08-11T19:01:00.000000Z,1.4033203125,1.40234375,7.0
2015-08-11T19:01:15.000000Z,1.4033203125,1.40234375,1.0
2015-08-11T19:01:25.000000Z,1.4033203125,1.40234375,2.0
2015-08-11T19:01:30.000000Z,1.4033203125,1.40234375,1.0
2015-08-11T19:01:35.000000Z,1.4033203125,1.40234375,2.0
2015-08-11T19:01:40.000000Z,1.4033203125,1.40234375,2.0
2015-08-11T19:01:50.000000Z,1.4033203125,1.40234375,1.0
2015-08-11T19:02:10.000000Z,1.4033203125,1.40234375,1.0
2015-08-11T19:02:15.000000Z,1.4033203125,1.40234375,2.0
2015-08-11T19:02:20.000000Z,1.4033203125,1.40234375,5.0
2015-08-11T19:02:25.000000Z,1.4033203125,1.40234375,3.0
2015-08-11T19:02:35.000000Z,1.4033203125,1.40234375,2.0
2015-08-11T19:02:50.000000Z,1.4033203125,1.40234375,1.0
2015-08-11T19:03:10.000000Z,1.4033203125,1.40234375,1.0
2015-08-11T19:03:30.000000Z,1.4033203125,1.40234375,2.0
2015-08-11T19:03:50.000000Z,1.4033203125,1.40234375,3.0
2015-08-11T19:04:05.000000Z,1.4033203125,1.40234375,3.0
2015-08-11T19:04:10.000000Z,1.4033203125,1.40234375,1.0
2015-08-11T19:04:20.000000Z,1.4033203125,1.40234375,1.0
2015-08-11T19:04:25.000000Z,1.4033203125,1.40234375,5.0
2015-08-11T19:04:40.000000Z,1.4033203125,1.40234375,2.0
2015-08-11T19:04:45.000000Z,1.4033203125,1.40234375,4.0
2015-08-11T19:05:00.000000Z,1.4033203125,1.40234375,6.0
2015-08-11T19:05:15.000000Z,1.4033203125,1.40234375,5.0
2015-08-11T19:05:25.000000Z,1.4033203125,1.40234375,7.0
2015-08-11T19:05:30.000000Z,1.4033203125,1.40234375,5.0
2015-08-11T19:05:35.000000Z,1.4033203125,1.40234375,2.0
2015-08-11T19:05:40.000000Z,1.4033203125,1.40234375,1.0
2015-08-11T19:05:50.000000Z,1.4033203125,1.40234375,2.0
2015-08-11T19:05:55.000000Z,1.4033203125,1.40234375,1.0
2015-08-11T19:06:00.000000Z,1.4033203125,1.40234375,1.0
2015-08-11T19:06:10.000000Z,1.4033203125,1.40234375,2.0
2015-08-11T19:06:15.000000Z,1.4033203125,1.40234375,1.0
2015-08-11T19:06:25.000000Z,1.4033203125,1.40234375,1.0
2015-08-11T19:06:35.000000Z,1.4033203125,1.40234375,1.0
2015-08-11T19:06:45.000000Z,1.4033203125,1.40234375,3.0
2015-08-11T19:07:00.000000Z,1.4033203125,1.40234375,4.0
2015-08-11T19:07:05.000000Z,1.4033203125,1.40234375,1.0
2015-08-11T19:07:20.000000Z,1.4033203125,1.40234375,3.0
2015-08-11T19:07:35.000000Z,1.4033203125,1.40234375,1.0
2015-08-11T19:07:45.000000Z,1.4033203125,1.40234375,2.0
2015-08-11T19:07:50.000000Z,1.4033203125,1.40234375,1.0
2015-08-11T19:08:10.000000Z,1.4033203125,1.40234375,1.0
2015-08-11T19:08:30.000000Z,1.4033203125,1.40234375,1.0
2015-08-11T19:08:35.000000Z,1.4033203125,1.40234375,1.0
2015-08-11T19:08:45.000000Z,1.4033203125,1.40234375,2.0
2015-08-11T19:08:50.000000Z,1.4033203125,1.40234375,1.0
2015-08-11T19:08:55.000000Z,1.4033203125,1.40234375,1.0
2015-08-11T19:09:05.000000Z,1.4033203125,1.40234375,2.0
2015-08-11T19:09:10.000000Z,1.4033203125,1.40234375,1.0
2015-08-11T19:09:25.000000Z,1.4033203125,1.40234375,3.0
2015-08-11T19:09:40.000000Z,1.4033203125,1.40234375,1.0
2015-08-11T19:09:45.000000Z,1.4033203125,1.40234375,1.0
2015-08-11T19:10:00.000000Z,1.4033203125,1.40234375,4.0
2015-08-11T19:10:20.000000Z,1.4033203125,1.40234375,2.0
2015-08-11T19:10:25.000000Z,1.4033203125,1.40234375,6.0
2015-08-11T19:10:30.000000Z,1.4033203125,1.40234375,9.0
2015-08-11T19:10:35.000000Z,1.4033203125,1.40234375,1.0
2015-08-11T19:10:40.000000Z,1.4033203125,1.40234375,1.0
2015-08-11T19:10:55.000000Z,1.4033203125,1.40234375,1.0
2015-08-11T19:11:40.000000Z,1.4033203125,1.40234375,1.0
2015-08-11T19:11:55.000000Z,1.4033203125,1.40234375,3.0
2015-08-11T19:12:00.000000Z,1.4033203125,1.40234375,2.0
2015-08-11T19:12:05.000000Z,1.4033203125,1.40234375,1.0
2015-08-11T19:12:20.000000Z,1.4033203125,1.40234375,1.0
2015-08-11T19:12:40.000000Z,1.4033203125,1.40234375,1.0
2015-08-11T19:13:30.000000Z,1.4033203125,1.40234375,1.0
2015-08-11T19:13:50.000000Z,1.4033203125,1.40234375,2.0
2015-08-11T19:13:55.000000Z,1.4033203125,1.40234375,2.0
2015-08-11T19:14:10.000000Z,1.4033203125,1.40234375,2.0
2015-08-11T19:14:55.000000Z,1.4033203125,1.40234375,8.0
2015-08-11T19:15:00.000000Z,1.4033203125,1.40234375,6.0
2015-08-11T19:15:10.000000Z,1.4033203125,1.40234375,1.0
2015-08-11T19:15:15.000000Z,1.4033203125,1.40234375,4.0
2015-08-11T19:15:20.000000Z,1.4033203125,1.40234375,1.0
2015-08-11T19:15:30.000000Z,1.4033203125,1.40234375,1.0
2015-08-11T19:15:35.000000Z,1.4033203125,1.40234375,1.0
2015-08-11T19:15:45.000000Z,1.4033203125,1.40234375,3.0
2015-08-11T19:15:50.000000Z,1.4033203125,1.40234375,2.0
2015-08-11T19:15:55.000000Z,1.4033203125,1.40234375,2.0
2015-08-11T19:16:00.000000Z,1.4033203125,1.40234375,2.0
2015-08-11T19:16:05.000000Z,1.4033203125,1.40234375,8.0
2015-08-11T19:16:10.000000Z,1.4033203125,1.40234375,5.0
2015-08-11T19:16:20.000000Z,1.4033203125,1.40234375,2.0
2015-08-11T19:16:25.000000Z,1.4033203125,1.40234375,2.0
2015-08-11T19:16:35.000000Z,1.4033203125,1.40234375,3.0
2015-08-11T19:16:45.000000Z,1.4033203125,1.40234375,1.0
2015-08-11T19:16:50.000000Z,1.4033203125,1.40234375,1.0
2015-08-11T19:16:55.000000Z,1.4033203125,1.40234375,5.0
2015-08-11T19:17:00.000000Z,1.4033203125,1.40234375,8.0
2015-08-11T19:17:05.000000Z,1.4033203125,1.40234375,3.0
2015-08-11T19:17:15.000000Z,1.4033203125,1.40234375,3.0
2015-08-11T19:17:20.000000Z,1.4033203125,1.40234375,5.0
2015-08-11T19:17:25.000000Z,1.4033203125,1.40234375,1.0
2015-08-11T19:17:30.000000Z,1.4033203125,1.40234375,4.0
2015-08-11T19:17:35.000000Z,1.4033203125,1.40234375,1.0
2015-08-11T19:17:45.000000Z,1.4033203125,1.40234375,1.0
2015-08-11T19:17:55.000000Z,1.4033203125,1.40234375,1.0
2015-08-11T19:18:00.000000Z,1.4033203125,1.40234375,4.0
2015-08-11T19:18:10.000000Z,1.4033203125,1.40234375,1.0
2015-08-11T19:18:20.000000Z,1.4033203125,1.40234375,4.0
2015-08-11T19:18:25.000000Z,1.4033203125,1.40234375,2.0
2015-08-11T19:18:30.000000Z,1.4033203125,1.40234375,1.0
2015-08-11T19:18:35.000000Z,1.4033203125,1.40234375,2.0
2015-08-11T19:18:50.000000Z,1.4033203125,1.40234375,4.0
2015-08-11T19:19:05.000000Z,1.4033203125,1.40234375,2.0
2015-08-11T19:19:10.000000Z,1.4033203125,1.40234375,2.0
2015-08-11T19:19:15.000000Z,1.4033203125,1.40234375,1.0
2015-08-11T19:19:30.000000Z,1.4033203125,1.40234375,2.0
2015-08-11T19:19:35.000000Z,1.4033203125,1.40234375,1.0
2015-08-11T19:19:40.000000Z,1.4033203125,1.40234375,3.0
2015-08-11T19:20:00.000000Z,1.4033203125,1.40234375,2.0
2015-08-11T19:20:05.000000Z,1.4033203125,1.40234375,1.0
2015-08-11T19:20:10.000000Z,1.4033203125,1.40234375,2.0
2015-08-11T19:20:15.000000Z,1.4033203125,1.40234375,1.0
2015-08-11T19:20:20.000000Z,1.4033203125,1.40234375,2.0
2015-08-11T19:20:30.000000Z,1.4033203125,1.40234375,1.0
2015-08-11T19:20:55.000000Z,1.4033203125,1.40234375,2.0
2015-08-11T19:21:00.000000Z,1.4033203125,1.40234375,1.0
2015-08-11T19:21:10.000000Z,1.4033203125,1.40234375,1.0
2015-08-11T19:21:15.000000Z,1.4033203125,1.40234375,1.0
2015-08-11T19:21:25.000000Z,1.4033203125,1.40234375,2.0
2015-08-11T19:21:30.000000Z,1.4033203125,1.40234375,2.0
2015-08-11T19:21:45.000000Z,1.4033203125,1.40234375,1.0
2015-08-11T19:21:50.000000Z,1.4033203125,1.40234375,3.0
2015-08-11T19:22:05.000000Z,1.4033203125,1.40234375,2.0
2015-08-11T19:22:30.000000Z,1.4033203125,1.40234375,2.0
2015-08-11T19:22:35.000000Z,1.4033203125,1.40234375,9.0
2015-08-11T19:22:40.000000Z,1.4033203125,1.40234375,24.0
2015-08-11T19:22:45.000000Z,1.4033203125,1.40234375,23.0
2015-08-11T19:22:50.000000Z,1.4033203125,1.40234375,18.0
2015-08-11T19:22:55.000000Z,1.4033203125,1.40234375,24.0
2015-08-11T19:23:00.000000Z,1.4033203125,1.40234375,12.0
2015-08-11T19:23:05.000000Z,1.4033203125,1.40234375,20.0
2015-08-11T19:23:10.000000Z,1.4033203125,1.40234375,25.0
2015-08-11T19:23:15.000000Z,1.4033203125,1.40234375,8.0
2015-08-11T19:23:20.000000Z,1.4033203125,1.40234375,10.0
2015-08-11T19:23:25.000000Z,1.4033203125,1.40234375,8.0
2015-08-11T19:23:30.000000Z,1.4033203125,1.40234375,4.0
2015-08-11T19:23:40.000000Z,1.4033203125,1.40234375,1.0
2015-08-11T19:23:45.000000Z,1.4033203125,1.40234375,8.0
2015-08-11T19:24:10.000000Z,1.4033203125,1.40234375,1.0
2015-08-11T19:24:15.000000Z,1.4033203125,1.40234375,6.0
2015-08-11T19:24:25.000000Z,1.4033203125,1.40234375,9.0
2015-08-11T19:24:30.000000Z,1.4033203125,1.40234375,12.0
2015-08-11T19:24:35.000000Z,1.4033203125,1.40234375,1.0
2015-08-11T19:24:40.000000Z,1.4033203125,1.40234375,2.0
2015-08-11T19:24:45.000000Z,1.4033203125,1.40234375,2.0
2015-08-11T19:24:50.000000Z,1.4033203125,1.40234375,1.0
2015-08-11T19:25:15.000000Z,1.4033203125,1.40234375,3.0
2015-08-11T19:25:20.000000Z,1.4033203125,1.40234375,20.0
2015-08-11T19:25:30.000000Z,1.4033203125,1.40234375,9.0
2015-08-11T19:25:35.000000Z,1.4033203125,1.40234375,2.0
2015-08-11T19:25:40.000000Z,1.4033203125,1.40234375,2.0
2015-08-11T19:25:55.000000Z,1.4033203125,1.40234375,2.0
2015-08-11T19:26:00.000000Z,1.4033203125,1.40234375,1.0
