time,closeAsk,closeBid,volume
2015-08-11T10:11:50.000000Z,1.400390625,1.400390625,5.0
2015-08-11T10:12:00.000000Z,1.400390625,1.400390625,18.0
2015-08-11T10:12:10.000000Z,1.400390625,1.400390625,17.0
2015-08-11T10:12:20.000000Z,1.400390625,1.400390625,22.0
2015-08-11T10:12:30.000000Z,1.400390625,1.400390625,19.0
2015-08-11T10:12:40.000000Z,1.400390625,1.400390625,8.0
2015-08-11T10:12:50.000000Z,1.400390625,1.400390625,5.0
2015-08-11T10:13:00.000000Z,1.400390625,1.3994140625,10.0
2015-08-11T10:13:10.000000Z,1.400390625,1.3994140625,1.0
2015-08-11T10:13:20.000000Z,1.400390625,1.3994140625,4.0
2015-08-11T10:13:30.000000Z,1.400390625,1.3994140625,5.0
2015-08-11T10:13:40.000000Z,1.400390625,1.3994140625,4.0
2015-08-11T10:13:50.000000Z,1.400390625,1.3994140625,3.0
2015-08-11T10:14:00.000000Z,1.400390625,1.3994140625,4.0
2015-08-11T10:14:10.000000Z,1.400390625,1.3994140625,2.0
2015-08-11T10:14:20.000000Z,1.400390625,1.3994140625,9.0
2015-08-11T10:14:30.000000Z,1.400390625,1.3994140625,6.0
2015-08-11T10:14:50.000000Z,1.400390625,1.3994140625,12.0
2015-08-11T10:15:00.000000Z,1.400390625,1.3994140625,20.0
2015-08-11T10:15:10.000000Z,1.400390625,1.3994140625,7.0
2015-08-11T10:15:20.000000Z,1.400390625,1.3994140625,25.0
2015-08-11T10:15:30.000000Z,1.400390625,1.3994140625,1.0
2015-08-11T10:15:40.000000Z,1.400390625,1.3994140625,4.0
2015-08-11T10:15:50.000000Z,1.400390625,1.3994140625,3.0
2015-08-11T10:16:00.000000Z,1.400390625,1.3994140625,11.0
2015-08-11T10:16:10.000000Z,1.400390625,1.3994140625,9.0
2015-08-11T10:16:20.000000Z,1.400390625,1.3994140625,3.0
2015-08-11T10:16:30.000000Z,1.400390625,1.3994140625,9.0
2015-08-11T10:16:40.000000Z,1.400390625,1.3994140625,9.0
2015-08-11T10:16:50.000000Z,1.400390625,1.3994140625,5.0
2015-08-11T10:17:10.000000Z,1.400390625,1.3994140625,2.0
2015-08-11T10:17:20.000000Z,1.400390625,1.3994140625,5.0
2015-08-11T10:17:30.000000Z,1.400390625,1.3994140625,16.0
2015-08-11T10:17:40.000000Z,1.400390625,1.3994140625,8.0
2015-08-11T10:17:50.000000Z,1.400390625,1.400390625,17.0
2015-08-11T10:18:00.000000Z,1.400390625,1.400390625,13.0
2015-08-11T10:18:10.000000Z,1.400390625,1.3994140625,11.0
2015-08-11T10:18:20.000000Z,1.400390625,1.3994140625,8.0
2015-08-11T10:18:30.000000Z,1.400390625,1.3994140625,10.0
2015-08-11T10:18:40.000000Z,1.400390625,1.3994140625,8.0
2015-08-11T10:19:00.000000Z,1.400390625,1.3994140625,1.0
2015-08-11T10:19:10.000000Z,1.400390625,1.3994140625,16.0
2015-08-11T10:19:20.000000Z,1.400390625,1.3994140625,14.0
2015-08-11T10:19:30.000000Z,1.400390625,1.3994140625,59.0
2015-08-11T10:19:40.000000Z,1.400390625,1.3994140625,17.0
2015-08-11T10:19:50.000000Z,1.400390625,1.3994140625,11.0
2015-08-11T10:20:10.000000Z,1.400390625,1.3994140625,3.0
2015-08-11T10:20:20.000000Z,1.400390625,1.3994140625,5.0
2015-08-11T10:20:30.000000Z,1.400390625,1.3994140625,1.0
2015-08-11T10:20:50.000000Z,1.400390625,1.3994140625,4.0
2015-08-11T10:21:00.000000Z,1.400390625,1.3994140625,7.0
2015-08-11T10:21:10.000000Z,1.400390625,1.3994140625,9.0
2015-08-11T10:21:20.000000Z,1.400390625,1.3994140625,10.0
2015-08-11T10:21:30.000000Z,1.400390625,1.3994140625,3.0
2015-08-11T10:21:40.000000Z,1.400390625,1.3994140625,3.0
2015-08-11T10:21:50.000000Z,1.400390625,1.3994140625,2.0
2015-08-11T10:22:00.000000Z,1.400390625,1.3994140625,4.0
2015-08-11T10:22:10.000000Z,1.400390625,1.3994140625,1.0
2015-08-11T10:22:20.000000Z,1.400390625,1.3994140625,3.0
2015-08-11T10:22:30.000000Z,1.400390625,1.3994140625,4.0
2015-08-11T10:22:40.000000Z,1.400390625,1.3994140625,3.0
2015-08-11T10:22:50.000000Z,1.400390625,1.3994140625,7.0
2015-08-11T10:23:00.000000Z,1.400390625,1.3994140625,6.0
2015-08-11T10:23:10.000000Z,1.400390625,1.3994140625,2.0
2015-08-11T10:23:20.000000Z,1.400390625,1.3994140625,3.0
2015-08-11T10:23:30.000000Z,1.400390625,1.3994140625,10.0
2015-08-11T10:23:40.000000Z,1.400390625,1.3994140625,23.0
2015-08-11T10:23:50.000000Z,1.400390625,1.3994140625,20.0
2015-08-11T10:24:00.000000Z,1.400390625,1.3994140625,36.0
2015-08-11T10:24:10.000000Z,1.400390625,1.3994140625,5.0
2015-08-11T10:24:20.000000Z,1.400390625,1.3994140625,1.0
2015-08-11T10:24:30.000000Z,1.400390625,1.3994140625,20.0
2015-08-11T10:24:40.000000Z,1.400390625,1.3994140625,4.0
2015-08-11T10:25:00.000000Z,1.400390625,1.400390625,12.0
2015-08-11T10:25:10.000000Z,1.400390625,1.400390625,5.0
2015-08-11T10:25:20.000000Z,1.400390625,1.3994140625,11.0
2015-08-11T10:25:40.000000Z,1.400390625,1.400390625,1.0
2015-08-11T10:25:50.000000Z,1.400390625,1.400390625,10.0
2015-08-11T10:26:00.000000Z,1.400390625,1.400390625,1.0
2015-08-11T10:26:10.000000Z,1.400390625,1.400390625,1.0
2015-08-11T10:26:20.000000Z,1.400390625,1.400390625,2.0
2015-08-11T10:26:30.000000Z,1.400390625,1.400390625,1.0
2015-08-11T10:26:40.000000Z,1.400390625,1.400390625,1.0
2015-08-11T10:26:50.000000Z,1.400390625,1.400390625,4.0
2015-08-11T10:27:00.000000Z,1.400390625,1.400390625,1.0
2015-08-11T10:27:20.000000Z,1.400390625,1.400390625,1.0
2015-08-11T10:27:30.000000Z,1.400390625,1.3994140625,8.0
2015-08-11T10:27:40.000000Z,1.400390625,1.3994140625,1.0
2015-08-11T10:27:50.000000Z,1.400390625,1.3994140625,1.0
2015-08-11T10:28:00.000000Z,1.400390625,1.3994140625,3.0
2015-08-11T10:28:10.000000Z,1.400390625,1.3994140625,2.0
2015-08-11T10:28:20.000000Z,1.400390625,1.3994140625,2.0
2015-08-11T10:28:40.000000Z,1.400390625,1.3994140625,6.0
2015-08-11T10:28:50.000000Z,1.400390625,1.3994140625,3.0
2015-08-11T10:29:10.000000Z,1.400390625,1.3994140625,3.0
2015-08-11T10:29:20.000000Z,1.400390625,1.3994140625,1.0
2015-08-11T10:29:30.000000Z,1.400390625,1.3994140625,2.0
2015-08-11T10:29:40.000000Z,1.400390625,1.3994140625,2.0
2015-08-11T10:29:50.000000Z,1.400390625,1.3994140625,4.0
2015-08-11T10:30:00.000000Z,1.400390625,1.3994140625,1.0
2015-08-11T10:30:10.000000Z,1.400390625,1.400390625,6.0
2015-08-11T10:30:20.000000Z,1.400390625,1.3994140625,25.0
2015-08-11T10:30:30.000000Z,1.400390625,1.3994140625,6.0
2015-08-11T10:30:40.000000Z,1.400390625,1.3994140625,6.0
2015-08-11T10:30:50.000000Z,1.400390625,1.3994140625,7.0
2015-08-11T10:31:00.000000Z,1.400390625,1.3994140625,9.0
2015-08-11T10:31:10.000000Z,1.400390625,1.3994140625,6.0
2015-08-11T10:31:20.000000Z,1.400390625,1.3994140625,8.0
2015-08-11T10:31:30.000000Z,1.400390625,1.3994140625,2.0
2015-08-11T10:31:40.000000Z,1.400390625,1.3994140625,3.0
2015-08-11T10:31:50.000000Z,1.400390625,1.3994140625,1.0
2015-08-11T10:32:00.000000Z,1.400390625,1.3994140625,2.0
2015-08-11T10:32:10.000000Z,1.400390625,1.3994140625,22.0
2015-08-11T10:32:20.000000Z,1.400390625,1.3994140625,10.0
2015-08-11T10:32:30.000000Z,1.400390625,1.3994140625,5.0
2015-08-11T10:33:00.000000Z,1.400390625,1.3994140625,1.0
2015-08-11T10:33:30.000000Z,1.3994140625,1.3994140625,62.0
2015-08-11T10:33:40.000000Z,1.400390625,1.3994140625,20.0
2015-08-11T10:33:50.000000Z,1.400390625,1.3994140625,4.0
2015-08-11T10:34:00.000000Z,1.400390625,1.3994140625,5.0
2015-08-11T10:34:10.000000Z,1.400390625,1.3994140625,6.0
2015-08-11T10:34:20.000000Z,1.400390625,1.3994140625,6.0
2015-08-11T10:34:30.000000Z,1.400390625,1.3994140625,5.0
2015-08-11T10:34:40.000000Z,1.400390625,1.3994140625,19.0
2015-08-11T10:34:50.000000Z,1.400390625,1.3994140625,4.0
2015-08-11T10:35:00.000000Z,1.400390625,1.3994140625,3.0
2015-08-11T10:35:10.000000Z,1.400390625,1.3994140625,9.0
2015-08-11T10:35:20.000000Z,1.400390625,1.3994140625,16.0
2015-08-11T10:35:30.000000Z,1.400390625,1.3994140625,9.0
2015-08-11T10:35:40.000000Z,1.400390625,1.3994140625,5.0
2015-08-11T10:35:50.000000Z,1.400390625,1.3994140625,3.0
2015-08-11T10:36:00.000000Z,1.400390625,1.3994140625,6.0
2015-08-11T10:36:10.000000Z,1.400390625,1.3994140625,9.0
2015-08-11T10:36:20.000000Z,1.400390625,1.3994140625,26.0
2015-08-11T10:36:30.000000Z,1.400390625,1.3994140625,12.0
2015-08-11T10:36:50.000000Z,1.400390625,1.3994140625,10.0
2015-08-11T10:37:00.000000Z,1.400390625,1.3994140625,24.0
2015-08-11T10:37:10.000000Z,1.400390625,1.3994140625,24.0
2015-08-11T10:37:20.000000Z,1.400390625,1.3994140625,28.0
2015-08-11T10:37:30.000000Z,1.400390625,1.3994140625,8.0
2015-08-11T10:37:40.000000Z,1.400390625,1.3994140625,8.0
2015-08-11T10:37:50.000000Z,1.400390625,1.3994140625,1.0
2015-08-11T10:38:00.000000Z,1.400390625,1.3994140625,1.0
2015-08-11T10:38:10.000000Z,1.400390625,1.3994140625,4.0
2015-08-11T10:38:20.000000Z,1.400390625,1.3994140625,5.0
2015-08-11T10:38:30.000000Z,1.400390625,1.3994140625,26.0
2015-08-11T10:38:40.000000Z,1.400390625,1.3994140625,18.0
2015-08-11T10:38:50.000000Z,1.400390625,1.3994140625,1.0
2015-08-11T10:39:10.000000Z,1.400390625,1.3994140625,10.0
2015-08-11T10:39:20.000000Z,1.400390625,1.3994140625,39.0
2015-08-11T10:39:30.000000Z,1.400390625,1.400390625,5.0
2015-08-11T10:39:40.000000Z,1.400390625,1.400390625,6.0
2015-08-11T10:39:50.000000Z,1.400390625,1.400390625,7.0
2015-08-11T10:40:00.000000Z,1.400390625,1.400390625,2.0
2015-08-11T10:40:10.000000Z,1.400390625,1.400390625,1.0
2015-08-11T10:40:20.000000Z,1.400390625,1.400390625,6.0
2015-08-11T10:40:30.000000Z,1.400390625,1.400390625,4.0
2015-08-11T10:40:40.000000Z,1.400390625,1.400390625,10.0
2015-08-11T10:40:50.000000Z,1.400390625,1.400390625,15.0
2015-08-11T10:41:00.000000Z,1.400390625,1.400390625,6.0
2015-08-11T10:41:10.000000Z,1.400390625,1.400390625,11.0
2015-08-11T10:41:20.000000Z,1.400390625,1.400390625,16.0
2015-08-11T10:41:30.000000Z,1.4013671875,1.400390625,24.0
2015-08-11T10:41:40.000000Z,1.4013671875,1.400390625,55.0
2015-08-11T10:41:50.000000Z,1.4013671875,1.4013671875,26.0
2015-08-11T10:42:00.000000Z,1.4013671875,1.400390625,24.0
2015-08-11T10:42:10.000000Z,1.4013671875,1.400390625,12.0
2015-08-11T10:42:20.000000Z,1.4013671875,1.4013671875,12.0
2015-08-11T10:42:30.000000Z,1.4013671875,1.4013671875,25.0
2015-08-11T10:42:40.000000Z,1.4013671875,1.4013671875,4.0
2015-08-11T10:42:50.000000Z,1.4013671875,1.4013671875,26.0
2015-08-11T10:43:00.000000Z,1.4013671875,1.4013671875,9.0
2015-08-11T10:43:10.000000Z,1.4013671875,1.4013671875,45.0
2015-08-11T10:43:20.000000Z,1.4013671875,1.4013671875,28.0
2015-08-11T10:43:30.000000Z,1.4013671875,1.4013671875,20.0
2015-08-11T10:43:40.000000Z,1.4013671875,1.4013671875,14.0
2015-08-11T10:43:50.000000Z,1.4013671875,1.4013671875,10.0
2015-08-11T10:44:00.000000Z,1.4013671875,1.4013671875,2.0
2015-08-11T10:44:10.000000Z,1.4013671875,1.4013671875,2.0
2015-08-11T10:44:20.000000Z,1.4013671875,1.4013671875,17.0
2015-08-11T10:44:30.000000Z,1.40234375,1.4013671875,36.0
2015-08-11T10:44:40.000000Z,1.40234375,1.4013671875,23.0
2015-08-11T10:44:50.000000Z,1.40234375,1.4013671875,6.0
2015-08-11T10:45:00.000000Z,1.40234375,1.4013671875,2.0
2015-08-11T10:45:10.000000Z,1.40234375,1.4013671875,3.0
2015-08-11T10:45:20.000000Z,1.40234375,1.4013671875,10.0
2015-08-11T10:45:30.000000Z,1.40234375,1.4013671875,7.0
2015-08-11T10:45:40.000000Z,1.40234375,1.4013671875,19.0
2015-08-11T10:45:50.000000Z,1.40234375,1.4013671875,30.0
2015-08-11T10:46:00.000000Z,1.40234375,1.4013671875,26.0
2015-08-11T10:46:10.000000Z,1.40234375,1.4013671875,95.0
2015-08-11T10:46:20.000000Z,1.40234375,1.4013671875,14.0
2015-08-11T10:46:30.000000Z,1.40234375,1.4013671875,12.0
2015-08-11T10:46:40.000000Z,1.40234375,1.4013671875,14.0
2015-08-11T10:46:50.000000Z,1.40234375,1.4013671875,14.0
2015-08-11T10:47:00.000000Z,1.40234375,1.4013671875,19.0
2015-08-11T10:47:10.000000Z,1.40234375,1.4013671875,6.0
2015-08-11T10:47:20.000000Z,1.40234375,1.4013671875,37.0
2015-08-11T10:47:30.000000Z,1.40234375,1.4013671875,17.0
2015-08-11T10:47:40.000000Z,1.40234375,1.4013671875,9.0
2015-08-11T10:47:50.000000Z,1.40234375,1.4013671875,14.0
2015-08-11T10:48:00.000000Z,1.40234375,1.4013671875,11.0
2015-08-11T10:48:10.000000Z,1.40234375,1.4013671875,4.0
2015-08-11T10:48:20.000000Z,1.40234375,1.4013671875,3.0
2015-08-11T10:48:30.000000Z,1.40234375,1.4013671875,6.0
2015-08-11T10:48:40.000000Z,1.40234375,1.4013671875,5.0
2015-08-11T10:48:50.000000Z,1.4013671875,1.4013671875,43.0
2015-08-11T10:49:00.000000Z,1.4013671875,1.4013671875,13.0
2015-08-11T10:49:10.000000Z,1.4013671875,1.400390625,38.0
2015-08-11T10:49:20.000000Z,1.4013671875,1.400390625,25.0
2015-08-11T10:49:30.000000Z,1.4013671875,1.400390625,21.0
2015-08-11T10:49:40.000000Z,1.4013671875,1.400390625,12.0
2015-08-11T10:49:50.000000Z,1.4013671875,1.400390625,4.0
2015-08-11T10:50:00.000000Z,1.4013671875,1.400390625,4.0
2015-08-11T10:50:10.000000Z,1.4013671875,1.400390625,6.0
2015-08-11T10:50:20.000000Z,1.4013671875,1.4013671875,10.0
2015-08-11T10:50:30.000000Z,1.4013671875,1.4013671875,9.0
2015-08-11T10:50:40.000000Z,1.4013671875,1.4013671875,9.0
2015-08-11T10:50:50.000000Z,1.4013671875,1.4013671875,12.0
2015-08-11T10:51:00.000000Z,1.4013671875,1.4013671875,9.0
2015-08-11T10:51:10.000000Z,1.4013671875,1.4013671875,12.0
2015-08-11T10:51:20.000000Z,1.4013671875,1.4013671875,11.0
2015-08-11T10:51:30.000000Z,1.4013671875,1.4013671875,15.0
2015-08-11T10:51:40.000000Z,1.40234375,1.4013671875,34.0
2015-08-11T10:51:50.000000Z,1.40234375,1.4013671875,5.0
2015-08-11T10:52:00.000000Z,1.40234375,1.4013671875,1.0
2015-08-11T10:52:10.000000Z,1.4013671875,1.400390625,39.0
2015-08-11T10:52:20.000000Z,1.4013671875,1.400390625,17.0
2015-08-11T10:52:30.000000Z,1.4013671875,1.400390625,24.0
2015-08-11T10:52:40.000000Z,1.4013671875,1.400390625,17.0
2015-08-11T10:52:50.000000Z,1.4013671875,1.400390625,20.0
2015-08-11T10:53:00.000000Z,1.4013671875,1.400390625,40.0
2015-08-11T10:53:10.000000Z,1.4013671875,1.4013671875,34.0
2015-08-11T10:53:20.000000Z,1.4013671875,1.400390625,31.0
2015-08-11T10:53:30.000000Z,1.4013671875,1.400390625,19.0
2015-08-11T10:53:40.000000Z,1.4013671875,1.400390625,9.0
2015-08-11T10:53:50.000000Z,1.4013671875,1.400390625,14.0
2015-08-11T10:54:00.000000Z,1.4013671875,1.400390625,12.0
2015-08-11T10:54:10.000000Z,1.4013671875,1.400390625,2.0
2015-08-11T10:54:20.000000Z,1.4013671875,1.400390625,6.0
2015-08-11T10:54:30.000000Z,1.4013671875,1.400390625,1.0
2015-08-11T10:54:40.000000Z,1.4013671875,1.400390625,7.0
2015-08-11T10:54:50.000000Z,1.4013671875,1.400390625,3.0
2015-08-11T10:55:00.000000Z,1.4013671875,1.400390625,10.0
2015-08-11T10:55:10.000000Z,1.4013671875,1.4013671875,16.0
2015-08-11T10:55:20.000000Z,1.4013671875,1.4013671875,16.0
2015-08-11T10:55:30.000000Z,1.4013671875,1.4013671875,20.0
2015-08-11T10:55:40.000000Z,1.4013671875,1.4013671875,8.0
2015-08-11T10:55:50.000000Z,1.4013671875,1.4013671875,15.0
2015-08-11T10:56:00.000000Z,1.4013671875,1.4013671875,3.0
2015-08-11T10:56:10.000000Z,1.4013671875,1.4013671875,8.0
2015-08-11T10:56:20.000000Z,1.4013671875,1.4013671875,6.0
2015-08-11T10:56:30.000000Z,1.4013671875,1.4013671875,12.0
2015-08-11T10:56:40.000000Z,1.4013671875,1.4013671875,14.0
2015-08-11T10:56:50.000000Z,1.4013671875,1.4013671875,11.0
2015-08-11T10:57:10.000000Z,1.4013671875,1.4013671875,18.0
2015-08-11T10:57:20.000000Z,1.4013671875,1.4013671875,1.0
2015-08-11T10:57:30.000000Z,1.4013671875,1.4013671875,11.0
2015-08-11T10:57:40.000000Z,1.4013671875,1.4013671875,2.0
2015-08-11T10:57:50.000000Z,1.4013671875,1.4013671875,6.0
2015-08-11T10:58:00.000000Z,1.40234375,1.4013671875,14.0
2015-08-11T10:58:10.000000Z,1.40234375,1.4013671875,7.0
2015-08-11T10:58:20.000000Z,1.40234375,1.4013671875,18.0
2015-08-11T10:58:30.000000Z,1.40234375,1.4013671875,21.0
2015-08-11T10:58:40.000000Z,1.4013671875,1.4013671875,18.0
2015-08-11T10:58:50.000000Z,1.40234375,1.4013671875,22.0
2015-08-11T10:59:00.000000Z,1.40234375,1.4013671875,8.0
2015-08-11T10:59:10.000000Z,1.40234375,1.4013671875,22.0
2015-08-11T10:59:20.000000Z,1.4013671875,1.4013671875,29.0
2015-08-11T10:59:30.000000Z,1.4013671875,1.4013671875,11.0
2015-08-11T10:59:40.000000Z,1.4013671875,1.4013671875,10.0
2015-08-11T10:59:50.000000Z,1.4013671875,1.4013671875,11.0
2015-08-11T11:00:00.000000Z,1.40234375,1.4013671875,12.0
2015-08-11T11:00:10.000000Z,1.40234375,1.4013671875,31.0
2015-08-11T11:00:20.000000Z,1.40234375,1.4013671875,38.0
2015-08-11T11:00:30.000000Z,1.40234375,1.4013671875,8.0
2015-08-11T11:00:40.000000Z,1.40234375,1.4013671875,22.0
2015-08-11T11:00:50.000000Z,1.40234375,1.4013671875,14.0
2015-08-11T11:01:00.000000Z,1.40234375,1.4013671875,14.0
2015-08-11T11:01:10.000000Z,1.40234375,1.4013671875,3.0
2015-08-11T11:01:20.000000Z,1.40234375,1.4013671875,1.0
2015-08-11T11:01:30.000000Z,1.40234375,1.4013671875,8.0
2015-08-11T11:01:40.000000Z,1.40234375,1.4013671875,1.0
2015-08-11T11:01:50.000000Z,1.40234375,1.4013671875,3.0
2015-08-11T11:02:00.000000Z,1.40234375,1.4013671875,9.0
2015-08-11T11:02:10.000000Z,1.4013671875,1.4013671875,31.0
2015-08-11T11:02:20.000000Z,1.4013671875,1.4013671875,10.0
2015-08-11T11:02:30.000000Z,1.40234375,1.4013671875,17.0
2015-08-11T11:02:40.000000Z,1.40234375,1.4013671875,13.0
2015-08-11T11:02:50.000000Z,1.40234375,1.4013671875,5.0
2015-08-11T11:03:00.000000Z,1.40234375,1.4013671875,11.0
2015-08-11T11:03:10.000000Z,1.40234375,1.4013671875,2.0
2015-08-11T11:03:20.000000Z,1.40234375,1.4013671875,4.0
2015-08-11T11:03:30.000000Z,1.40234375,1.4013671875,1.0
2015-08-11T11:03:40.000000Z,1.40234375,1.4013671875,3.0
2015-08-11T11:03:50.000000Z,1.40234375,1.4013671875,4.0
2015-08-11T11:04:00.000000Z,1.40234375,1.4013671875,19.0
2015-08-11T11:04:10.000000Z,1.40234375,1.4013671875,20.0
2015-08-11T11:04:20.000000Z,1.40234375,1.4013671875,42.0
2015-08-11T11:04:30.000000Z,1.4013671875,1.4013671875,14.0
2015-08-11T11:04:40.000000Z,1.40234375,1.4013671875,27.0
2015-08-11T11:04:50.000000Z,1.40234375,1.4013671875,32.0
2015-08-11T11:05:00.000000Z,1.40234375,1.4013671875,21.0
2015-08-11T11:05:10.000000Z,1.40234375,1.4013671875,13.0
2015-08-11T11:05:20.000000Z,1.40234375,1.4013671875,4.0
2015-08-11T11:05:30.000000Z,1.40234375,1.4013671875,1.0
2015-08-11T11:05:40.000000Z,1.40234375,1.4013671875,7.0
2015-08-11T11:05:50.000000Z,1.40234375,1.4013671875,1.0
2015-08-11T11:06:00.000000Z,1.40234375,1.4013671875,9.0
2015-08-11T11:06:10.000000Z,1.40234375,1.4013671875,13.0
2015-08-11T11:06:20.000000Z,1.40234375,1.4013671875,37.0
2015-08-11T11:06:30.000000Z,1.40234375,1.4013671875,12.0
2015-08-11T11:06:40.000000Z,1.4013671875,1.4013671875,15.0
2015-08-11T11:06:50.000000Z,1.4013671875,1.4013671875,7.0
2015-08-11T11:07:00.000000Z,1.4013671875,1.4013671875,5.0
2015-08-11T11:07:10.000000Z,1.4013671875,1.4013671875,3.0
2015-08-11T11:07:20.000000Z,1.4013671875,1.4013671875,25.0
2015-08-11T11:07:30.000000Z,1.4013671875,1.4013671875,6.0
2015-08-11T11:07:40.000000Z,1.4013671875,1.4013671875,4.0
2015-08-11T11:07:50.000000Z,1.4013671875,1.4013671875,36.0
2015-08-11T11:08:00.000000Z,1.4013671875,1.4013671875,11.0
2015-08-11T11:08:10.000000Z,1.4013671875,1.4013671875,9.0
2015-08-11T11:08:20.000000Z,1.4013671875,1.4013671875,9.0
2015-08-11T11:08:30.000000Z,1.4013671875,1.4013671875,4.0
2015-08-11T11:08:40.000000Z,1.4013671875,1.4013671875,11.0
2015-08-11T11:08:50.000000Z,1.4013671875,1.4013671875,5.0
2015-08-11T11:09:00.000000Z,1.4013671875,1.4013671875,7.0
2015-08-11T11:09:10.000000Z,1.4013671875,1.4013671875,8.0
2015-08-11T11:09:20.000000Z,1.4013671875,1.4013671875,5.0
2015-08-11T11:09:30.000000Z,1.4013671875,1.4013671875,3.0
2015-08-11T11:09:40.000000Z,1.4013671875,1.4013671875,1.0
2015-08-11T11:09:50.000000Z,1.4013671875,1.4013671875,15.0
2015-08-11T11:10:00.000000Z,1.4013671875,1.4013671875,26.0
2015-08-11T11:10:10.000000Z,1.4013671875,1.4013671875,21.0
2015-08-11T11:10:20.000000Z,1.4013671875,1.4013671875,14.0
2015-08-11T11:10:30.000000Z,1.4013671875,1.4013671875,5.0
2015-08-11T11:10:40.000000Z,1.4013671875,1.4013671875,5.0
2015-08-11T11:10:50.000000Z,1.4013671875,1.4013671875,5.0
2015-08-11T11:11:00.000000Z,1.4013671875,1.4013671875,9.0
2015-08-11T11:11:10.000000Z,1.4013671875,1.4013671875,8.0
2015-08-11T11:11:20.000000Z,1.4013671875,1.4013671875,2.0
2015-08-11T11:11:30.000000Z,1.4013671875,1.4013671875,3.0
2015-08-11T11:11:40.000000Z,1.4013671875,1.4013671875,4.0
2015-08-11T11:11:50.000000Z,1.4013671875,1.4013671875,8.0
2015-08-11T11:12:00.000000Z,1.4013671875,1.4013671875,1.0
2015-08-11T11:12:10.000000Z,1.4013671875,1.4013671875,1.0
2015-08-11T11:12:20.000000Z,1.4013671875,1.4013671875,4.0
2015-08-11T11:12:30.000000Z,1.4013671875,1.4013671875,6.0
2015-08-11T11:12:50.000000Z,1.4013671875,1.4013671875,8.0
2015-08-11T11:13:00.000000Z,1.4013671875,1.4013671875,2.0
2015-08-11T11:13:10.000000Z,1.4013671875,1.4013671875,8.0
2015-08-11T11:13:20.000000Z,1.4013671875,1.4013671875,6.0
2015-08-11T11:13:30.000000Z,1.4013671875,1.4013671875,7.0
2015-08-11T11:13:40.000000Z,1.4013671875,1.4013671875,1.0
2015-08-11T11:13:50.000000Z,1.4013671875,1.4013671875,3.0
2015-08-11T11:14:00.000000Z,1.4013671875,1.4013671875,3.0
2015-08-11T11:14:10.000000Z,1.4013671875,1.4013671875,3.0
2015-08-11T11:14:20.000000Z,1.4013671875,1.4013671875,3.0
2015-08-11T11:14:30.000000Z,1.4013671875,1.4013671875,5.0
2015-08-11T11:14:40.000000Z,1.4013671875,1.4013671875,8.0
2015-08-11T11:14:50.000000Z,1.4013671875,1.4013671875,10.0
2015-08-11T11:15:00.000000Z,1.4013671875,1.4013671875,7.0
2015-08-11T11:15:10.000000Z,1.40234375,1.4013671875,13.0
2015-08-11T11:15:20.000000Z,1.4013671875,1.4013671875,15.0
2015-08-11T11:15:30.000000Z,1.4013671875,1.4013671875,5.0
2015-08-11T11:15:40.000000Z,1.40234375,1.4013671875,14.0
2015-08-11T11:15:50.000000Z,1.4013671875,1.4013671875,16.0
2015-08-11T11:16:00.000000Z,1.4013671875,1.4013671875,12.0
2015-08-11T11:16:10.000000Z,1.4013671875,1.4013671875,13.0
2015-08-11T11:16:20.000000Z,1.4013671875,1.4013671875,7.0
2015-08-11T11:16:30.000000Z,1.4013671875,1.4013671875,4.0
2015-08-11T11:16:40.000000Z,1.40234375,1.4013671875,13.0
2015-08-11T11:16:50.000000Z,1.4013671875,1.4013671875,14.0
2015-08-11T11:17:00.000000Z,1.40234375,1.4013671875,22.0
2015-08-11T11:17:10.000000Z,1.40234375,1.4013671875,8.0
2015-08-11T11:17:20.000000Z,1.40234375,1.4013671875,4.0
2015-08-11T11:17:30.000000Z,1.4013671875,1.4013671875,17.0
2015-08-11T11:17:40.000000Z,1.40234375,1.4013671875,7.0
2015-08-11T11:17:50.000000Z,1.4013671875,1.4013671875,32.0
2015-08-11T11:18:00.000000Z,1.4013671875,1.4013671875,13.0
2015-08-11T11:18:10.000000Z,1.4013671875,1.4013671875,2.0
2015-08-11T11:18:20.000000Z,1.4013671875,1.4013671875,15.0
2015-08-11T11:18:30.000000Z,1.4013671875,1.4013671875,4.0
2015-08-11T11:18:40.000000Z,1.4013671875,1.4013671875,1.0
2015-08-11T11:18:50.000000Z,1.4013671875,1.4013671875,5.0
2015-08-11T11:19:00.000000Z,1.4013671875,1.4013671875,1.0
2015-08-11T11:19:10.000000Z,1.4013671875,1.4013671875,10.0
2015-08-11T11:19:20.000000Z,1.4013671875,1.400390625,36.0
2015-08-11T11:19:30.000000Z,1.4013671875,1.400390625,24.0
2015-08-11T11:19:40.000000Z,1.4013671875,1.400390625,10.0
2015-08-11T11:19:50.000000Z,1.4013671875,1.400390625,3.0
2015-08-11T11:20:00.000000Z,1.4013671875,1.400390625,13.0
2015-08-11T11:20:10.000000Z,1.4013671875,1.400390625,7.0
2015-08-11T11:20:20.000000Z,1.4013671875,1.400390625,38.0
2015-08-11T11:20:30.000000Z,1.4013671875,1.400390625,49.0
2015-08-11T11:20:40.000000Z,1.4013671875,1.4013671875,26.0
2015-08-11T11:20:50.000000Z,1.40234375,1.4013671875,25.0
2015-08-11T11:21:00.000000Z,1.4013671875,1.4013671875,12.0
2015-08-11T11:21:10.000000Z,1.4013671875,1.4013671875,31.0
2015-08-11T11:21:20.000000Z,1.4013671875,1.4013671875,11.0
2015-08-11T11:21:30.000000Z,1.4013671875,1.4013671875,2.0
2015-08-11T11:21:50.000000Z,1.4013671875,1.4013671875,11.0
2015-08-11T11:22:00.000000Z,1.4013671875,1.4013671875,10.0
2015-08-11T11:22:10.000000Z,1.4013671875,1.4013671875,3.0
2015-08-11T11:22:20.000000Z,1.4013671875,1.4013671875,7.0
2015-08-11T11:22:30.000000Z,1.4013671875,1.4013671875,2.0
2015-08-11T11:22:40.000000Z,1.4013671875,1.4013671875,12.0
2015-08-11T11:22:50.000000Z,1.4013671875,1.4013671875,7.0
2015-08-11T11:23:00.000000Z,1.4013671875,1.4013671875,6.0
2015-08-11T11:23:10.000000Z,1.4013671875,1.4013671875,5.0
2015-08-11T11:23:20.000000Z,1.4013671875,1.4013671875,4.0
2015-08-11T11:23:40.000000Z,1.4013671875,1.4013671875,21.0
2015-08-11T11:23:50.000000Z,1.4013671875,1.4013671875,22.0
2015-08-11T11:24:00.000000Z,1.4013671875,1.4013671875,1.0
2015-08-11T11:24:10.000000Z,1.4013671875,1.4013671875,6.0
2015-08-11T11:24:20.000000Z,1.4013671875,1.400390625,22.0
2015-08-11T11:24:30.000000Z,1.4013671875,1.400390625,1.0
2015-08-11T11:24:40.000000Z,1.4013671875,1.400390625,4.0
2015-08-11T11:24:50.000000Z,1.4013671875,1.400390625,2.0
2015-08-11T11:25:00.000000Z,1.4013671875,1.400390625,13.0
2015-08-11T11:25:10.000000Z,1.4013671875,1.400390625,6.0
2015-08-11T11:25:20.000000Z,1.4013671875,1.400390625,3.0
2015-08-11T11:25:30.000000Z,1.4013671875,1.400390625,14.0
2015-08-11T11:25:40.000000Z,1.4013671875,1.400390625,20.0
2015-08-11T11:25:50.000000Z,1.4013671875,1.400390625,18.0
2015-08-11T11:26:00.000000Z,1.4013671875,1.400390625,19.0
2015-08-11T11:26:10.000000Z,1.4013671875,1.400390625,8.0
2015-08-11T11:26:20.000000Z,1.4013671875,1.400390625,7.0
2015-08-11T11:26:30.000000Z,1.4013671875,1.400390625,3.0
2015-08-11T11:26:40.000000Z,1.4013671875,1.400390625,10.0
2015-08-11T11:26:50.000000Z,1.4013671875,1.400390625,11.0
2015-08-11T11:27:00.000000Z,1.4013671875,1.400390625,7.0
2015-08-11T11:27:10.000000Z,1.4013671875,1.400390625,11.0
2015-08-11T11:27:20.000000Z,1.4013671875,1.400390625,19.0
2015-08-11T11:27:30.000000Z,1.4013671875,1.400390625,13.0
2015-08-11T11:27:40.000000Z,1.4013671875,1.400390625,24.0
2015-08-11T11:27:50.000000Z,1.4013671875,1.400390625,15.0
2015-08-11T11:28:00.000000Z,1.4013671875,1.400390625,16.0
2015-08-11T11:28:10.000000Z,1.4013671875,1.400390625,22.0
2015-08-11T11:28:20.000000Z,1.4013671875,1.4013671875,24.0
2015-08-11T11:28:30.000000Z,1.4013671875,1.4013671875,4.0
2015-08-11T11:28:40.000000Z,1.4013671875,1.400390625,24.0
2015-08-11T11:28:50.000000Z,1.4013671875,1.4013671875,9.0
2015-08-11T11:29:00.000000Z,1.4013671875,1.400390625,25.0
2015-08-11T11:29:10.000000Z,1.4013671875,1.400390625,12.0
2015-08-11T11:29:20.000000Z,1.4013671875,1.400390625,11.0
2015-08-11T11:29:30.000000Z,1.4013671875,1.400390625,2.0
2015-08-11T11:29:40.000000Z,1.4013671875,1.4013671875,17.0
2015-08-11T11:29:50.000000Z,1.4013671875,1.400390625,23.0
2015-08-11T11:30:00.000000Z,1.4013671875,1.400390625,33.0
2015-08-11T11:30:10.000000Z,1.4013671875,1.400390625,16.0
2015-08-11T11:30:20.000000Z,1.4013671875,1.400390625,15.0
2015-08-11T11:30:30.000000Z,1.4013671875,1.400390625,3.0
2015-08-11T11:30:40.000000Z,1.4013671875,1.400390625,3.0
2015-08-11T11:30:50.000000Z,1.4013671875,1.400390625,2.0
2015-08-11T11:31:00.000000Z,1.4013671875,1.400390625,27.0
2015-08-11T11:31:10.000000Z,1.4013671875,1.400390625,17.0
2015-08-11T11:31:20.000000Z,1.4013671875,1.400390625,16.0
2015-08-11T11:31:30.000000Z,1.4013671875,1.400390625,4.0
2015-08-11T11:31:40.000000Z,1.4013671875,1.400390625,5.0
2015-08-11T11:32:00.000000Z,1.4013671875,1.400390625,7.0
2015-08-11T11:32:10.000000Z,1.400390625,1.400390625,20.0
2015-08-11T11:32:20.000000Z,1.400390625,1.400390625,9.0
2015-08-11T11:32:30.000000Z,1.400390625,1.400390625,7.0
2015-08-11T11:32:40.000000Z,1.400390625,1.400390625,4.0
2015-08-11T11:32:50.000000Z,1.400390625,1.400390625,2.0
2015-08-11T11:33:00.000000Z,1.400390625,1.400390625,1.0
2015-08-11T11:33:10.000000Z,1.400390625,1.400390625,2.0
2015-08-11T11:33:20.000000Z,1.400390625,1.400390625,4.0
2015-08-11T11:33:30.000000Z,1.400390625,1.400390625,6.0
2015-08-11T11:33:40.000000Z,1.400390625,1.400390625,4.0
2015-08-11T11:33:50.000000Z,1.400390625,1.400390625,13.0
2015-08-11T11:34:00.000000Z,1.400390625,1.400390625,39.0
2015-08-11T11:34:10.000000Z,1.400390625,1.400390625,20.0
2015-08-11T11:34:20.000000Z,1.400390625,1.3994140625,16.0
2015-08-11T11:34:30.000000Z,1.400390625,1.400390625,6.0
2015-08-11T11:34:40.000000Z,1.400390625,1.400390625,2.0
2015-08-11T11:35:00.000000Z,1.400390625,1.3994140625,7.0
2015-08-11T11:35:10.000000Z,1.400390625,1.3994140625,15.0
2015-08-11T11:35:20.000000Z,1.400390625,1.3994140625,3.0
2015-08-11T11:35:30.000000Z,1.400390625,1.3994140625,7.0
2015-08-11T11:35:40.000000Z,1.400390625,1.3994140625,35.0
2015-08-11T11:35:50.000000Z,1.400390625,1.3994140625,22.0
2015-08-11T11:36:00.000000Z,1.400390625,1.3994140625,9.0
2015-08-11T11:36:10.000000Z,1.400390625,1.3994140625,4.0
2015-08-11T11:36:20.000000Z,1.400390625,1.3994140625,1.0
2015-08-11T11:36:30.000000Z,1.400390625,1.3994140625,12.0
2015-08-11T11:36:40.000000Z,1.400390625,1.3994140625,5.0
2015-08-11T11:36:50.000000Z,1.400390625,1.3994140625,10.0
2015-08-11T11:37:00.000000Z,1.400390625,1.3994140625,19.0
2015-08-11T11:37:10.000000Z,1.400390625,1.3994140625,9.0
2015-08-11T11:37:20.000000Z,1.400390625,1.3994140625,7.0
2015-08-11T11:37:30.000000Z,1.400390625,1.3994140625,4.0
2015-08-11T11:37:40.000000Z,1.400390625,1.3994140625,7.0
2015-08-11T11:37:50.000000Z,1.400390625,1.3994140625,7.0
2015-08-11T11:38:10.000000Z,1.400390625,1.3994140625,4.0
2015-08-11T11:38:20.000000Z,1.400390625,1.3994140625,21.0
2015-08-11T11:38:30.000000Z,1.400390625,1.3994140625,13.0
2015-08-11T11:38:40.000000Z,1.400390625,1.3994140625,7.0
2015-08-11T11:38:50.000000Z,1.400390625,1.3994140625,35.0
2015-08-11T11:39:00.000000Z,1.400390625,1.3994140625,35.0
2015-08-11T11:39:10.000000Z,1.400390625,1.3994140625,61.0
2015-08-11T11:39:20.000000Z,1.400390625,1.3994140625,12.0
2015-08-11T11:39:30.000000Z,1.400390625,1.3994140625,19.0
2015-08-11T11:39:40.000000Z,1.400390625,1.3994140625,20.0
2015-08-11T11:39:50.000000Z,1.400390625,1.3994140625,5.0
2015-08-11T11:40:00.000000Z,1.400390625,1.3994140625,8.0
2015-08-11T11:40:10.000000Z,1.400390625,1.3994140625,22.0
2015-08-11T11:40:20.000000Z,1.3994140625,1.3994140625,52.0
2015-08-11T11:40:30.000000Z,1.3994140625,1.3994140625,4.0
2015-08-11T11:40:40.000000Z,1.3994140625,1.3994140625,30.0
2015-08-11T11:40:50.000000Z,1.3994140625,1.3994140625,9.0
2015-08-11T11:41:00.000000Z,1.3994140625,1.3984375,35.0
2015-08-11T11:41:10.000000Z,1.3994140625,1.3994140625,32.0
2015-08-11T11:41:20.000000Z,1.3994140625,1.3994140625,12.0
2015-08-11T11:41:30.000000Z,1.3994140625,1.3994140625,8.0
2015-08-11T11:41:50.000000Z,1.3994140625,1.3994140625,4.0
2015-08-11T11:42:00.000000Z,1.3994140625,1.3994140625,9.0
2015-08-11T11:42:10.000000Z,1.3994140625,1.3984375,14.0
2015-08-11T11:42:20.000000Z,1.3994140625,1.3984375,7.0
2015-08-11T11:42:30.000000Z,1.3994140625,1.3984375,1.0
2015-08-11T11:42:40.000000Z,1.3994140625,1.3984375,5.0
2015-08-11T11:42:50.000000Z,1.3994140625,1.3984375,4.0
2015-08-11T11:43:00.000000Z,1.3994140625,1.3984375,3.0
2015-08-11T11:43:10.000000Z,1.3994140625,1.3984375,31.0
2015-08-11T11:43:20.000000Z,1.3994140625,1.3984375,25.0
2015-08-11T11:43:30.000000Z,1.3994140625,1.3984375,10.0
2015-08-11T11:43:40.000000Z,1.3994140625,1.3984375,38.0
2015-08-11T11:43:50.000000Z,1.3994140625,1.3984375,22.0
2015-08-11T11:44:00.000000Z,1.3994140625,1.3984375,4.0
2015-08-11T11:44:10.000000Z,1.3994140625,1.3984375,2.0
2015-08-11T11:44:20.000000Z,1.3994140625,1.3984375,8.0
2015-08-11T11:44:30.000000Z,1.3994140625,1.3984375,1.0
2015-08-11T11:44:40.000000Z,1.3994140625,1.3984375,6.0
2015-08-11T11:44:50.000000Z,1.3994140625,1.3984375,25.0
2015-08-11T11:45:00.000000Z,1.3994140625,1.3984375,7.0
2015-08-11T11:45:10.000000Z,1.3994140625,1.3984375,19.0
2015-08-11T11:45:20.000000Z,1.3994140625,1.3984375,1.0
2015-08-11T11:45:30.000000Z,1.3994140625,1.3984375,4.0
2015-08-11T11:45:40.000000Z,1.3994140625,1.3984375,14.0
2015-08-11T11:45:50.000000Z,1.3994140625,1.3984375,12.0
2015-08-11T11:46:00.000000Z,1.3994140625,1.3984375,7.0
2015-08-11T11:46:10.000000Z,1.3994140625,1.3984375,7.0
2015-08-11T11:46:20.000000Z,1.3994140625,1.3984375,6.0
2015-08-11T11:46:30.000000Z,1.3994140625,1.3984375,14.0
2015-08-11T11:46:40.000000Z,1.3994140625,1.3984375,10.0
2015-08-11T11:46:50.000000Z,1.3994140625,1.3984375,15.0
2015-08-11T11:47:00.000000Z,1.3984375,1.3984375,33.0
2015-08-11T11:47:10.000000Z,1.3984375,1.3984375,4.0
2015-08-11T11:47:20.000000Z,1.3984375,1.3984375,9.0
2015-08-11T11:47:30.000000Z,1.3984375,1.3984375,6.0
2015-08-11T11:47:40.000000Z,1.3984375,1.3984375,10.0
2015-08-11T11:48:00.000000Z,1.3984375,1.3984375,9.0
2015-08-11T11:48:10.000000Z,1.3984375,1.3984375,10.0
2015-08-11T11:48:20.000000Z,1.3984375,1.3984375,19.0
2015-08-11T11:48:30.000000Z,1.3984375,1.3984375,16.0
2015-08-11T11:48:40.000000Z,1.3984375,1.3984375,14.0
2015-08-11T11:48:50.000000Z,1.3984375,1.3984375,4.0
2015-08-11T11:49:00.000000Z,1.3984375,1.3984375,20.0
2015-08-11T11:49:10.000000Z,1.3984375,1.3984375,4.0
2015-08-11T11:49:20.000000Z,1.3984375,1.3984375,3.0
2015-08-11T11:49:30.000000Z,1.3984375,1.3974609375,23.0
2015-08-11T11:49:40.000000Z,1.3984375,1.3984375,22.0
2015-08-11T11:49:50.000000Z,1.3984375,1.3984375,25.0
2015-08-11T11:50:00.000000Z,1.3984375,1.3984375,4.0
2015-08-11T11:50:20.000000Z,1.3984375,1.3984375,1.0
2015-08-11T11:50:40.000000Z,1.3984375,1.3984375,14.0
2015-08-11T11:50:50.000000Z,1.3984375,1.3984375,16.0
2015-08-11T11:51:00.000000Z,1.3984375,1.3984375,53.0
2015-08-11T11:51:10.000000Z,1.3984375,1.3984375,49.0
2015-08-11T11:51:20.000000Z,1.3984375,1.3984375,14.0
2015-08-11T11:51:30.000000Z,1.3984375,1.3984375,16.0
2015-08-11T11:51:40.000000Z,1.3984375,1.3984375,4.0
2015-08-11T11:51:50.000000Z,1.3984375,1.3984375,5.0
2015-08-11T11:52:00.000000Z,1.3984375,1.3984375,3.0
2015-08-11T11:52:10.000000Z,1.3984375,1.3984375,28.0
2015-08-11T11:52:20.000000Z,1.3984375,1.3984375,6.0
2015-08-11T11:52:30.000000Z,1.3984375,1.3984375,17.0
2015-08-11T11:52:40.000000Z,1.3984375,1.3984375,41.0
2015-08-11T11:52:50.000000Z,1.3984375,1.3974609375,3.0
2015-08-11T11:53:00.000000Z,1.3984375,1.3984375,6.0
2015-08-11T11:53:10.000000Z,1.3984375,1.3984375,4.0
2015-08-11T11:53:20.000000Z,1.3984375,1.3984375,2.0
2015-08-11T11:53:30.000000Z,1.3984375,1.3984375,24.0
2015-08-11T11:53:40.000000Z,1.3984375,1.3984375,8.0
2015-08-11T11:53:50.000000Z,1.3984375,1.3984375,2.0
2015-08-11T11:54:00.000000Z,1.3984375,1.3984375,1.0
2015-08-11T11:54:10.000000Z,1.3984375,1.3984375,2.0
2015-08-11T11:54:30.000000Z,1.3984375,1.3984375,3.0
2015-08-11T11:54:40.000000Z,1.3984375,1.3984375,12.0
2015-08-11T11:54:50.000000Z,1.3984375,1.3984375,12.0
2015-08-11T11:55:00.000000Z,1.3984375,1.3984375,7.0
2015-08-11T11:55:10.000000Z,1.3984375,1.3984375,19.0
2015-08-11T11:55:20.000000Z,1.3984375,1.3984375,25.0
2015-08-11T11:55:30.000000Z,1.3984375,1.3984375,24.0
2015-08-11T11:55:40.000000Z,1.3984375,1.3984375,19.0
2015-08-11T11:55:50.000000Z,1.3984375,1.3984375,11.0
2015-08-11T11:56:00.000000Z,1.3984375,1.3984375,9.0
2015-08-11T11:56:10.000000Z,1.3984375,1.3984375,9.0
2015-08-11T11:56:20.000000Z,1.3984375,1.3984375,3.0
2015-08-11T11:56:30.000000Z,1.3984375,1.3984375,4.0
2015-08-11T11:56:40.000000Z,1.3984375,1.3984375,3.0
2015-08-11T11:56:50.000000Z,1.3984375,1.3984375,3.0
2015-08-11T11:57:00.000000Z,1.3984375,1.3984375,1.0
2015-08-11T11:57:10.000000Z,1.3984375,1.3984375,12.0
2015-08-11T11:57:20.000000Z,1.3984375,1.3984375,7.0
2015-08-11T11:57:30.000000Z,1.3984375,1.3984375,9.0
2015-08-11T11:57:40.000000Z,1.3984375,1.3984375,4.0
2015-08-11T11:57:50.000000Z,1.3984375,1.3984375,14.0
2015-08-11T11:58:00.000000Z,1.3984375,1.3984375,11.0
2015-08-11T11:58:10.000000Z,1.3984375,1.3984375,6.0
2015-08-11T11:58:20.000000Z,1.3984375,1.3984375,8.0
2015-08-11T11:58:30.000000Z,1.3994140625,1.3984375,13.0
2015-08-11T11:58:40.000000Z,1.3984375,1.3984375,15.0
2015-08-11T11:58:50.000000Z,1.3984375,1.3984375,10.0
2015-08-11T11:59:00.000000Z,1.3984375,1.3984375,6.0
2015-08-11T11:59:20.000000Z,1.3984375,1.3984375,6.0
2015-08-11T11:59:30.000000Z,1.3984375,1.3984375,2.0
2015-08-11T11:59:40.000000Z,1.3994140625,1.3984375,3.0
2015-08-11T11:59:50.000000Z,1.3984375,1.3984375,8.0
2015-08-11T12:00:00.000000Z,1.3994140625,1.3984375,6.0
2015-08-11T12:00:10.000000Z,1.3994140625,1.3984375,3.0
2015-08-11T12:00:20.000000Z,1.3984375,1.3984375,9.0
2015-08-11T12:00:30.000000Z,1.3994140625,1.3984375,9.0
2015-08-11T12:00:40.000000Z,1.3994140625,1.3984375,8.0
2015-08-11T12:00:50.000000Z,1.3984375,1.3984375,6.0
2015-08-11T12:01:00.000000Z,1.3994140625,1.3984375,1.0
2015-08-11T12:01:20.000000Z,1.3984375,1.3984375,3.0
2015-08-11T12:01:40.000000Z,1.3994140625,1.3984375,5.0
2015-08-11T12:01:50.000000Z,1.3994140625,1.3984375,4.0
2015-08-11T12:02:00.000000Z,1.3994140625,1.3984375,27.0
2015-08-11T12:02:10.000000Z,1.3994140625,1.3984375,8.0
2015-08-11T12:02:20.000000Z,1.3994140625,1.3984375,45.0
2015-08-11T12:02:30.000000Z,1.3994140625,1.3984375,3.0
2015-08-11T12:02:40.000000Z,1.3994140625,1.3984375,24.0
2015-08-11T12:02:50.000000Z,1.3994140625,1.3994140625,14.0
2015-08-11T12:03:00.000000Z,1.3994140625,1.3994140625,5.0
2015-08-11T12:03:10.000000Z,1.3994140625,1.3984375,11.0
2015-08-11T12:03:20.000000Z,1.3994140625,1.3984375,3.0
2015-08-11T12:03:30.000000Z,1.3994140625,1.3994140625,32.0
2015-08-11T12:03:40.000000Z,1.3994140625,1.3994140625,8.0
2015-08-11T12:03:50.000000Z,1.3994140625,1.3994140625,13.0
2015-08-11T12:04:00.000000Z,1.3994140625,1.3994140625,5.0
2015-08-11T12:04:10.000000Z,1.3994140625,1.3994140625,6.0
2015-08-11T12:04:20.000000Z,1.3994140625,1.3994140625,4.0
2015-08-11T12:04:30.000000Z,1.400390625,1.3994140625,10.0
2015-08-11T12:04:40.000000Z,1.400390625,1.3994140625,33.0
2015-08-11T12:04:50.000000Z,1.400390625,1.3994140625,17.0
2015-08-11T12:05:00.000000Z,1.400390625,1.3994140625,27.0
2015-08-11T12:05:10.000000Z,1.400390625,1.3994140625,22.0
2015-08-11T12:05:20.000000Z,1.400390625,1.3994140625,15.0
2015-08-11T12:05:30.000000Z,1.3994140625,1.3994140625,18.0
2015-08-11T12:05:40.000000Z,1.3994140625,1.3994140625,4.0
2015-08-11T12:05:50.000000Z,1.3994140625,1.3994140625,3.0
2015-08-11T12:06:00.000000Z,1.3994140625,1.3994140625,22.0
2015-08-11T12:06:10.000000Z,1.3994140625,1.3994140625,13.0
2015-08-11T12:06:20.000000Z,1.3994140625,1.3994140625,41.0
2015-08-11T12:06:30.000000Z,1.3994140625,1.3994140625,11.0
2015-08-11T12:06:40.000000Z,1.400390625,1.3994140625,20.0
2015-08-11T12:06:50.000000Z,1.400390625,1.3994140625,17.0
2015-08-11T12:07:00.000000Z,1.400390625,1.3994140625,5.0
2015-08-11T12:07:10.000000Z,1.400390625,1.3994140625,6.0
2015-08-11T12:07:20.000000Z,1.400390625,1.3994140625,1.0
2015-08-11T12:07:30.000000Z,1.400390625,1.3994140625,4.0
2015-08-11T12:07:50.000000Z,1.400390625,1.3994140625,2.0
2015-08-11T12:08:00.000000Z,1.400390625,1.3994140625,14.0
2015-08-11T12:08:10.000000Z,1.400390625,1.3994140625,5.0
2015-08-11T12:08:20.000000Z,1.3994140625,1.3994140625,6.0
2015-08-11T12:08:30.000000Z,1.3994140625,1.3994140625,36.0
2015-08-11T12:08:40.000000Z,1.3994140625,1.3994140625,5.0
2015-08-11T12:08:50.000000Z,1.3994140625,1.3994140625,7.0
2015-08-11T12:09:00.000000Z,1.3994140625,1.3994140625,8.0
2015-08-11T12:09:10.000000Z,1.3994140625,1.3994140625,6.0
2015-08-11T12:09:20.000000Z,1.3994140625,1.3994140625,3.0
2015-08-11T12:09:30.000000Z,1.3994140625,1.3994140625,3.0
2015-08-11T12:09:40.000000Z,1.3994140625,1.3994140625,3.0
2015-08-11T12:09:50.000000Z,1.3994140625,1.3994140625,10.0
2015-08-11T12:10:00.000000Z,1.3994140625,1.3994140625,2.0
2015-08-11T12:10:10.000000Z,1.3994140625,1.3994140625,15.0
2015-08-11T12:10:20.000000Z,1.3994140625,1.3994140625,5.0
2015-08-11T12:10:30.000000Z,1.400390625,1.3994140625,17.0
2015-08-11T12:10:40.000000Z,1.400390625,1.3994140625,1.0
2015-08-11T12:10:50.000000Z,1.400390625,1.3994140625,15.0
2015-08-11T12:11:00.000000Z,1.400390625,1.3994140625,17.0
2015-08-11T12:11:10.000000Z,1.400390625,1.3994140625,11.0
2015-08-11T12:11:20.000000Z,1.400390625,1.3994140625,7.0
2015-08-11T12:11:30.000000Z,1.400390625,1.3994140625,9.0
2015-08-11T12:11:40.000000Z,1.400390625,1.3994140625,14.0
2015-08-11T12:11:50.000000Z,1.400390625,1.3994140625,10.0
2015-08-11T12:12:00.000000Z,1.3994140625,1.3994140625,9.0
2015-08-11T12:12:10.000000Z,1.3994140625,1.3994140625,5.0
2015-08-11T12:12:20.000000Z,1.3994140625,1.3994140625,28.0
2015-08-11T12:12:30.000000Z,1.3994140625,1.3994140625,1.0
2015-08-11T12:12:40.000000Z,1.3994140625,1.3994140625,2.0
2015-08-11T12:12:50.000000Z,1.3994140625,1.3994140625,14.0
2015-08-11T12:13:00.000000Z,1.3994140625,1.3994140625,18.0
2015-08-11T12:13:10.000000Z,1.3994140625,1.3994140625,11.0
2015-08-11T12:13:20.000000Z,1.3994140625,1.3994140625,2.0
2015-08-11T12:13:30.000000Z,1.3994140625,1.3994140625,1.0
2015-08-11T12:13:40.000000Z,1.3994140625,1.3994140625,11.0
2015-08-11T12:13:50.000000Z,1.3994140625,1.3994140625,23.0
2015-08-11T12:14:00.000000Z,1.3994140625,1.3994140625,5.0
2015-08-11T12:14:10.000000Z,1.3994140625,1.3994140625,6.0
2015-08-11T12:14:20.000000Z,1.3994140625,1.3994140625,9.0
2015-08-11T12:14:30.000000Z,1.3994140625,1.3994140625,5.0
2015-08-11T12:14:40.000000Z,1.3994140625,1.3994140625,1.0
2015-08-11T12:14:50.000000Z,1.3994140625,1.3994140625,26.0
2015-08-11T12:15:00.000000Z,1.3994140625,1.3984375,38.0
2015-08-11T12:15:10.000000Z,1.3994140625,1.3984375,58.0
2015-08-11T12:15:20.000000Z,1.3994140625,1.3984375,41.0
2015-08-11T12:15:30.000000Z,1.3994140625,1.3984375,31.0
2015-08-11T12:15:40.000000Z,1.3994140625,1.3984375,11.0
2015-08-11T12:15:50.000000Z,1.3994140625,1.3984375,8.0
2015-08-11T12:16:00.000000Z,1.3994140625,1.3984375,5.0
2015-08-11T12:16:10.000000Z,1.3994140625,1.3984375,8.0
2015-08-11T12:16:20.000000Z,1.3984375,1.3974609375,32.0
2015-08-11T12:16:30.000000Z,1.3994140625,1.3984375,35.0
2015-08-11T12:16:40.000000Z,1.3984375,1.3974609375,52.0
2015-08-11T12:16:50.000000Z,1.3984375,1.3974609375,18.0
2015-08-11T12:17:00.000000Z,1.3984375,1.3974609375,50.0
2015-08-11T12:17:10.000000Z,1.3994140625,1.3984375,46.0
2015-08-11T12:17:20.000000Z,1.3984375,1.3974609375,38.0
2015-08-11T12:17:30.000000Z,1.3984375,1.3974609375,14.0
2015-08-11T12:17:40.000000Z,1.3984375,1.3974609375,6.0
2015-08-11T12:17:50.000000Z,1.3984375,1.3974609375,7.0
2015-08-11T12:18:00.000000Z,1.3984375,1.3974609375,25.0
2015-08-11T12:18:10.000000Z,1.3984375,1.3974609375,15.0
2015-08-11T12:18:20.000000Z,1.3984375,1.3974609375,7.0
2015-08-11T12:18:30.000000Z,1.3984375,1.3974609375,7.0
2015-08-11T12:18:40.000000Z,1.3984375,1.3974609375,2.0
2015-08-11T12:18:50.000000Z,1.3984375,1.3974609375,21.0
2015-08-11T12:19:00.000000Z,1.3984375,1.3974609375,17.0
2015-08-11T12:19:10.000000Z,1.3984375,1.3974609375,36.0
2015-08-11T12:19:20.000000Z,1.3984375,1.3974609375,3.0
2015-08-11T12:19:30.000000Z,1.3984375,1.3974609375,6.0
2015-08-11T12:19:40.000000Z,1.3984375,1.3974609375,3.0
2015-08-11T12:19:50.000000Z,1.3984375,1.3974609375,20.0
2015-08-11T12:20:00.000000Z,1.3984375,1.3974609375,28.0
2015-08-11T12:20:10.000000Z,1.3984375,1.3984375,42.0
2015-08-11T12:20:20.000000Z,1.3984375,1.3974609375,26.0
2015-08-11T12:20:30.000000Z,1.3984375,1.3974609375,8.0
2015-08-11T12:20:40.000000Z,1.3984375,1.3974609375,19.0
2015-08-11T12:20:50.000000Z,1.3984375,1.3984375,7.0
2015-08-11T12:21:00.000000Z,1.3994140625,1.3984375,22.0
2015-08-11T12:21:10.000000Z,1.3984375,1.3984375,25.0
2015-08-11T12:21:20.000000Z,1.3984375,1.3984375,8.0
2015-08-11T12:21:30.000000Z,1.3984375,1.3984375,6.0
2015-08-11T12:21:40.000000Z,1.3994140625,1.3984375,18.0
2015-08-11T12:21:50.000000Z,1.3994140625,1.3984375,20.0
2015-08-11T12:22:00.000000Z,1.3994140625,1.3984375,50.0
2015-08-11T12:22:10.000000Z,1.3994140625,1.3984375,19.0
2015-08-11T12:22:20.000000Z,1.3984375,1.3984375,21.0
2015-08-11T12:22:30.000000Z,1.3984375,1.3974609375,16.0
2015-08-11T12:22:40.000000Z,1.3984375,1.3974609375,8.0
2015-08-11T12:22:50.000000Z,1.3984375,1.3984375,30.0
2015-08-11T12:23:00.000000Z,1.3984375,1.3984375,13.0
2015-08-11T12:23:10.000000Z,1.3984375,1.3984375,10.0
2015-08-11T12:23:20.000000Z,1.3984375,1.3974609375,10.0
2015-08-11T12:23:30.000000Z,1.3984375,1.3974609375,21.0
2015-08-11T12:23:40.000000Z,1.3984375,1.3974609375,23.0
2015-08-11T12:23:50.000000Z,1.3984375,1.3974609375,40.0
2015-08-11T12:24:00.000000Z,1.3984375,1.3974609375,8.0
2015-08-11T12:24:10.000000Z,1.3984375,1.3974609375,46.0
2015-08-11T12:24:20.000000Z,1.3984375,1.3974609375,21.0
2015-08-11T12:24:30.000000Z,1.3984375,1.3974609375,16.0
2015-08-11T12:24:40.000000Z,1.3984375,1.3974609375,9.0
2015-08-11T12:24:50.000000Z,1.3984375,1.3974609375,12.0
2015-08-11T12:25:00.000000Z,1.3984375,1.3974609375,10.0
2015-08-11T12:25:10.000000Z,1.3984375,1.3974609375,8.0
2015-08-11T12:25:20.000000Z,1.3974609375,1.3974609375,27.0
2015-08-11T12:25:30.000000Z,1.3974609375,1.3974609375,7.0
2015-08-11T12:25:40.000000Z,1.3974609375,1.396484375,33.0
2015-08-11T12:25:50.000000Z,1.3974609375,1.396484375,34.0
2015-08-11T12:26:00.000000Z,1.3974609375,1.396484375,23.0
2015-08-11T12:26:10.000000Z,1.3974609375,1.396484375,22.0
2015-08-11T12:26:20.000000Z,1.3974609375,1.396484375,83.0
2015-08-11T12:26:30.000000Z,1.3974609375,1.396484375,25.0
2015-08-11T12:26:40.000000Z,1.3974609375,1.396484375,7.0
2015-08-11T12:26:50.000000Z,1.3974609375,1.396484375,8.0
2015-08-11T12:27:00.000000Z,1.3974609375,1.396484375,1.0
2015-08-11T12:27:10.000000Z,1.3974609375,1.396484375,3.0
2015-08-11T12:27:20.000000Z,1.3974609375,1.396484375,31.0
2015-08-11T12:27:30.000000Z,1.3974609375,1.396484375,4.0
2015-08-11T12:27:40.000000Z,1.3974609375,1.396484375,1.0
2015-08-11T12:27:50.000000Z,1.3974609375,1.396484375,18.0
2015-08-11T12:28:00.000000Z,1.3974609375,1.396484375,22.0
2015-08-11T12:28:10.000000Z,1.3974609375,1.396484375,1.0
2015-08-11T12:28:20.000000Z,1.3974609375,1.396484375,20.0
2015-08-11T12:28:30.000000Z,1.3974609375,1.396484375,5.0
2015-08-11T12:28:40.000000Z,1.3974609375,1.396484375,4.0
2015-08-11T12:28:50.000000Z,1.3974609375,1.396484375,15.0
2015-08-11T12:29:00.000000Z,1.3974609375,1.396484375,24.0
2015-08-11T12:29:10.000000Z,1.3974609375,1.396484375,7.0
2015-08-11T12:29:20.000000Z,1.3974609375,1.396484375,10.0
2015-08-11T12:29:40.000000Z,1.396484375,1.396484375,25.0
2015-08-11T12:29:50.000000Z,1.396484375,1.396484375,24.0
2015-08-11T12:30:00.000000Z,1.3974609375,1.396484375,23.0
2015-08-11T12:30:10.000000Z,1.3974609375,1.396484375,19.0
2015-08-11T12:30:20.000000Z,1.3974609375,1.396484375,43.0
2015-08-11T12:30:30.000000Z,1.3974609375,1.396484375,29.0
2015-08-11T12:30:40.000000Z,1.3974609375,1.396484375,22.0
2015-08-11T12:30:50.000000Z,1.396484375,1.396484375,34.0
2015-08-11T12:31:00.000000Z,1.3974609375,1.396484375,41.0
2015-08-11T12:31:10.000000Z,1.3974609375,1.396484375,10.0
2015-08-11T12:31:20.000000Z,1.3974609375,1.396484375,7.0
2015-08-11T12:31:30.000000Z,1.3974609375,1.396484375,8.0
2015-08-11T12:31:40.000000Z,1.3974609375,1.396484375,17.0
2015-08-11T12:31:50.000000Z,1.3974609375,1.396484375,5.0
2015-08-11T12:32:00.000000Z,1.3974609375,1.396484375,19.0
2015-08-11T12:32:10.000000Z,1.3974609375,1.396484375,31.0
2015-08-11T12:32:20.000000Z,1.3974609375,1.396484375,20.0
2015-08-11T12:32:30.000000Z,1.3974609375,1.396484375,27.0
2015-08-11T12:32:40.000000Z,1.3974609375,1.3974609375,16.0
2015-08-11T12:32:50.000000Z,1.3974609375,1.396484375,7.0
2015-08-11T12:33:00.000000Z,1.3974609375,1.3974609375,12.0
2015-08-11T12:33:10.000000Z,1.3984375,1.3974609375,57.0
2015-08-11T12:33:20.000000Z,1.3984375,1.3974609375,24.0
2015-08-11T12:33:30.000000Z,1.3984375,1.3974609375,33.0
2015-08-11T12:33:40.000000Z,1.3974609375,1.396484375,49.0
2015-08-11T12:33:50.000000Z,1.3974609375,1.3974609375,23.0
2015-08-11T12:34:00.000000Z,1.3974609375,1.3974609375,5.0
2015-08-11T12:34:10.000000Z,1.3974609375,1.3974609375,12.0
2015-08-11T12:34:20.000000Z,1.3974609375,1.3974609375,3.0
2015-08-11T12:34:30.000000Z,1.3974609375,1.3974609375,9.0
2015-08-11T12:34:40.000000Z,1.3974609375,1.3974609375,6.0
2015-08-11T12:34:50.000000Z,1.3974609375,1.3974609375,13.0
2015-08-11T12:35:00.000000Z,1.3974609375,1.3974609375,25.0
2015-08-11T12:35:10.000000Z,1.3974609375,1.3974609375,2.0
2015-08-11T12:35:20.000000Z,1.3974609375,1.3974609375,5.0
2015-08-11T12:35:30.000000Z,1.3974609375,1.396484375,14.0
2015-08-11T12:35:40.000000Z,1.3984375,1.3974609375,21.0
2015-08-11T12:35:50.000000Z,1.3984375,1.3974609375,10.0
2015-08-11T12:36:00.000000Z,1.3974609375,1.3974609375,30.0
2015-08-11T12:36:10.000000Z,1.3974609375,1.3974609375,12.0
2015-08-11T12:36:20.000000Z,1.3974609375,1.3974609375,11.0
2015-08-11T12:36:30.000000Z,1.3974609375,1.396484375,12.0
2015-08-11T12:36:40.000000Z,1.3974609375,1.3974609375,9.0
2015-08-11T12:36:50.000000Z,1.3974609375,1.3974609375,4.0
2015-08-11T12:37:00.000000Z,1.3974609375,1.3974609375,5.0
2015-08-11T12:37:10.000000Z,1.3974609375,1.3974609375,10.0
2015-08-11T12:37:20.000000Z,1.3974609375,1.396484375,21.0
2015-08-11T12:37:30.000000Z,1.3974609375,1.396484375,2.0
2015-08-11T12:37:40.000000Z,1.3974609375,1.396484375,7.0
2015-08-11T12:37:50.000000Z,1.3974609375,1.396484375,8.0
2015-08-11T12:38:00.000000Z,1.3974609375,1.396484375,3.0
2015-08-11T12:38:10.000000Z,1.3974609375,1.396484375,6.0
2015-08-11T12:38:20.000000Z,1.3974609375,1.3974609375,15.0
2015-08-11T12:38:30.000000Z,1.3974609375,1.3974609375,10.0
2015-08-11T12:38:40.000000Z,1.3974609375,1.3974609375,15.0
2015-08-11T12:38:50.000000Z,1.3974609375,1.3974609375,11.0
2015-08-11T12:39:00.000000Z,1.3974609375,1.396484375,52.0
2015-08-11T12:39:10.000000Z,1.3974609375,1.396484375,2.0
2015-08-11T12:39:20.000000Z,1.3974609375,1.3974609375,18.0
2015-08-11T12:39:30.000000Z,1.3974609375,1.3974609375,20.0
2015-08-11T12:39:40.000000Z,1.3974609375,1.396484375,24.0
2015-08-11T12:39:50.000000Z,1.3974609375,1.396484375,4.0
2015-08-11T12:40:00.000000Z,1.3974609375,1.396484375,7.0
2015-08-11T12:40:10.000000Z,1.3974609375,1.3974609375,17.0
2015-08-11T12:40:20.000000Z,1.3974609375,1.3974609375,6.0
2015-08-11T12:40:30.000000Z,1.3974609375,1.3974609375,4.0
2015-08-11T12:40:40.000000Z,1.3974609375,1.3974609375,18.0
2015-08-11T12:40:50.000000Z,1.3974609375,1.3974609375,5.0
2015-08-11T12:41:00.000000Z,1.3974609375,1.3974609375,9.0
2015-08-11T12:41:10.000000Z,1.3974609375,1.3974609375,7.0
2015-08-11T12:41:20.000000Z,1.3974609375,1.3974609375,4.0
2015-08-11T12:41:30.000000Z,1.3974609375,1.3974609375,8.0
2015-08-11T12:41:40.000000Z,1.3974609375,1.3974609375,15.0
2015-08-11T12:41:50.000000Z,1.3974609375,1.3974609375,13.0
2015-08-11T12:42:00.000000Z,1.3974609375,1.3974609375,20.0
2015-08-11T12:42:10.000000Z,1.3984375,1.3974609375,23.0
2015-08-11T12:42:20.000000Z,1.3984375,1.3974609375,13.0
2015-08-11T12:42:30.000000Z,1.3984375,1.3974609375,12.0
2015-08-11T12:42:40.000000Z,1.3984375,1.3974609375,13.0
2015-08-11T12:42:50.000000Z,1.3974609375,1.3974609375,7.0
2015-08-11T12:43:00.000000Z,1.3974609375,1.3974609375,32.0
2015-08-11T12:43:10.000000Z,1.3984375,1.3974609375,27.0
2015-08-11T12:43:20.000000Z,1.3984375,1.3974609375,13.0
2015-08-11T12:43:30.000000Z,1.3994140625,1.3974609375,54.0
2015-08-11T12:43:40.000000Z,1.3984375,1.3974609375,15.0
2015-08-11T12:43:50.000000Z,1.3984375,1.3984375,3.0
2015-08-11T12:44:00.000000Z,1.3984375,1.3974609375,7.0
2015-08-11T12:44:10.000000Z,1.3984375,1.3984375,26.0
2015-08-11T12:44:20.000000Z,1.3984375,1.3974609375,11.0
2015-08-11T12:44:30.000000Z,1.3984375,1.3974609375,4.0
2015-08-11T12:44:40.000000Z,1.3984375,1.3974609375,8.0
2015-08-11T12:44:50.000000Z,1.3984375,1.3984375,9.0
2015-08-11T12:45:00.000000Z,1.3984375,1.3974609375,20.0
2015-08-11T12:45:10.000000Z,1.3984375,1.3984375,8.0
2015-08-11T12:45:20.000000Z,1.3984375,1.3974609375,10.0
2015-08-11T12:45:30.000000Z,1.3984375,1.3974609375,17.0
2015-08-11T12:45:40.000000Z,1.3984375,1.3974609375,22.0
2015-08-11T12:45:50.000000Z,1.3984375,1.3974609375,45.0
2015-08-11T12:46:00.000000Z,1.3984375,1.3974609375,30.0
2015-08-11T12:46:10.000000Z,1.3984375,1.3974609375,23.0
2015-08-11T12:46:20.000000Z,1.3984375,1.3974609375,30.0
2015-08-11T12:46:30.000000Z,1.3984375,1.3974609375,39.0
2015-08-11T12:46:40.000000Z,1.3984375,1.3974609375,12.0
2015-08-11T12:46:50.000000Z,1.3984375,1.3974609375,40.0
2015-08-11T12:47:00.000000Z,1.3984375,1.3984375,35.0
2015-08-11T12:47:10.000000Z,1.3984375,1.3984375,9.0
2015-08-11T12:47:20.000000Z,1.3984375,1.3984375,24.0
2015-08-11T12:47:30.000000Z,1.3984375,1.3984375,9.0
2015-08-11T12:47:40.000000Z,1.3984375,1.3984375,5.0
2015-08-11T12:47:50.000000Z,1.3984375,1.3984375,9.0
2015-08-11T12:48:00.000000Z,1.3984375,1.3984375,7.0
2015-08-11T12:48:10.000000Z,1.3984375,1.3984375,12.0
2015-08-11T12:48:20.000000Z,1.3984375,1.3984375,34.0
2015-08-11T12:48:30.000000Z,1.3984375,1.3984375,10.0
2015-08-11T12:48:40.000000Z,1.3984375,1.3984375,9.0
2015-08-11T12:48:50.000000Z,1.3984375,1.3984375,34.0
2015-08-11T12:49:00.000000Z,1.3984375,1.3974609375,27.0
2015-08-11T12:49:10.000000Z,1.3984375,1.3984375,13.0
2015-08-11T12:49:20.000000Z,1.3984375,1.3984375,3.0
2015-08-11T12:49:30.000000Z,1.3984375,1.3984375,5.0
2015-08-11T12:49:40.000000Z,1.3984375,1.3984375,23.0
2015-08-11T12:49:50.000000Z,1.3984375,1.3984375,13.0
2015-08-11T12:50:00.000000Z,1.3984375,1.3984375,5.0
2015-08-11T12:50:10.000000Z,1.3984375,1.3984375,4.0
2015-08-11T12:50:20.000000Z,1.3984375,1.3984375,2.0
2015-08-11T12:50:30.000000Z,1.3984375,1.3984375,3.0
2015-08-11T12:50:40.000000Z,1.3984375,1.3984375,5.0
2015-08-11T12:50:50.000000Z,1.3984375,1.3974609375,22.0
2015-08-11T12:51:00.000000Z,1.3984375,1.3974609375,21.0
2015-08-11T12:51:10.000000Z,1.3984375,1.3974609375,8.0
2015-08-11T12:51:20.000000Z,1.3984375,1.3974609375,42.0
2015-08-11T12:51:30.000000Z,1.3984375,1.3974609375,50.0
2015-08-11T12:51:40.000000Z,1.3984375,1.3974609375,28.0
2015-08-11T12:51:50.000000Z,1.3984375,1.3974609375,12.0
2015-08-11T12:52:00.000000Z,1.3984375,1.3974609375,9.0
2015-08-11T12:52:10.000000Z,1.3984375,1.3974609375,16.0
2015-08-11T12:52:20.000000Z,1.3984375,1.3974609375,44.0
2015-08-11T12:52:30.000000Z,1.3984375,1.3974609375,19.0
2015-08-11T12:52:40.000000Z,1.3984375,1.3974609375,10.0
2015-08-11T12:52:50.000000Z,1.3984375,1.3974609375,4.0
2015-08-11T12:53:00.000000Z,1.3984375,1.3974609375,17.0
2015-08-11T12:53:10.000000Z,1.3984375,1.3974609375,9.0
2015-08-11T12:53:20.000000Z,1.3984375,1.3974609375,6.0
2015-08-11T12:53:30.000000Z,1.3984375,1.3974609375,19.0
2015-08-11T12:53:40.000000Z,1.3984375,1.3974609375,13.0
2015-08-11T12:53:50.000000Z,1.3984375,1.3974609375,24.0
2015-08-11T12:54:00.000000Z,1.3984375,1.3974609375,6.0
2015-08-11T12:54:10.000000Z,1.3984375,1.3974609375,11.0
2015-08-11T12:54:20.000000Z,1.3984375,1.3974609375,7.0
2015-08-11T12:54:30.000000Z,1.3984375,1.3974609375,17.0
2015-08-11T12:54:40.000000Z,1.3984375,1.3974609375,11.0
2015-08-11T12:54:50.000000Z,1.3984375,1.3974609375,22.0
2015-08-11T12:55:00.000000Z,1.3984375,1.3974609375,45.0
2015-08-11T12:55:10.000000Z,1.3984375,1.3974609375,11.0
2015-08-11T12:55:20.000000Z,1.3984375,1.3974609375,4.0
2015-08-11T12:55:30.000000Z,1.3984375,1.3974609375,10.0
2015-08-11T12:55:40.000000Z,1.3984375,1.3974609375,20.0
2015-08-11T12:55:50.000000Z,1.3984375,1.3974609375,7.0
2015-08-11T12:56:00.000000Z,1.3984375,1.3974609375,10.0
2015-08-11T12:56:10.000000Z,1.3984375,1.3974609375,17.0
2015-08-11T12:56:20.000000Z,1.3984375,1.3974609375,19.0
2015-08-11T12:56:30.000000Z,1.3984375,1.3974609375,1.0
2015-08-11T12:56:40.000000Z,1.3984375,1.3974609375,7.0
2015-08-11T12:56:50.000000Z,1.3984375,1.3974609375,20.0
2015-08-11T12:57:00.000000Z,1.3984375,1.3974609375,11.0
2015-08-11T12:57:10.000000Z,1.3984375,1.3974609375,8.0
2015-08-11T12:57:20.000000Z,1.3984375,1.3974609375,5.0
2015-08-11T12:57:30.000000Z,1.3984375,1.3974609375,21.0
2015-08-11T12:57:40.000000Z,1.3984375,1.3974609375,10.0
2015-08-11T12:57:50.000000Z,1.3984375,1.3974609375,20.0
2015-08-11T12:58:00.000000Z,1.3984375,1.3974609375,9.0
2015-08-11T12:58:10.000000Z,1.3984375,1.3974609375,14.0
2015-08-11T12:58:20.000000Z,1.3984375,1.3974609375,51.0
2015-08-11T12:58:30.000000Z,1.3984375,1.3974609375,14.0
2015-08-11T12:58:40.000000Z,1.3984375,1.3974609375,35.0
2015-08-11T12:58:50.000000Z,1.3984375,1.3974609375,23.0
2015-08-11T12:59:00.000000Z,1.3984375,1.3974609375,20.0
2015-08-11T12:59:10.000000Z,1.3984375,1.3974609375,45.0
2015-08-11T12:59:20.000000Z,1.3984375,1.3974609375,38.0
2015-08-11T12:59:30.000000Z,1.3984375,1.3974609375,10.0
2015-08-11T12:59:40.000000Z,1.3984375,1.3974609375,8.0
2015-08-11T12:59:50.000000Z,1.3984375,1.3974609375,6.0
2015-08-11T13:00:00.000000Z,1.3984375,1.3974609375,11.0
2015-08-11T13:00:10.000000Z,1.3984375,1.3974609375,5.0
2015-08-11T13:00:20.000000Z,1.3984375,1.3974609375,8.0
2015-08-11T13:00:30.000000Z,1.3984375,1.3974609375,21.0
2015-08-11T13:00:40.000000Z,1.3984375,1.3974609375,26.0
2015-08-11T13:00:50.000000Z,1.3984375,1.3974609375,10.0
2015-08-11T13:01:00.000000Z,1.3984375,1.3974609375,20.0
2015-08-11T13:01:10.000000Z,1.3984375,1.3974609375,52.0
2015-08-11T13:01:20.000000Z,1.3984375,1.3974609375,34.0
2015-08-11T13:01:30.000000Z,1.3984375,1.3974609375,8.0
2015-08-11T13:01:40.000000Z,1.3984375,1.3974609375,37.0
2015-08-11T13:01:50.000000Z,1.3984375,1.3974609375,24.0
2015-08-11T13:02:00.000000Z,1.3984375,1.3974609375,45.0
2015-08-11T13:02:10.000000Z,1.3984375,1.3974609375,18.0
2015-08-11T13:02:20.000000Z,1.3984375,1.3984375,14.0
2015-08-11T13:02:30.000000Z,1.3984375,1.3974609375,11.0
2015-08-11T13:02:40.000000Z,1.3984375,1.3974609375,7.0
2015-08-11T13:02:50.000000Z,1.3984375,1.3974609375,8.0
2015-08-11T13:03:00.000000Z,1.3984375,1.3974609375,1.0
2015-08-11T13:03:10.000000Z,1.3984375,1.3974609375,7.0
2015-08-11T13:03:20.000000Z,1.3984375,1.3984375,5.0
2015-08-11T13:03:40.000000Z,1.3984375,1.3984375,2.0
2015-08-11T13:03:50.000000Z,1.3984375,1.3984375,6.0
2015-08-11T13:04:00.000000Z,1.3984375,1.3974609375,20.0
2015-08-11T13:04:10.000000Z,1.3984375,1.3984375,1.0
2015-08-11T13:04:20.000000Z,1.3984375,1.3984375,19.0
2015-08-11T13:04:30.000000Z,1.3984375,1.3984375,11.0
2015-08-11T13:04:40.000000Z,1.3984375,1.3984375,18.0
2015-08-11T13:04:50.000000Z,1.3984375,1.3984375,18.0
2015-08-11T13:05:00.000000Z,1.3984375,1.3984375,6.0
2015-08-11T13:05:10.000000Z,1.3984375,1.3984375,19.0
2015-08-11T13:05:20.000000Z,1.3984375,1.3984375,17.0
2015-08-11T13:05:30.000000Z,1.3984375,1.3984375,10.0
2015-08-11T13:05:40.000000Z,1.3994140625,1.3984375,16.0
2015-08-11T13:05:50.000000Z,1.3994140625,1.3984375,6.0
2015-08-11T13:06:00.000000Z,1.3994140625,1.3984375,9.0
2015-08-11T13:06:10.000000Z,1.3994140625,1.3984375,3.0
2015-08-11T13:06:20.000000Z,1.3994140625,1.3984375,16.0
2015-08-11T13:06:30.000000Z,1.3984375,1.3984375,57.0
2015-08-11T13:06:40.000000Z,1.3984375,1.3984375,12.0
2015-08-11T13:06:50.000000Z,1.3984375,1.3984375,13.0
2015-08-11T13:07:00.000000Z,1.3984375,1.3984375,14.0
2015-08-11T13:07:10.000000Z,1.3984375,1.3984375,28.0
2015-08-11T13:07:20.000000Z,1.3984375,1.3984375,3.0
2015-08-11T13:07:30.000000Z,1.3984375,1.3984375,11.0
2015-08-11T13:07:40.000000Z,1.3984375,1.3984375,9.0
2015-08-11T13:07:50.000000Z,1.3984375,1.3984375,45.0
2015-08-11T13:08:00.000000Z,1.3984375,1.3984375,44.0
2015-08-11T13:08:10.000000Z,1.3984375,1.3984375,17.0
2015-08-11T13:08:20.000000Z,1.3984375,1.3984375,29.0
2015-08-11T13:08:30.000000Z,1.3984375,1.3984375,4.0
2015-08-11T13:08:40.000000Z,1.3984375,1.3984375,20.0
2015-08-11T13:08:50.000000Z,1.3984375,1.3984375,24.0
2015-08-11T13:09:00.000000Z,1.3984375,1.3984375,15.0
2015-08-11T13:09:10.000000Z,1.3984375,1.3974609375,17.0
2015-08-11T13:09:20.000000Z,1.3984375,1.3984375,45.0
2015-08-11T13:09:30.000000Z,1.3984375,1.3984375,30.0
2015-08-11T13:09:40.000000Z,1.3984375,1.3984375,8.0
2015-08-11T13:09:50.000000Z,1.3984375,1.3984375,16.0
2015-08-11T13:10:00.000000Z,1.3984375,1.3984375,28.0
2015-08-11T13:10:10.000000Z,1.3984375,1.3974609375,11.0
2015-08-11T13:10:20.000000Z,1.3984375,1.3974609375,14.0
2015-08-11T13:10:30.000000Z,1.3984375,1.3974609375,7.0
2015-08-11T13:10:40.000000Z,1.3984375,1.3974609375,1.0
2015-08-11T13:10:50.000000Z,1.3984375,1.3974609375,18.0
2015-08-11T13:11:00.000000Z,1.3984375,1.3974609375,6.0
2015-08-11T13:11:10.000000Z,1.3984375,1.3974609375,9.0
2015-08-11T13:11:20.000000Z,1.3984375,1.3974609375,1.0
2015-08-11T13:11:30.000000Z,1.3984375,1.3974609375,9.0
2015-08-11T13:11:40.000000Z,1.3984375,1.3974609375,2.0
2015-08-11T13:11:50.000000Z,1.3984375,1.3984375,3.0
2015-08-11T13:12:00.000000Z,1.3984375,1.3984375,12.0
2015-08-11T13:12:10.000000Z,1.3984375,1.3984375,15.0
2015-08-11T13:12:20.000000Z,1.3984375,1.3984375,6.0
2015-08-11T13:12:30.000000Z,1.3984375,1.3984375,13.0
2015-08-11T13:12:40.000000Z,1.3984375,1.3984375,19.0
2015-08-11T13:12:50.000000Z,1.3984375,1.3984375,5.0
2015-08-11T13:13:00.000000Z,1.3984375,1.3984375,11.0
2015-08-11T13:13:10.000000Z,1.3984375,1.3984375,6.0
2015-08-11T13:13:20.000000Z,1.3984375,1.3984375,12.0
2015-08-11T13:13:30.000000Z,1.3984375,1.3984375,8.0
2015-08-11T13:13:40.000000Z,1.3984375,1.3984375,13.0
2015-08-11T13:14:00.000000Z,1.3984375,1.3984375,9.0
2015-08-11T13:14:10.000000Z,1.3984375,1.3984375,6.0
2015-08-11T13:14:20.000000Z,1.3984375,1.3984375,23.0
2015-08-11T13:14:30.000000Z,1.3984375,1.3984375,28.0
2015-08-11T13:14:40.000000Z,1.3984375,1.3984375,10.0
2015-08-11T13:14:50.000000Z,1.3984375,1.3984375,15.0
2015-08-11T13:15:00.000000Z,1.3984375,1.3984375,24.0
2015-08-11T13:15:10.000000Z,1.3984375,1.3984375,10.0
2015-08-11T13:15:20.000000Z,1.3984375,1.3984375,18.0
2015-08-11T13:15:30.000000Z,1.3984375,1.3984375,10.0
2015-08-11T13:15:40.000000Z,1.3984375,1.3984375,8.0
2015-08-11T13:15:50.000000Z,1.3984375,1.3984375,9.0
2015-08-11T13:16:00.000000Z,1.3984375,1.3984375,8.0
2015-08-11T13:16:10.000000Z,1.3984375,1.3984375,7.0
2015-08-11T13:16:20.000000Z,1.3984375,1.3984375,16.0
2015-08-11T13:16:30.000000Z,1.3984375,1.3984375,17.0
2015-08-11T13:16:40.000000Z,1.3984375,1.3984375,2.0
2015-08-11T13:16:50.000000Z,1.3984375,1.3984375,24.0
2015-08-11T13:17:00.000000Z,1.3984375,1.3984375,2.0
2015-08-11T13:17:10.000000Z,1.3984375,1.3984375,9.0
2015-08-11T13:17:20.000000Z,1.3984375,1.3984375,6.0
2015-08-11T13:17:30.000000Z,1.3984375,1.3984375,24.0
2015-08-11T13:17:40.000000Z,1.3984375,1.3984375,12.0
2015-08-11T13:17:50.000000Z,1.3984375,1.3984375,4.0
2015-08-11T13:18:00.000000Z,1.3984375,1.3984375,19.0
2015-08-11T13:18:10.000000Z,1.3984375,1.3984375,12.0
2015-08-11T13:18:20.000000Z,1.3994140625,1.3984375,32.0
2015-08-11T13:18:30.000000Z,1.3994140625,1.3984375,23.0
2015-08-11T13:18:40.000000Z,1.3994140625,1.3984375,15.0
2015-08-11T13:18:50.000000Z,1.3994140625,1.3984375,21.0
2015-08-11T13:19:00.000000Z,1.3994140625,1.3984375,24.0
2015-08-11T13:19:10.000000Z,1.3994140625,1.3984375,8.0
2015-08-11T13:19:20.000000Z,1.3994140625,1.3984375,12.0
2015-08-11T13:19:30.000000Z,1.3994140625,1.3984375,21.0
2015-08-11T13:19:40.000000Z,1.3994140625,1.3984375,13.0
2015-08-11T13:19:50.000000Z,1.3994140625,1.3984375,16.0
2015-08-11T13:20:00.000000Z,1.3994140625,1.3984375,7.0
2015-08-11T13:20:10.000000Z,1.3994140625,1.3984375,19.0
2015-08-11T13:20:20.000000Z,1.3994140625,1.3984375,6.0
2015-08-11T13:20:30.000000Z,1.3994140625,1.3984375,22.0
2015-08-11T13:20:40.000000Z,1.3994140625,1.3984375,1.0
2015-08-11T13:20:50.000000Z,1.3994140625,1.3984375,9.0
2015-08-11T13:21:00.000000Z,1.3994140625,1.3984375,35.0
2015-08-11T13:21:10.000000Z,1.3994140625,1.3984375,21.0
2015-08-11T13:21:20.000000Z,1.3994140625,1.3984375,8.0
2015-08-11T13:21:30.000000Z,1.3994140625,1.3984375,6.0
2015-08-11T13:21:40.000000Z,1.3994140625,1.3984375,6.0
2015-08-11T13:21:50.000000Z,1.3994140625,1.3984375,8.0
2015-08-11T13:22:00.000000Z,1.3994140625,1.3984375,5.0
2015-08-11T13:22:10.000000Z,1.3994140625,1.3984375,4.0
2015-08-11T13:22:20.000000Z,1.3994140625,1.3984375,20.0
2015-08-11T13:22:30.000000Z,1.3994140625,1.3984375,9.0
2015-08-11T13:22:40.000000Z,1.3994140625,1.3984375,11.0
2015-08-11T13:22:50.000000Z,1.3994140625,1.3984375,15.0
2015-08-11T13:23:00.000000Z,1.3994140625,1.3984375,4.0
2015-08-11T13:23:10.000000Z,1.3994140625,1.3984375,3.0
2015-08-11T13:23:20.000000Z,1.3994140625,1.3984375,2.0
2015-08-11T13:23:30.000000Z,1.3994140625,1.3984375,2.0
2015-08-11T13:23:40.000000Z,1.3994140625,1.3984375,6.0
2015-08-11T13:23:50.000000Z,1.3994140625,1.3984375,5.0
2015-08-11T13:24:00.000000Z,1.3994140625,1.3984375,32.0
2015-08-11T13:24:10.000000Z,1.3994140625,1.3984375,18.0
2015-08-11T13:24:20.000000Z,1.3994140625,1.3994140625,26.0
2015-08-11T13:24:30.000000Z,1.3994140625,1.3994140625,10.0
2015-08-11T13:24:40.000000Z,1.3994140625,1.3984375,10.0
2015-08-11T13:24:50.000000Z,1.3994140625,1.3984375,6.0
2015-08-11T13:25:00.000000Z,1.3994140625,1.3984375,13.0
2015-08-11T13:25:10.000000Z,1.3994140625,1.3984375,43.0
2015-08-11T13:25:20.000000Z,1.3994140625,1.3984375,38.0
2015-08-11T13:25:30.000000Z,1.3994140625,1.3984375,7.0
2015-08-11T13:25:40.000000Z,1.3994140625,1.3984375,17.0
2015-08-11T13:25:50.000000Z,1.3994140625,1.3984375,14.0
2015-08-11T13:26:00.000000Z,1.3994140625,1.3984375,10.0
2015-08-11T13:26:10.000000Z,1.3994140625,1.3984375,22.0
2015-08-11T13:26:20.000000Z,1.3994140625,1.3994140625,17.0
2015-08-11T13:26:30.000000Z,1.3994140625,1.3994140625,33.0
2015-08-11T13:26:40.000000Z,1.3994140625,1.3994140625,31.0
2015-08-11T13:26:50.000000Z,1.3994140625,1.3994140625,9.0
2015-08-11T13:27:00.000000Z,1.400390625,1.3994140625,54.0
2015-08-11T13:27:10.000000Z,1.400390625,1.3994140625,7.0
2015-08-11T13:27:20.000000Z,1.400390625,1.3994140625,18.0
2015-08-11T13:27:30.000000Z,1.400390625,1.3994140625,16.0
2015-08-11T13:27:40.000000Z,1.400390625,1.3994140625,12.0
2015-08-11T13:27:50.000000Z,1.400390625,1.3994140625,14.0
2015-08-11T13:28:00.000000Z,1.400390625,1.3994140625,56.0
2015-08-11T13:28:10.000000Z,1.400390625,1.3994140625,5.0
2015-08-11T13:28:20.000000Z,1.400390625,1.3994140625,10.0
2015-08-11T13:28:30.000000Z,1.400390625,1.3994140625,27.0
2015-08-11T13:28:40.000000Z,1.400390625,1.3994140625,13.0
2015-08-11T13:28:50.000000Z,1.400390625,1.3994140625,40.0
2015-08-11T13:29:00.000000Z,1.400390625,1.3994140625,43.0
2015-08-11T13:29:10.000000Z,1.400390625,1.3994140625,14.0
2015-08-11T13:29:20.000000Z,1.400390625,1.3994140625,34.0
2015-08-11T13:29:30.000000Z,1.400390625,1.3994140625,18.0
2015-08-11T13:29:40.000000Z,1.400390625,1.3994140625,24.0
2015-08-11T13:29:50.000000Z,1.400390625,1.3994140625,4.0
2015-08-11T13:30:00.000000Z,1.400390625,1.3994140625,20.0
2015-08-11T13:30:10.000000Z,1.400390625,1.3994140625,18.0
2015-08-11T13:30:20.000000Z,1.400390625,1.3994140625,16.0
2015-08-11T13:30:30.000000Z,1.400390625,1.3994140625,13.0
2015-08-11T13:30:40.000000Z,1.400390625,1.3994140625,13.0
2015-08-11T13:30:50.000000Z,1.400390625,1.3994140625,8.0
2015-08-11T13:31:00.000000Z,1.400390625,1.3994140625,18.0
2015-08-11T13:31:10.000000Z,1.400390625,1.400390625,15.0
2015-08-11T13:31:20.000000Z,1.400390625,1.400390625,10.0
2015-08-11T13:31:30.000000Z,1.400390625,1.400390625,12.0
2015-08-11T13:31:40.000000Z,1.400390625,1.3994140625,23.0
2015-08-11T13:31:50.000000Z,1.400390625,1.3994140625,21.0
2015-08-11T13:32:00.000000Z,1.400390625,1.3994140625,23.0
2015-08-11T13:32:10.000000Z,1.400390625,1.3994140625,12.0
2015-08-11T13:32:20.000000Z,1.400390625,1.3994140625,4.0
2015-08-11T13:32:30.000000Z,1.400390625,1.3994140625,18.0
2015-08-11T13:32:40.000000Z,1.400390625,1.3994140625,4.0
2015-08-11T13:32:50.000000Z,1.400390625,1.3994140625,6.0
2015-08-11T13:33:00.000000Z,1.400390625,1.3994140625,10.0
2015-08-11T13:33:10.000000Z,1.400390625,1.3994140625,6.0
2015-08-11T13:33:20.000000Z,1.400390625,1.3994140625,1.0
2015-08-11T13:33:30.000000Z,1.400390625,1.3994140625,20.0
2015-08-11T13:33:40.000000Z,1.400390625,1.3994140625,14.0
2015-08-11T13:33:50.000000Z,1.400390625,1.3994140625,10.0
2015-08-11T13:34:00.000000Z,1.400390625,1.3994140625,29.0
2015-08-11T13:34:10.000000Z,1.400390625,1.3994140625,18.0
2015-08-11T13:34:20.000000Z,1.400390625,1.400390625,23.0
2015-08-11T13:34:30.000000Z,1.400390625,1.400390625,5.0
2015-08-11T13:34:40.000000Z,1.400390625,1.400390625,14.0
2015-08-11T13:34:50.000000Z,1.400390625,1.400390625,11.0
2015-08-11T13:35:00.000000Z,1.400390625,1.400390625,10.0
2015-08-11T13:35:10.000000Z,1.400390625,1.400390625,3.0
2015-08-11T13:35:20.000000Z,1.400390625,1.400390625,33.0
2015-08-11T13:35:30.000000Z,1.400390625,1.400390625,15.0
2015-08-11T13:35:40.000000Z,1.400390625,1.400390625,5.0
2015-08-11T13:35:50.000000Z,1.400390625,1.400390625,12.0
2015-08-11T13:36:00.000000Z,1.400390625,1.400390625,26.0
2015-08-11T13:36:10.000000Z,1.400390625,1.400390625,15.0
2015-08-11T13:36:20.000000Z,1.400390625,1.400390625,7.0
2015-08-11T13:36:30.000000Z,1.400390625,1.400390625,31.0
2015-08-11T13:36:40.000000Z,1.400390625,1.400390625,40.0
2015-08-11T13:36:50.000000Z,1.400390625,1.400390625,46.0
2015-08-11T13:37:00.000000Z,1.400390625,1.400390625,11.0
2015-08-11T13:37:10.000000Z,1.400390625,1.400390625,8.0
2015-08-11T13:37:20.000000Z,1.400390625,1.400390625,8.0
2015-08-11T13:37:30.000000Z,1.400390625,1.400390625,4.0
2015-08-11T13:37:40.000000Z,1.400390625,1.400390625,18.0
2015-08-11T13:37:50.000000Z,1.400390625,1.400390625,6.0
2015-08-11T13:38:00.000000Z,1.400390625,1.3994140625,13.0
2015-08-11T13:38:10.000000Z,1.400390625,1.400390625,10.0
2015-08-11T13:38:20.000000Z,1.400390625,1.3994140625,12.0
2015-08-11T13:38:30.000000Z,1.400390625,1.400390625,12.0
2015-08-11T13:38:40.000000Z,1.400390625,1.400390625,11.0
2015-08-11T13:38:50.000000Z,1.400390625,1.400390625,9.0
2015-08-11T13:39:00.000000Z,1.400390625,1.400390625,11.0
2015-08-11T13:39:10.000000Z,1.400390625,1.400390625,16.0
2015-08-11T13:39:20.000000Z,1.400390625,1.400390625,18.0
2015-08-11T13:39:30.000000Z,1.400390625,1.400390625,10.0
2015-08-11T13:39:40.000000Z,1.400390625,1.400390625,9.0
2015-08-11T13:39:50.000000Z,1.400390625,1.400390625,11.0
2015-08-11T13:40:00.000000Z,1.4013671875,1.400390625,29.0
2015-08-11T13:40:10.000000Z,1.4013671875,1.400390625,20.0
2015-08-11T13:40:20.000000Z,1.4013671875,1.400390625,60.0
2015-08-11T13:40:30.000000Z,1.400390625,1.400390625,19.0
2015-08-11T13:40:40.000000Z,1.400390625,1.400390625,23.0
2015-08-11T13:40:50.000000Z,1.400390625,1.400390625,27.0
2015-08-11T13:41:00.000000Z,1.400390625,1.400390625,10.0
2015-08-11T13:41:10.000000Z,1.400390625,1.400390625,9.0
2015-08-11T13:41:20.000000Z,1.400390625,1.400390625,12.0
2015-08-11T13:41:30.000000Z,1.400390625,1.400390625,2.0
2015-08-11T13:41:40.000000Z,1.400390625,1.400390625,20.0
2015-08-11T13:41:50.000000Z,1.400390625,1.400390625,18.0
2015-08-11T13:42:00.000000Z,1.400390625,1.400390625,5.0
2015-08-11T13:42:10.000000Z,1.400390625,1.400390625,22.0
2015-08-11T13:42:20.000000Z,1.400390625,1.400390625,15.0
2015-08-11T13:42:30.000000Z,1.400390625,1.400390625,15.0
2015-08-11T13:42:40.000000Z,1.4013671875,1.400390625,29.0
2015-08-11T13:42:50.000000Z,1.400390625,1.400390625,15.0
2015-08-11T13:43:00.000000Z,1.400390625,1.400390625,15.0
2015-08-11T13:43:10.000000Z,1.400390625,1.400390625,11.0
2015-08-11T13:43:20.000000Z,1.400390625,1.400390625,38.0
2015-08-11T13:43:30.000000Z,1.400390625,1.400390625,7.0
2015-08-11T13:43:40.000000Z,1.4013671875,1.400390625,26.0
2015-08-11T13:43:50.000000Z,1.4013671875,1.400390625,28.0
2015-08-11T13:44:00.000000Z,1.4013671875,1.400390625,18.0
2015-08-11T13:44:10.000000Z,1.4013671875,1.400390625,30.0
2015-08-11T13:44:20.000000Z,1.4013671875,1.400390625,41.0
2015-08-11T13:44:30.000000Z,1.4013671875,1.400390625,21.0
2015-08-11T13:44:40.000000Z,1.4013671875,1.400390625,46.0
2015-08-11T13:44:50.000000Z,1.4013671875,1.400390625,8.0
2015-08-11T13:45:00.000000Z,1.4013671875,1.400390625,16.0
2015-08-11T13:45:10.000000Z,1.4013671875,1.400390625,12.0
2015-08-11T13:45:20.000000Z,1.4013671875,1.400390625,11.0
2015-08-11T13:45:30.000000Z,1.400390625,1.400390625,24.0
2015-08-11T13:45:40.000000Z,1.4013671875,1.400390625,35.0
2015-08-11T13:45:50.000000Z,1.4013671875,1.400390625,16.0
2015-08-11T13:46:00.000000Z,1.4013671875,1.400390625,11.0
2015-08-11T13:46:10.000000Z,1.400390625,1.400390625,11.0
2015-08-11T13:46:20.000000Z,1.4013671875,1.400390625,17.0
2015-08-11T13:46:30.000000Z,1.4013671875,1.400390625,13.0
2015-08-11T13:46:40.000000Z,1.4013671875,1.400390625,18.0
2015-08-11T13:46:50.000000Z,1.4013671875,1.400390625,36.0
2015-08-11T13:47:00.000000Z,1.4013671875,1.400390625,1.0
2015-08-11T13:47:10.000000Z,1.4013671875,1.400390625,37.0
2015-08-11T13:47:20.000000Z,1.4013671875,1.400390625,18.0
2015-08-11T13:47:30.000000Z,1.4013671875,1.400390625,7.0
2015-08-11T13:47:40.000000Z,1.4013671875,1.400390625,11.0
2015-08-11T13:47:50.000000Z,1.4013671875,1.400390625,11.0
2015-08-11T13:48:00.000000Z,1.4013671875,1.400390625,21.0
2015-08-11T13:48:10.000000Z,1.4013671875,1.400390625,17.0
2015-08-11T13:48:20.000000Z,1.4013671875,1.400390625,36.0
2015-08-11T13:48:30.000000Z,1.4013671875,1.400390625,9.0
2015-08-11T13:48:40.000000Z,1.4013671875,1.400390625,18.0
2015-08-11T13:48:50.000000Z,1.4013671875,1.400390625,18.0
2015-08-11T13:49:00.000000Z,1.4013671875,1.400390625,19.0
2015-08-11T13:49:10.000000Z,1.4013671875,1.400390625,15.0
2015-08-11T13:49:20.000000Z,1.4013671875,1.400390625,13.0
2015-08-11T13:49:30.000000Z,1.4013671875,1.400390625,10.0
2015-08-11T13:49:40.000000Z,1.4013671875,1.400390625,7.0
2015-08-11T13:49:50.000000Z,1.4013671875,1.400390625,22.0
2015-08-11T13:50:00.000000Z,1.4013671875,1.4013671875,54.0
2015-08-11T13:50:10.000000Z,1.4013671875,1.4013671875,18.0
2015-08-11T13:50:20.000000Z,1.4013671875,1.4013671875,15.0
2015-08-11T13:50:30.000000Z,1.4013671875,1.4013671875,19.0
2015-08-11T13:50:40.000000Z,1.4013671875,1.4013671875,14.0
2015-08-11T13:50:50.000000Z,1.4013671875,1.4013671875,31.0
2015-08-11T13:51:00.000000Z,1.4013671875,1.4013671875,20.0
2015-08-11T13:51:10.000000Z,1.4013671875,1.400390625,40.0
2015-08-11T13:51:20.000000Z,1.4013671875,1.400390625,12.0
2015-08-11T13:51:30.000000Z,1.4013671875,1.400390625,15.0
2015-08-11T13:51:40.000000Z,1.4013671875,1.400390625,25.0
2015-08-11T13:51:50.000000Z,1.4013671875,1.400390625,12.0
2015-08-11T13:52:00.000000Z,1.4013671875,1.400390625,4.0
2015-08-11T13:52:10.000000Z,1.4013671875,1.400390625,8.0
2015-08-11T13:52:20.000000Z,1.4013671875,1.400390625,4.0
2015-08-11T13:52:30.000000Z,1.4013671875,1.400390625,6.0
2015-08-11T13:52:40.000000Z,1.400390625,1.400390625,7.0
2015-08-11T13:52:50.000000Z,1.400390625,1.400390625,19.0
2015-08-11T13:53:00.000000Z,1.4013671875,1.400390625,9.0
2015-08-11T13:53:10.000000Z,1.4013671875,1.400390625,10.0
2015-08-11T13:53:20.000000Z,1.4013671875,1.4013671875,45.0
2015-08-11T13:53:30.000000Z,1.4013671875,1.4013671875,16.0
2015-08-11T13:53:40.000000Z,1.4013671875,1.400390625,4.0
2015-08-11T13:53:50.000000Z,1.4013671875,1.4013671875,5.0
2015-08-11T13:54:00.000000Z,1.4013671875,1.4013671875,10.0
2015-08-11T13:54:10.000000Z,1.4013671875,1.4013671875,3.0
2015-08-11T13:54:20.000000Z,1.4013671875,1.4013671875,15.0
2015-08-11T13:54:30.000000Z,1.40234375,1.4013671875,42.0
2015-08-11T13:54:40.000000Z,1.40234375,1.4013671875,10.0
2015-08-11T13:54:50.000000Z,1.40234375,1.4013671875,23.0
2015-08-11T13:55:00.000000Z,1.40234375,1.4013671875,7.0
2015-08-11T13:55:10.000000Z,1.40234375,1.4013671875,10.0
2015-08-11T13:55:20.000000Z,1.4013671875,1.4013671875,28.0
2015-08-11T13:55:30.000000Z,1.4013671875,1.4013671875,39.0
2015-08-11T13:55:40.000000Z,1.4013671875,1.4013671875,15.0
2015-08-11T13:55:50.000000Z,1.4013671875,1.4013671875,37.0
2015-08-11T13:56:00.000000Z,1.4013671875,1.4013671875,18.0
2015-08-11T13:56:10.000000Z,1.4013671875,1.4013671875,4.0
2015-08-11T13:56:20.000000Z,1.4013671875,1.4013671875,25.0
2015-08-11T13:56:30.000000Z,1.4013671875,1.4013671875,5.0
2015-08-11T13:56:40.000000Z,1.4013671875,1.4013671875,2.0
2015-08-11T13:56:50.000000Z,1.4013671875,1.4013671875,9.0
2015-08-11T13:57:00.000000Z,1.4013671875,1.4013671875,24.0
2015-08-11T13:57:10.000000Z,1.4013671875,1.4013671875,25.0
2015-08-11T13:57:20.000000Z,1.4013671875,1.4013671875,18.0
2015-08-11T13:57:30.000000Z,1.4013671875,1.4013671875,17.0
2015-08-11T13:57:40.000000Z,1.4013671875,1.4013671875,3.0
2015-08-11T13:57:50.000000Z,1.4013671875,1.4013671875,25.0
2015-08-11T13:58:00.000000Z,1.4013671875,1.4013671875,14.0
2015-08-11T13:58:10.000000Z,1.40234375,1.4013671875,15.0
2015-08-11T13:58:20.000000Z,1.40234375,1.4013671875,23.0
2015-08-11T13:58:30.000000Z,1.4013671875,1.4013671875,19.0
2015-08-11T13:58:40.000000Z,1.4013671875,1.4013671875,4.0
2015-08-11T13:58:50.000000Z,1.4013671875,1.4013671875,4.0
2015-08-11T13:59:00.000000Z,1.4013671875,1.4013671875,22.0
2015-08-11T13:59:10.000000Z,1.4013671875,1.4013671875,5.0
2015-08-11T13:59:20.000000Z,1.4013671875,1.4013671875,7.0
2015-08-11T13:59:30.000000Z,1.4013671875,1.400390625,19.0
2015-08-11T13:59:40.000000Z,1.4013671875,1.400390625,14.0
2015-08-11T13:59:50.000000Z,1.4013671875,1.400390625,16.0
2015-08-11T14:00:00.000000Z,1.4013671875,1.400390625,10.0
2015-08-11T14:00:10.000000Z,1.4013671875,1.400390625,42.0
2015-08-11T14:00:20.000000Z,1.4013671875,1.4013671875,10.0
2015-08-11T14:00:30.000000Z,1.4013671875,1.400390625,11.0
2015-08-11T14:00:40.000000Z,1.400390625,1.400390625,73.0
2015-08-11T14:00:50.000000Z,1.400390625,1.400390625,33.0
2015-08-11T14:01:00.000000Z,1.400390625,1.400390625,45.0
2015-08-11T14:01:10.000000Z,1.400390625,1.400390625,29.0
2015-08-11T14:01:20.000000Z,1.400390625,1.400390625,21.0
2015-08-11T14:01:30.000000Z,1.4013671875,1.400390625,29.0
2015-08-11T14:01:40.000000Z,1.4013671875,1.400390625,6.0
2015-08-11T14:01:50.000000Z,1.400390625,1.400390625,9.0
2015-08-11T14:02:00.000000Z,1.400390625,1.400390625,6.0
2015-08-11T14:02:10.000000Z,1.400390625,1.400390625,24.0
2015-08-11T14:02:20.000000Z,1.400390625,1.400390625,16.0
2015-08-11T14:02:30.000000Z,1.400390625,1.400390625,9.0
2015-08-11T14:02:40.000000Z,1.400390625,1.400390625,4.0
2015-08-11T14:02:50.000000Z,1.400390625,1.400390625,6.0
2015-08-11T14:03:00.000000Z,1.400390625,1.400390625,28.0
2015-08-11T14:03:10.000000Z,1.400390625,1.400390625,40.0
2015-08-11T14:03:20.000000Z,1.400390625,1.400390625,1.0
2015-08-11T14:03:30.000000Z,1.400390625,1.400390625,5.0
2015-08-11T14:03:40.000000Z,1.400390625,1.400390625,23.0
2015-08-11T14:03:50.000000Z,1.400390625,1.400390625,30.0
2015-08-11T14:04:00.000000Z,1.400390625,1.400390625,28.0
2015-08-11T14:04:10.000000Z,1.400390625,1.400390625,34.0
2015-08-11T14:04:20.000000Z,1.400390625,1.400390625,12.0
2015-08-11T14:04:30.000000Z,1.400390625,1.400390625,9.0
2015-08-11T14:04:40.000000Z,1.400390625,1.400390625,7.0
2015-08-11T14:04:50.000000Z,1.400390625,1.400390625,6.0
2015-08-11T14:05:00.000000Z,1.400390625,1.400390625,28.0
2015-08-11T14:05:10.000000Z,1.400390625,1.400390625,9.0
2015-08-11T14:05:20.000000Z,1.400390625,1.400390625,1.0
2015-08-11T14:05:30.000000Z,1.400390625,1.400390625,24.0
2015-08-11T14:05:40.000000Z,1.400390625,1.400390625,2.0
2015-08-11T14:05:50.000000Z,1.400390625,1.400390625,18.0
2015-08-11T14:06:00.000000Z,1.400390625,1.400390625,1.0
2015-08-11T14:06:10.000000Z,1.400390625,1.400390625,7.0
2015-08-11T14:06:20.000000Z,1.400390625,1.400390625,5.0
2015-08-11T14:06:30.000000Z,1.400390625,1.400390625,9.0
2015-08-11T14:06:40.000000Z,1.400390625,1.400390625,3.0
2015-08-11T14:06:50.000000Z,1.400390625,1.400390625,1.0
2015-08-11T14:07:00.000000Z,1.400390625,1.400390625,16.0
2015-08-11T14:07:10.000000Z,1.400390625,1.400390625,8.0
2015-08-11T14:07:20.000000Z,1.400390625,1.400390625,2.0
2015-08-11T14:07:30.000000Z,1.400390625,1.400390625,8.0
2015-08-11T14:07:40.000000Z,1.4013671875,1.400390625,12.0
2015-08-11T14:07:50.000000Z,1.4013671875,1.400390625,19.0
2015-08-11T14:08:00.000000Z,1.4013671875,1.400390625,3.0
2015-08-11T14:08:10.000000Z,1.4013671875,1.400390625,5.0
2015-08-11T14:08:20.000000Z,1.4013671875,1.400390625,38.0
2015-08-11T14:08:30.000000Z,1.4013671875,1.4013671875,20.0
2015-08-11T14:08:40.000000Z,1.4013671875,1.4013671875,28.0
2015-08-11T14:08:50.000000Z,1.4013671875,1.4013671875,11.0
2015-08-11T14:09:00.000000Z,1.4013671875,1.4013671875,32.0
2015-08-11T14:09:10.000000Z,1.4013671875,1.4013671875,10.0
2015-08-11T14:09:20.000000Z,1.4013671875,1.4013671875,10.0
2015-08-11T14:09:30.000000Z,1.4013671875,1.4013671875,12.0
2015-08-11T14:09:40.000000Z,1.4013671875,1.4013671875,11.0
2015-08-11T14:09:50.000000Z,1.4013671875,1.4013671875,13.0
2015-08-11T14:10:00.000000Z,1.4013671875,1.4013671875,7.0
2015-08-11T14:10:10.000000Z,1.4013671875,1.4013671875,32.0
2015-08-11T14:10:20.000000Z,1.4013671875,1.4013671875,5.0
2015-08-11T14:10:30.000000Z,1.4013671875,1.4013671875,10.0
2015-08-11T14:10:40.000000Z,1.4013671875,1.4013671875,5.0
2015-08-11T14:10:50.000000Z,1.4013671875,1.4013671875,7.0
2015-08-11T14:11:00.000000Z,1.4013671875,1.4013671875,9.0
2015-08-11T14:11:10.000000Z,1.4013671875,1.4013671875,12.0
2015-08-11T14:11:20.000000Z,1.4013671875,1.4013671875,18.0
2015-08-11T14:11:30.000000Z,1.4013671875,1.4013671875,15.0
2015-08-11T14:11:40.000000Z,1.4013671875,1.4013671875,7.0
2015-08-11T14:11:50.000000Z,1.4013671875,1.4013671875,2.0
2015-08-11T14:12:00.000000Z,1.4013671875,1.4013671875,1.0
2015-08-11T14:12:10.000000Z,1.4013671875,1.4013671875,4.0
2015-08-11T14:12:20.000000Z,1.4013671875,1.4013671875,8.0
2015-08-11T14:12:30.000000Z,1.4013671875,1.4013671875,6.0
2015-08-11T14:12:40.000000Z,1.4013671875,1.4013671875,7.0
2015-08-11T14:12:50.000000Z,1.4013671875,1.4013671875,5.0
2015-08-11T14:13:00.000000Z,1.4013671875,1.4013671875,4.0
2015-08-11T14:13:10.000000Z,1.4013671875,1.4013671875,10.0
2015-08-11T14:13:20.000000Z,1.4013671875,1.4013671875,6.0
2015-08-11T14:13:30.000000Z,1.4013671875,1.4013671875,10.0
2015-08-11T14:13:40.000000Z,1.4013671875,1.4013671875,28.0
2015-08-11T14:13:50.000000Z,1.4013671875,1.4013671875,33.0
2015-08-11T14:14:00.000000Z,1.4013671875,1.4013671875,16.0
2015-08-11T14:14:10.000000Z,1.4013671875,1.4013671875,7.0
2015-08-11T14:14:20.000000Z,1.4013671875,1.4013671875,9.0
2015-08-11T14:14:30.000000Z,1.4013671875,1.4013671875,9.0
2015-08-11T14:14:40.000000Z,1.4013671875,1.4013671875,2.0
2015-08-11T14:14:50.000000Z,1.4013671875,1.4013671875,8.0
2015-08-11T14:15:00.000000Z,1.4013671875,1.4013671875,17.0
2015-08-11T14:15:10.000000Z,1.4013671875,1.4013671875,7.0
2015-08-11T14:15:20.000000Z,1.4013671875,1.4013671875,2.0
2015-08-11T14:15:30.000000Z,1.4013671875,1.4013671875,5.0
2015-08-11T14:15:40.000000Z,1.4013671875,1.4013671875,4.0
2015-08-11T14:15:50.000000Z,1.4013671875,1.4013671875,40.0
2015-08-11T14:16:00.000000Z,1.4013671875,1.4013671875,20.0
2015-08-11T14:16:10.000000Z,1.4013671875,1.4013671875,6.0
2015-08-11T14:16:20.000000Z,1.4013671875,1.4013671875,7.0
2015-08-11T14:16:30.000000Z,1.4013671875,1.4013671875,7.0
2015-08-11T14:16:40.000000Z,1.40234375,1.4013671875,27.0
2015-08-11T14:16:50.000000Z,1.40234375,1.4013671875,14.0
2015-08-11T14:17:00.000000Z,1.40234375,1.4013671875,9.0
2015-08-11T14:17:10.000000Z,1.40234375,1.4013671875,6.0
2015-08-11T14:17:20.000000Z,1.40234375,1.4013671875,11.0
2015-08-11T14:17:30.000000Z,1.40234375,1.4013671875,13.0
2015-08-11T14:17:40.000000Z,1.40234375,1.4013671875,22.0
2015-08-11T14:17:50.000000Z,1.40234375,1.4013671875,6.0
2015-08-11T14:18:00.000000Z,1.40234375,1.4013671875,9.0
2015-08-11T14:18:10.000000Z,1.4013671875,1.4013671875,16.0
2015-08-11T14:18:20.000000Z,1.40234375,1.4013671875,39.0
2015-08-11T14:18:30.000000Z,1.40234375,1.4013671875,29.0
2015-08-11T14:18:40.000000Z,1.40234375,1.4013671875,23.0
2015-08-11T14:18:50.000000Z,1.40234375,1.4013671875,16.0
2015-08-11T14:19:00.000000Z,1.40234375,1.4013671875,32.0
2015-08-11T14:19:10.000000Z,1.40234375,1.4013671875,11.0
2015-08-11T14:19:20.000000Z,1.40234375,1.4013671875,6.0
2015-08-11T14:19:30.000000Z,1.40234375,1.4013671875,4.0
2015-08-11T14:19:40.000000Z,1.40234375,1.40234375,49.0
2015-08-11T14:19:50.000000Z,1.40234375,1.40234375,26.0
2015-08-11T14:20:00.000000Z,1.40234375,1.40234375,9.0
2015-08-11T14:20:10.000000Z,1.40234375,1.4013671875,32.0
2015-08-11T14:20:20.000000Z,1.40234375,1.4013671875,20.0
2015-08-11T14:20:30.000000Z,1.40234375,1.4013671875,20.0
2015-08-11T14:20:40.000000Z,1.40234375,1.4013671875,30.0
2015-08-11T14:20:50.000000Z,1.40234375,1.4013671875,15.0
2015-08-11T14:21:00.000000Z,1.40234375,1.4013671875,13.0
2015-08-11T14:21:10.000000Z,1.40234375,1.4013671875,11.0
2015-08-11T14:21:20.000000Z,1.40234375,1.4013671875,14.0
2015-08-11T14:21:30.000000Z,1.40234375,1.4013671875,27.0
2015-08-11T14:21:40.000000Z,1.40234375,1.4013671875,41.0
2015-08-11T14:21:50.000000Z,1.40234375,1.40234375,18.0
2015-08-11T14:22:00.000000Z,1.40234375,1.40234375,27.0
2015-08-11T14:22:10.000000Z,1.40234375,1.4013671875,12.0
2015-08-11T14:22:20.000000Z,1.40234375,1.40234375,9.0
2015-08-11T14:22:30.000000Z,1.40234375,1.40234375,14.0
2015-08-11T14:22:40.000000Z,1.40234375,1.40234375,14.0
2015-08-11T14:22:50.000000Z,1.40234375,1.40234375,8.0
2015-08-11T14:23:00.000000Z,1.40234375,1.40234375,8.0
2015-08-11T14:23:10.000000Z,1.40234375,1.40234375,3.0
2015-08-11T14:23:20.000000Z,1.40234375,1.40234375,16.0
2015-08-11T14:23:30.000000Z,1.40234375,1.40234375,19.0
2015-08-11T14:23:40.000000Z,1.40234375,1.40234375,30.0
2015-08-11T14:23:50.000000Z,1.40234375,1.40234375,19.0
2015-08-11T14:24:00.000000Z,1.40234375,1.40234375,30.0
2015-08-11T14:24:10.000000Z,1.40234375,1.40234375,13.0
2015-08-11T14:24:20.000000Z,1.40234375,1.40234375,18.0
2015-08-11T14:24:30.000000Z,1.40234375,1.40234375,16.0
2015-08-11T14:24:40.000000Z,1.40234375,1.40234375,17.0
2015-08-11T14:24:50.000000Z,1.40234375,1.40234375,8.0
2015-08-11T14:25:00.000000Z,1.40234375,1.40234375,33.0
2015-08-11T14:25:10.000000Z,1.40234375,1.40234375,8.0
2015-08-11T14:25:20.000000Z,1.40234375,1.40234375,21.0
2015-08-11T14:25:30.000000Z,1.40234375,1.40234375,7.0
2015-08-11T14:25:40.000000Z,1.40234375,1.40234375,7.0
2015-08-11T14:25:50.000000Z,1.40234375,1.40234375,18.0
2015-08-11T14:26:00.000000Z,1.40234375,1.40234375,6.0
2015-08-11T14:26:10.000000Z,1.40234375,1.40234375,2.0
2015-08-11T14:26:20.000000Z,1.40234375,1.40234375,18.0
2015-08-11T14:26:30.000000Z,1.40234375,1.40234375,12.0
2015-08-11T14:26:40.000000Z,1.40234375,1.40234375,6.0
2015-08-11T14:26:50.000000Z,1.40234375,1.40234375,14.0
2015-08-11T14:27:00.000000Z,1.40234375,1.40234375,24.0
2015-08-11T14:27:10.000000Z,1.40234375,1.40234375,1.0
2015-08-11T14:27:20.000000Z,1.40234375,1.40234375,6.0
2015-08-11T14:27:30.000000Z,1.40234375,1.40234375,10.0
2015-08-11T14:27:40.000000Z,1.40234375,1.40234375,15.0
2015-08-11T14:27:50.000000Z,1.40234375,1.40234375,2.0
2015-08-11T14:28:00.000000Z,1.40234375,1.40234375,11.0
2015-08-11T14:28:10.000000Z,1.40234375,1.40234375,2.0
2015-08-11T14:28:20.000000Z,1.40234375,1.40234375,20.0
2015-08-11T14:28:30.000000Z,1.40234375,1.40234375,17.0
2015-08-11T14:28:40.000000Z,1.40234375,1.40234375,14.0
2015-08-11T14:28:50.000000Z,1.40234375,1.40234375,2.0
2015-08-11T14:29:00.000000Z,1.40234375,1.4013671875,16.0
2015-08-11T14:29:10.000000Z,1.40234375,1.40234375,11.0
2015-08-11T14:29:20.000000Z,1.40234375,1.40234375,34.0
2015-08-11T14:29:30.000000Z,1.40234375,1.40234375,4.0
2015-08-11T14:29:40.000000Z,1.40234375,1.40234375,7.0
2015-08-11T14:29:50.000000Z,1.40234375,1.40234375,11.0
2015-08-11T14:30:00.000000Z,1.40234375,1.40234375,14.0
2015-08-11T14:30:10.000000Z,1.40234375,1.40234375,4.0
2015-08-11T14:30:20.000000Z,1.40234375,1.40234375,6.0
2015-08-11T14:30:30.000000Z,1.4033203125,1.40234375,29.0
2015-08-11T14:30:40.000000Z,1.4033203125,1.40234375,23.0
2015-08-11T14:30:50.000000Z,1.4033203125,1.40234375,11.0
2015-08-11T14:31:00.000000Z,1.4033203125,1.40234375,5.0
2015-08-11T14:31:10.000000Z,1.4033203125,1.40234375,10.0
2015-08-11T14:31:20.000000Z,1.4033203125,1.40234375,11.0
2015-08-11T14:31:30.000000Z,1.4033203125,1.40234375,22.0
2015-08-11T14:31:40.000000Z,1.4033203125,1.4033203125,22.0
2015-08-11T14:31:50.000000Z,1.4033203125,1.4033203125,8.0
2015-08-11T14:32:00.000000Z,1.4033203125,1.4033203125,9.0
2015-08-11T14:32:10.000000Z,1.4033203125,1.4033203125,7.0
2015-08-11T14:32:20.000000Z,1.4033203125,1.4033203125,4.0
2015-08-11T14:32:30.000000Z,1.4033203125,1.40234375,16.0
2015-08-11T14:32:40.000000Z,1.4033203125,1.4033203125,5.0
2015-08-11T14:32:50.000000Z,1.4033203125,1.40234375,13.0
2015-08-11T14:33:00.000000Z,1.4033203125,1.40234375,4.0
2015-08-11T14:33:10.000000Z,1.4033203125,1.4033203125,21.0
2015-08-11T14:33:20.000000Z,1.4033203125,1.4033203125,1.0
2015-08-11T14:33:40.000000Z,1.4033203125,1.4033203125,3.0
2015-08-11T14:33:50.000000Z,1.4033203125,1.4033203125,1.0
2015-08-11T14:34:00.000000Z,1.4033203125,1.4033203125,24.0
2015-08-11T14:34:10.000000Z,1.4033203125,1.4033203125,16.0
2015-08-11T14:34:20.000000Z,1.4033203125,1.4033203125,1.0
2015-08-11T14:34:30.000000Z,1.4033203125,1.4033203125,5.0
2015-08-11T14:34:40.000000Z,1.4033203125,1.4033203125,3.0
2015-08-11T14:34:50.000000Z,1.4033203125,1.4033203125,2.0
2015-08-11T14:35:00.000000Z,1.404296875,1.4033203125,16.0
2015-08-11T14:35:10.000000Z,1.404296875,1.4033203125,7.0
2015-08-11T14:35:20.000000Z,1.404296875,1.4033203125,6.0
2015-08-11T14:35:30.000000Z,1.404296875,1.4033203125,11.0
2015-08-11T14:35:40.000000Z,1.404296875,1.4033203125,14.0
2015-08-11T14:35:50.000000Z,1.404296875,1.4033203125,18.0
2015-08-11T14:36:00.000000Z,1.404296875,1.4033203125,47.0
2015-08-11T14:36:10.000000Z,1.404296875,1.4033203125,7.0
2015-08-11T14:36:20.000000Z,1.4052734375,1.4033203125,28.0
2015-08-11T14:36:30.000000Z,1.404296875,1.404296875,20.0
2015-08-11T14:36:40.000000Z,1.404296875,1.404296875,27.0
2015-08-11T14:36:50.000000Z,1.404296875,1.404296875,9.0
2015-08-11T14:37:00.000000Z,1.404296875,1.4033203125,13.0
2015-08-11T14:37:10.000000Z,1.404296875,1.404296875,20.0
2015-08-11T14:37:20.000000Z,1.404296875,1.404296875,32.0
2015-08-11T14:37:30.000000Z,1.404296875,1.404296875,33.0
2015-08-11T14:37:40.000000Z,1.404296875,1.404296875,26.0
2015-08-11T14:37:50.000000Z,1.404296875,1.404296875,35.0
2015-08-11T14:38:00.000000Z,1.404296875,1.404296875,21.0
2015-08-11T14:38:10.000000Z,1.404296875,1.404296875,5.0
2015-08-11T14:38:20.000000Z,1.404296875,1.404296875,14.0
2015-08-11T14:38:30.000000Z,1.404296875,1.404296875,35.0
2015-08-11T14:38:40.000000Z,1.404296875,1.404296875,7.0
2015-08-11T14:38:50.000000Z,1.404296875,1.404296875,17.0
2015-08-11T14:39:00.000000Z,1.404296875,1.404296875,18.0
2015-08-11T14:39:10.000000Z,1.404296875,1.404296875,9.0
2015-08-11T14:39:20.000000Z,1.404296875,1.404296875,23.0
2015-08-11T14:39:30.000000Z,1.404296875,1.404296875,4.0
2015-08-11T14:39:40.000000Z,1.404296875,1.404296875,4.0
2015-08-11T14:39:50.000000Z,1.404296875,1.404296875,12.0
2015-08-11T14:40:00.000000Z,1.404296875,1.404296875,8.0
2015-08-11T14:40:10.000000Z,1.404296875,1.404296875,15.0
2015-08-11T14:40:20.000000Z,1.404296875,1.4033203125,22.0
2015-08-11T14:40:30.000000Z,1.404296875,1.4033203125,6.0
2015-08-11T14:40:40.000000Z,1.404296875,1.4033203125,1.0
2015-08-11T14:40:50.000000Z,1.404296875,1.4033203125,8.0
2015-08-11T14:41:00.000000Z,1.404296875,1.4033203125,14.0
2015-08-11T14:41:10.000000Z,1.404296875,1.4033203125,7.0
2015-08-11T14:41:20.000000Z,1.404296875,1.4033203125,52.0
2015-08-11T14:41:30.000000Z,1.4033203125,1.4033203125,29.0
2015-08-11T14:41:40.000000Z,1.404296875,1.4033203125,14.0
2015-08-11T14:41:50.000000Z,1.4033203125,1.4033203125,4.0
2015-08-11T14:42:00.000000Z,1.404296875,1.4033203125,4.0
2015-08-11T14:42:10.000000Z,1.4033203125,1.4033203125,12.0
2015-08-11T14:42:20.000000Z,1.4033203125,1.4033203125,29.0
2015-08-11T14:42:30.000000Z,1.404296875,1.4033203125,24.0
2015-08-11T14:42:40.000000Z,1.404296875,1.4033203125,21.0
2015-08-11T14:42:50.000000Z,1.404296875,1.4033203125,6.0
2015-08-11T14:43:00.000000Z,1.404296875,1.4033203125,6.0
2015-08-11T14:43:10.000000Z,1.404296875,1.4033203125,6.0
2015-08-11T14:43:20.000000Z,1.404296875,1.4033203125,20.0
2015-08-11T14:43:30.000000Z,1.404296875,1.4033203125,27.0
2015-08-11T14:43:40.000000Z,1.404296875,1.4033203125,25.0
2015-08-11T14:43:50.000000Z,1.404296875,1.404296875,5.0
2015-08-11T14:44:00.000000Z,1.404296875,1.404296875,12.0
2015-08-11T14:44:10.000000Z,1.404296875,1.404296875,7.0
2015-08-11T14:44:20.000000Z,1.404296875,1.404296875,40.0
2015-08-11T14:44:30.000000Z,1.404296875,1.404296875,2.0
2015-08-11T14:44:40.000000Z,1.404296875,1.404296875,2.0
2015-08-11T14:44:50.000000Z,1.404296875,1.404296875,12.0
2015-08-11T14:45:00.000000Z,1.404296875,1.404296875,6.0
2015-08-11T14:45:10.000000Z,1.404296875,1.404296875,9.0
2015-08-11T14:45:20.000000Z,1.404296875,1.404296875,1.0
2015-08-11T14:45:30.000000Z,1.404296875,1.404296875,15.0
2015-08-11T14:45:40.000000Z,1.404296875,1.404296875,27.0
2015-08-11T14:45:50.000000Z,1.404296875,1.4033203125,30.0
2015-08-11T14:46:00.000000Z,1.404296875,1.4033203125,7.0
2015-08-11T14:46:10.000000Z,1.404296875,1.4033203125,9.0
2015-08-11T14:46:20.000000Z,1.404296875,1.4033203125,6.0
2015-08-11T14:46:30.000000Z,1.404296875,1.4033203125,13.0
2015-08-11T14:46:40.000000Z,1.404296875,1.4033203125,25.0
2015-08-11T14:46:50.000000Z,1.404296875,1.4033203125,7.0
2015-08-11T14:47:00.000000Z,1.404296875,1.4033203125,1.0
2015-08-11T14:47:10.000000Z,1.404296875,1.4033203125,7.0
2015-08-11T14:47:20.000000Z,1.404296875,1.404296875,24.0
2015-08-11T14:47:30.000000Z,1.404296875,1.404296875,29.0
2015-08-11T14:47:40.000000Z,1.404296875,1.404296875,12.0
2015-08-11T14:47:50.000000Z,1.404296875,1.404296875,4.0
2015-08-11T14:48:00.000000Z,1.404296875,1.404296875,5.0
2015-08-11T14:48:10.000000Z,1.404296875,1.404296875,4.0
2015-08-11T14:48:20.000000Z,1.404296875,1.404296875,15.0
2015-08-11T14:48:30.000000Z,1.404296875,1.404296875,4.0
2015-08-11T14:48:40.000000Z,1.404296875,1.4033203125,29.0
2015-08-11T14:48:50.000000Z,1.404296875,1.4033203125,19.0
2015-08-11T14:49:00.000000Z,1.404296875,1.404296875,24.0
2015-08-11T14:49:10.000000Z,1.404296875,1.404296875,13.0
2015-08-11T14:49:20.000000Z,1.404296875,1.404296875,12.0
2015-08-11T14:49:30.000000Z,1.404296875,1.404296875,20.0
2015-08-11T14:49:40.000000Z,1.404296875,1.404296875,7.0
2015-08-11T14:49:50.000000Z,1.404296875,1.404296875,6.0
2015-08-11T14:50:00.000000Z,1.404296875,1.404296875,7.0
2015-08-11T14:50:10.000000Z,1.404296875,1.404296875,4.0
2015-08-11T14:50:20.000000Z,1.404296875,1.4033203125,7.0
2015-08-11T14:50:30.000000Z,1.404296875,1.404296875,7.0
2015-08-11T14:50:40.000000Z,1.404296875,1.4033203125,29.0
2015-08-11T14:50:50.000000Z,1.404296875,1.4033203125,11.0
2015-08-11T14:51:00.000000Z,1.404296875,1.4033203125,10.0
2015-08-11T14:51:10.000000Z,1.404296875,1.4033203125,9.0
2015-08-11T14:51:20.000000Z,1.404296875,1.4033203125,15.0
2015-08-11T14:51:30.000000Z,1.404296875,1.4033203125,12.0
2015-08-11T14:51:40.000000Z,1.404296875,1.4033203125,2.0
2015-08-11T14:51:50.000000Z,1.404296875,1.4033203125,13.0
2015-08-11T14:52:00.000000Z,1.404296875,1.4033203125,20.0
2015-08-11T14:52:10.000000Z,1.404296875,1.4033203125,14.0
2015-08-11T14:52:20.000000Z,1.404296875,1.4033203125,3.0
2015-08-11T14:52:30.000000Z,1.404296875,1.4033203125,9.0
2015-08-11T14:52:40.000000Z,1.404296875,1.404296875,9.0
2015-08-11T14:52:50.000000Z,1.404296875,1.404296875,15.0
2015-08-11T14:53:00.000000Z,1.404296875,1.404296875,18.0
2015-08-11T14:53:10.000000Z,1.404296875,1.404296875,10.0
2015-08-11T14:53:20.000000Z,1.404296875,1.404296875,16.0
2015-08-11T14:53:30.000000Z,1.404296875,1.404296875,1.0
2015-08-11T14:53:40.000000Z,1.404296875,1.404296875,2.0
2015-08-11T14:53:50.000000Z,1.404296875,1.404296875,4.0
2015-08-11T14:54:00.000000Z,1.404296875,1.404296875,2.0
2015-08-11T14:54:10.000000Z,1.404296875,1.404296875,4.0
2015-08-11T14:54:20.000000Z,1.404296875,1.404296875,4.0
2015-08-11T14:54:30.000000Z,1.404296875,1.404296875,12.0
2015-08-11T14:54:40.000000Z,1.404296875,1.404296875,25.0
2015-08-11T14:54:50.000000Z,1.404296875,1.404296875,11.0
2015-08-11T14:55:00.000000Z,1.404296875,1.404296875,7.0
2015-08-11T14:55:10.000000Z,1.404296875,1.404296875,6.0
2015-08-11T14:55:20.000000Z,1.404296875,1.404296875,11.0
2015-08-11T14:55:30.000000Z,1.404296875,1.4033203125,9.0
2015-08-11T14:55:40.000000Z,1.404296875,1.404296875,8.0
2015-08-11T14:55:50.000000Z,1.404296875,1.404296875,2.0
2015-08-11T14:56:00.000000Z,1.404296875,1.4033203125,7.0
2015-08-11T14:56:10.000000Z,1.404296875,1.4033203125,7.0
2015-08-11T14:56:20.000000Z,1.404296875,1.4033203125,8.0
2015-08-11T14:56:30.000000Z,1.404296875,1.4033203125,13.0
2015-08-11T14:56:40.000000Z,1.404296875,1.4033203125,24.0
2015-08-11T14:56:50.000000Z,1.404296875,1.4033203125,2.0
2015-08-11T14:57:00.000000Z,1.404296875,1.4033203125,15.0
2015-08-11T14:57:10.000000Z,1.404296875,1.4033203125,20.0
2015-08-11T14:57:20.000000Z,1.404296875,1.404296875,47.0
2015-08-11T14:57:30.000000Z,1.4052734375,1.404296875,42.0
2015-08-11T14:57:40.000000Z,1.4052734375,1.404296875,11.0
2015-08-11T14:57:50.000000Z,1.404296875,1.404296875,17.0
2015-08-11T14:58:00.000000Z,1.4052734375,1.404296875,11.0
2015-08-11T14:58:10.000000Z,1.4052734375,1.404296875,26.0
2015-08-11T14:58:20.000000Z,1.4052734375,1.404296875,10.0
2015-08-11T14:58:30.000000Z,1.4052734375,1.404296875,11.0
2015-08-11T14:58:40.000000Z,1.4052734375,1.404296875,15.0
2015-08-11T14:58:50.000000Z,1.4052734375,1.404296875,94.0
2015-08-11T14:59:00.000000Z,1.4052734375,1.404296875,38.0
2015-08-11T14:59:10.000000Z,1.4052734375,1.404296875,43.0
2015-08-11T14:59:20.000000Z,1.4052734375,1.404296875,24.0
2015-08-11T14:59:30.000000Z,1.4052734375,1.404296875,31.0
2015-08-11T14:59:40.000000Z,1.4052734375,1.404296875,39.0
2015-08-11T14:59:50.000000Z,1.4052734375,1.404296875,25.0
2015-08-11T15:00:00.000000Z,1.404296875,1.404296875,42.0
2015-08-11T15:00:10.000000Z,1.404296875,1.404296875,21.0
2015-08-11T15:00:20.000000Z,1.404296875,1.404296875,14.0
2015-08-11T15:00:30.000000Z,1.404296875,1.404296875,24.0
2015-08-11T15:00:40.000000Z,1.404296875,1.404296875,19.0
2015-08-11T15:00:50.000000Z,1.404296875,1.404296875,16.0
2015-08-11T15:01:00.000000Z,1.404296875,1.404296875,18.0
2015-08-11T15:01:10.000000Z,1.404296875,1.404296875,14.0
2015-08-11T15:01:20.000000Z,1.404296875,1.404296875,16.0
2015-08-11T15:01:30.000000Z,1.404296875,1.404296875,43.0
2015-08-11T15:01:40.000000Z,1.404296875,1.404296875,36.0
2015-08-11T15:01:50.000000Z,1.404296875,1.404296875,18.0
2015-08-11T15:02:00.000000Z,1.404296875,1.4033203125,19.0
2015-08-11T15:02:10.000000Z,1.404296875,1.404296875,57.0
2015-08-11T15:02:20.000000Z,1.404296875,1.4033203125,24.0
2015-08-11T15:02:30.000000Z,1.404296875,1.4033203125,24.0
2015-08-11T15:02:40.000000Z,1.404296875,1.4033203125,11.0
2015-08-11T15:02:50.000000Z,1.404296875,1.4033203125,6.0
2015-08-11T15:03:00.000000Z,1.404296875,1.4033203125,17.0
2015-08-11T15:03:10.000000Z,1.404296875,1.4033203125,8.0
2015-08-11T15:03:20.000000Z,1.404296875,1.4033203125,11.0
2015-08-11T15:03:30.000000Z,1.404296875,1.4033203125,4.0
2015-08-11T15:03:40.000000Z,1.404296875,1.4033203125,6.0
2015-08-11T15:03:50.000000Z,1.404296875,1.404296875,11.0
2015-08-11T15:04:00.000000Z,1.404296875,1.404296875,15.0
2015-08-11T15:04:10.000000Z,1.404296875,1.404296875,4.0
2015-08-11T15:04:20.000000Z,1.404296875,1.404296875,2.0
2015-08-11T15:04:30.000000Z,1.404296875,1.404296875,35.0
2015-08-11T15:04:40.000000Z,1.404296875,1.404296875,32.0
2015-08-11T15:04:50.000000Z,1.404296875,1.404296875,15.0
2015-08-11T15:05:00.000000Z,1.404296875,1.404296875,14.0
2015-08-11T15:05:10.000000Z,1.404296875,1.404296875,11.0
2015-08-11T15:05:20.000000Z,1.404296875,1.404296875,2.0
2015-08-11T15:05:30.000000Z,1.404296875,1.404296875,1.0
2015-08-11T15:05:40.000000Z,1.404296875,1.404296875,3.0
2015-08-11T15:05:50.000000Z,1.404296875,1.404296875,6.0
2015-08-11T15:06:00.000000Z,1.404296875,1.404296875,5.0
2015-08-11T15:06:10.000000Z,1.404296875,1.404296875,8.0
2015-08-11T15:06:20.000000Z,1.404296875,1.404296875,4.0
2015-08-11T15:06:30.000000Z,1.404296875,1.404296875,6.0
2015-08-11T15:06:40.000000Z,1.404296875,1.404296875,4.0
2015-08-11T15:06:50.000000Z,1.404296875,1.404296875,19.0
2015-08-11T15:07:00.000000Z,1.404296875,1.404296875,17.0
2015-08-11T15:07:10.000000Z,1.4052734375,1.404296875,24.0
2015-08-11T15:07:20.000000Z,1.404296875,1.404296875,6.0
2015-08-11T15:07:30.000000Z,1.4052734375,1.404296875,5.0
2015-08-11T15:07:40.000000Z,1.4052734375,1.404296875,4.0
2015-08-11T15:07:50.000000Z,1.4052734375,1.404296875,2.0
2015-08-11T15:08:00.000000Z,1.4052734375,1.404296875,23.0
2015-08-11T15:08:10.000000Z,1.4052734375,1.404296875,12.0
2015-08-11T15:08:30.000000Z,1.4052734375,1.404296875,2.0
2015-08-11T15:08:40.000000Z,1.4052734375,1.404296875,4.0
2015-08-11T15:08:50.000000Z,1.4052734375,1.404296875,3.0
2015-08-11T15:09:10.000000Z,1.404296875,1.404296875,3.0
2015-08-11T15:09:20.000000Z,1.4052734375,1.404296875,12.0
2015-08-11T15:09:30.000000Z,1.4052734375,1.404296875,11.0
2015-08-11T15:09:50.000000Z,1.4052734375,1.404296875,4.0
2015-08-11T15:10:00.000000Z,1.4052734375,1.404296875,1.0
2015-08-11T15:10:10.000000Z,1.4052734375,1.404296875,2.0
2015-08-11T15:10:20.000000Z,1.4052734375,1.404296875,1.0
2015-08-11T15:10:30.000000Z,1.4052734375,1.404296875,2.0
2015-08-11T15:10:40.000000Z,1.4052734375,1.404296875,1.0
2015-08-11T15:11:00.000000Z,1.4052734375,1.404296875,4.0
2015-08-11T15:11:10.000000Z,1.4052734375,1.404296875,4.0
2015-08-11T15:11:20.000000Z,1.4052734375,1.404296875,3.0
2015-08-11T15:11:30.000000Z,1.4052734375,1.404296875,9.0
2015-08-11T15:11:50.000000Z,1.4052734375,1.404296875,10.0
2015-08-11T15:12:00.000000Z,1.4052734375,1.404296875,2.0
2015-08-11T15:12:10.000000Z,1.4052734375,1.404296875,32.0
2015-08-11T15:12:20.000000Z,1.404296875,1.404296875,22.0
2015-08-11T15:12:30.000000Z,1.404296875,1.404296875,34.0
2015-08-11T15:12:40.000000Z,1.404296875,1.404296875,8.0
