time,closeAsk,closeBid
2015-07-29T00:54:10.000000Z,136.795,136.776
2015-07-29T00:54:20.000000Z,136.799,136.777
2015-07-29T00:54:30.000000Z,136.787,136.77
2015-07-29T00:54:40.000000Z,136.801,136.778
2015-07-29T00:54:50.000000Z,136.794,136.774
2015-07-29T00:55:00.000000Z,136.787,136.769
2015-07-29T00:55:10.000000Z,136.793,136.771
2015-07-29T00:55:20.000000Z,136.803,136.783
2015-07-29T00:55:30.000000Z,136.806,136.787
2015-07-29T00:55:40.000000Z,136.804,136.786
2015-07-29T00:55:50.000000Z,136.803,136.785
2015-07-29T00:56:00.000000Z,136.798,136.779
2015-07-29T00:56:20.000000Z,136.801,136.785
2015-07-29T00:56:30.000000Z,136.795,136.778
2015-07-29T00:56:40.000000Z,136.799,136.778
2015-07-29T00:56:50.000000Z,136.803,136.784
2015-07-29T00:57:00.000000Z,136.796,136.775
2015-07-29T00:57:10.000000Z,136.797,136.777
2015-07-29T00:57:30.000000Z,136.801,136.782
2015-07-29T00:57:50.000000Z,136.804,136.785
2015-07-29T00:58:00.000000Z,136.808,136.788
2015-07-29T00:58:50.000000Z,136.816,136.799
2015-07-29T00:59:00.000000Z,136.811,136.789
2015-07-29T00:59:20.000000Z,136.801,136.784
2015-07-29T00:59:50.000000Z,136.807,136.79
2015-07-29T01:00:00.000000Z,136.831,136.806
2015-07-29T01:00:10.000000Z,136.82,136.8
2015-07-29T01:00:20.000000Z,136.821,136.801
2015-07-29T01:00:30.000000Z,136.815,136.796
2015-07-29T01:00:40.000000Z,136.83,136.81
2015-07-29T01:00:50.000000Z,136.825,136.803
2015-07-29T01:01:00.000000Z,136.821,136.803
2015-07-29T01:01:20.000000Z,136.817,136.794
2015-07-29T01:01:30.000000Z,136.823,136.8
2015-07-29T01:01:50.000000Z,136.83,136.813
2015-07-29T01:02:00.000000Z,136.828,136.808
2015-07-29T01:02:10.000000Z,136.817,136.798
2015-07-29T01:02:20.000000Z,136.823,136.803
2015-07-29T01:02:30.000000Z,136.82,136.803
2015-07-29T01:02:40.000000Z,136.81,136.788
2015-07-29T01:02:50.000000Z,136.816,136.795
2015-07-29T01:03:00.000000Z,136.829,136.802
2015-07-29T01:03:20.000000Z,136.82,136.799
2015-07-29T01:03:50.000000Z,136.819,136.796
2015-07-29T01:04:10.000000Z,136.82,136.799
2015-07-29T01:04:20.000000Z,136.822,136.799
2015-07-29T01:04:30.000000Z,136.814,136.794
2015-07-29T01:04:40.000000Z,136.818,136.799
2015-07-29T01:04:50.000000Z,136.822,136.804
2015-07-29T01:05:00.000000Z,136.819,136.8
2015-07-29T01:05:10.000000Z,136.809,136.787
2015-07-29T01:05:20.000000Z,136.811,136.79
2015-07-29T01:05:30.000000Z,136.804,136.783
2015-07-29T01:05:40.000000Z,136.801,136.779
2015-07-29T01:06:30.000000Z,136.792,136.773
2015-07-29T01:06:50.000000Z,136.785,136.767
2015-07-29T01:07:10.000000Z,136.782,136.763
2015-07-29T01:07:20.000000Z,136.779,136.76
2015-07-29T01:07:30.000000Z,136.779,136.762
2015-07-29T01:07:40.000000Z,136.784,136.766
2015-07-29T01:07:50.000000Z,136.782,136.764
2015-07-29T01:08:00.000000Z,136.779,136.761
2015-07-29T01:08:20.000000Z,136.783,136.765
2015-07-29T01:08:30.000000Z,136.778,136.761
2015-07-29T01:08:40.000000Z,136.782,136.763
2015-07-29T01:08:50.000000Z,136.777,136.759
2015-07-29T01:09:10.000000Z,136.776,136.757
2015-07-29T01:09:40.000000Z,136.78,136.761
2015-07-29T01:09:50.000000Z,136.766,136.748
2015-07-29T01:10:00.000000Z,136.769,136.752
2015-07-29T01:10:10.000000Z,136.766,136.747
2015-07-29T01:10:20.000000Z,136.775,136.753
2015-07-29T01:10:30.000000Z,136.766,136.747
2015-07-29T01:10:40.000000Z,136.771,136.752
2015-07-29T01:10:50.000000Z,136.775,136.757
2015-07-29T01:11:00.000000Z,136.788,136.769
2015-07-29T01:11:20.000000Z,136.784,136.763
2015-07-29T01:11:30.000000Z,136.787,136.768
2015-07-29T01:11:40.000000Z,136.794,136.771
2015-07-29T01:11:50.000000Z,136.805,136.783
2015-07-29T01:12:00.000000Z,136.811,136.789
2015-07-29T01:12:10.000000Z,136.815,136.793
2015-07-29T01:12:20.000000Z,136.811,136.79
2015-07-29T01:12:30.000000Z,136.823,136.799
2015-07-29T01:13:30.000000Z,136.83,136.81
2015-07-29T01:13:40.000000Z,136.847,136.828
2015-07-29T01:13:50.000000Z,136.842,136.823
2015-07-29T01:14:00.000000Z,136.845,136.824
2015-07-29T01:14:10.000000Z,136.842,136.822
2015-07-29T01:14:20.000000Z,136.852,136.832
2015-07-29T01:14:30.000000Z,136.863,136.843
2015-07-29T01:14:50.000000Z,136.869,136.848
2015-07-29T01:15:00.000000Z,136.868,136.846
2015-07-29T01:15:10.000000Z,136.872,136.852
2015-07-29T01:15:20.000000Z,136.864,136.843
2015-07-29T01:15:30.000000Z,136.871,136.851
2015-07-29T01:16:00.000000Z,136.867,136.848
2015-07-29T01:16:10.000000Z,136.852,136.83
2015-07-29T01:16:50.000000Z,136.865,136.845
2015-07-29T01:17:30.000000Z,136.86,136.84
2015-07-29T01:17:40.000000Z,136.857,136.837
2015-07-29T01:17:50.000000Z,136.859,136.842
2015-07-29T01:18:30.000000Z,136.863,136.847
2015-07-29T01:18:40.000000Z,136.863,136.845
2015-07-29T01:19:00.000000Z,136.848,136.828
2015-07-29T01:19:30.000000Z,136.857,136.836
2015-07-29T01:19:40.000000Z,136.858,136.838
2015-07-29T01:19:50.000000Z,136.859,136.841
2015-07-29T01:20:00.000000Z,136.859,136.839
2015-07-29T01:20:10.000000Z,136.86,136.841
2015-07-29T01:20:20.000000Z,136.858,136.837
2015-07-29T01:20:40.000000Z,136.861,136.842
2015-07-29T01:20:50.000000Z,136.845,136.826
2015-07-29T01:21:00.000000Z,136.842,136.819
2015-07-29T01:21:10.000000Z,136.859,136.84
2015-07-29T01:21:20.000000Z,136.851,136.832
2015-07-29T01:21:30.000000Z,136.838,136.818
2015-07-29T01:21:40.000000Z,136.848,136.828
2015-07-29T01:21:50.000000Z,136.846,136.827
2015-07-29T01:22:00.000000Z,136.85,136.83
2015-07-29T01:22:10.000000Z,136.853,136.833
2015-07-29T01:22:20.000000Z,136.857,136.834
2015-07-29T01:22:30.000000Z,136.851,136.828
2015-07-29T01:22:50.000000Z,136.855,136.831
2015-07-29T01:23:00.000000Z,136.855,136.833
2015-07-29T01:23:10.000000Z,136.855,136.835
2015-07-29T01:23:20.000000Z,136.858,136.839
2015-07-29T01:24:00.000000Z,136.86,136.838
2015-07-29T01:24:10.000000Z,136.854,136.837
2015-07-29T01:24:40.000000Z,136.847,136.825
2015-07-29T01:24:50.000000Z,136.838,136.822
2015-07-29T01:25:00.000000Z,136.843,136.827
2015-07-29T01:25:10.000000Z,136.85,136.831
2015-07-29T01:25:30.000000Z,136.856,136.835
2015-07-29T01:25:40.000000Z,136.85,136.829
2015-07-29T01:26:00.000000Z,136.866,136.849
2015-07-29T01:26:10.000000Z,136.864,136.847
2015-07-29T01:26:30.000000Z,136.855,136.837
2015-07-29T01:27:00.000000Z,136.85,136.83
2015-07-29T01:27:10.000000Z,136.851,136.835
2015-07-29T01:27:20.000000Z,136.856,136.837
2015-07-29T01:27:30.000000Z,136.846,136.828
2015-07-29T01:27:50.000000Z,136.841,136.823
2015-07-29T01:28:30.000000Z,136.845,136.828
2015-07-29T01:28:50.000000Z,136.847,136.828
2015-07-29T01:29:20.000000Z,136.853,136.833
2015-07-29T01:29:30.000000Z,136.831,136.812
2015-07-29T01:29:40.000000Z,136.838,136.822
2015-07-29T01:29:50.000000Z,136.835,136.813
2015-07-29T01:30:00.000000Z,136.809,136.79
2015-07-29T01:30:10.000000Z,136.814,136.791
2015-07-29T01:30:20.000000Z,136.799,136.776
2015-07-29T01:30:30.000000Z,136.795,136.775
2015-07-29T01:30:40.000000Z,136.79,136.772
2015-07-29T01:30:50.000000Z,136.795,136.773
2015-07-29T01:31:00.000000Z,136.791,136.769
2015-07-29T01:31:10.000000Z,136.8,136.778
2015-07-29T01:31:20.000000Z,136.791,136.773
2015-07-29T01:31:30.000000Z,136.793,136.773
2015-07-29T01:31:40.000000Z,136.801,136.783
2015-07-29T01:31:50.000000Z,136.807,136.787
2015-07-29T01:32:00.000000Z,136.813,136.793
2015-07-29T01:32:20.000000Z,136.797,136.776
2015-07-29T01:32:30.000000Z,136.795,136.776
2015-07-29T01:33:30.000000Z,136.798,136.781
2015-07-29T01:34:00.000000Z,136.805,136.781
2015-07-29T01:34:20.000000Z,136.805,136.785
2015-07-29T01:34:30.000000Z,136.823,136.803
2015-07-29T01:34:40.000000Z,136.816,136.798
2015-07-29T01:35:00.000000Z,136.818,136.801
2015-07-29T01:35:10.000000Z,136.81,136.788
2015-07-29T01:35:20.000000Z,136.812,136.79
2015-07-29T01:35:30.000000Z,136.822,136.802
2015-07-29T01:35:40.000000Z,136.826,136.806
2015-07-29T01:35:50.000000Z,136.825,136.805
2015-07-29T01:36:00.000000Z,136.835,136.813
2015-07-29T01:36:20.000000Z,136.829,136.81
2015-07-29T01:36:40.000000Z,136.832,136.809
2015-07-29T01:36:50.000000Z,136.821,136.8
2015-07-29T01:37:00.000000Z,136.817,136.798
2015-07-29T01:37:10.000000Z,136.818,136.797
2015-07-29T01:37:20.000000Z,136.828,136.805
2015-07-29T01:37:40.000000Z,136.821,136.801
2015-07-29T01:38:00.000000Z,136.816,136.799
2015-07-29T01:38:10.000000Z,136.818,136.801
2015-07-29T01:38:20.000000Z,136.819,136.798
2015-07-29T01:39:00.000000Z,136.826,136.809
2015-07-29T01:39:20.000000Z,136.827,136.809
2015-07-29T01:39:40.000000Z,136.832,136.811
2015-07-29T01:39:50.000000Z,136.835,136.815
2015-07-29T01:40:00.000000Z,136.839,136.819
2015-07-29T01:40:10.000000Z,136.823,136.807
2015-07-29T01:40:20.000000Z,136.819,136.799
2015-07-29T01:40:30.000000Z,136.82,136.802
2015-07-29T01:40:40.000000Z,136.82,136.804
2015-07-29T01:40:50.000000Z,136.824,136.804
2015-07-29T01:41:00.000000Z,136.836,136.815
2015-07-29T01:41:20.000000Z,136.821,136.803
2015-07-29T01:41:30.000000Z,136.811,136.793
2015-07-29T01:41:40.000000Z,136.816,136.796
2015-07-29T01:41:50.000000Z,136.819,136.801
2015-07-29T01:42:00.000000Z,136.83,136.811
2015-07-29T01:42:10.000000Z,136.834,136.814
2015-07-29T01:42:30.000000Z,136.828,136.812
2015-07-29T01:42:40.000000Z,136.827,136.812
2015-07-29T01:43:00.000000Z,136.833,136.813
2015-07-29T01:43:20.000000Z,136.829,136.806
2015-07-29T01:44:10.000000Z,136.832,136.811
2015-07-29T01:44:40.000000Z,136.83,136.81
2015-07-29T01:44:50.000000Z,136.831,136.81
2015-07-29T01:45:30.000000Z,136.837,136.814
2015-07-29T01:45:50.000000Z,136.833,136.811
2015-07-29T01:46:00.000000Z,136.831,136.811
2015-07-29T01:46:10.000000Z,136.834,136.813
2015-07-29T01:46:30.000000Z,136.83,136.806
2015-07-29T01:47:00.000000Z,136.842,136.82
2015-07-29T01:47:10.000000Z,136.833,136.808
2015-07-29T01:47:20.000000Z,136.835,136.815
2015-07-29T01:47:50.000000Z,136.823,136.805
2015-07-29T01:48:00.000000Z,136.826,136.804
2015-07-29T01:48:20.000000Z,136.826,136.805
2015-07-29T01:49:00.000000Z,136.812,136.787
2015-07-29T01:49:10.000000Z,136.815,136.794
2015-07-29T01:49:20.000000Z,136.807,136.786
2015-07-29T01:49:30.000000Z,136.799,136.779
2015-07-29T01:49:40.000000Z,136.803,136.781
2015-07-29T01:50:00.000000Z,136.798,136.777
2015-07-29T01:51:10.000000Z,136.801,136.78
2015-07-29T01:51:30.000000Z,136.809,136.792
2015-07-29T01:51:40.000000Z,136.809,136.79
2015-07-29T01:51:50.000000Z,136.807,136.79
2015-07-29T01:52:00.000000Z,136.82,136.801
2015-07-29T01:52:10.000000Z,136.807,136.787
2015-07-29T01:52:40.000000Z,136.801,136.78
2015-07-29T01:52:50.000000Z,136.79,136.771
2015-07-29T01:53:30.000000Z,136.797,136.774
2015-07-29T01:53:40.000000Z,136.788,136.766
2015-07-29T01:54:00.000000Z,136.785,136.766
2015-07-29T01:54:10.000000Z,136.766,136.748
2015-07-29T01:54:20.000000Z,136.751,136.729
2015-07-29T01:54:30.000000Z,136.761,136.739
2015-07-29T01:55:00.000000Z,136.752,136.733
2015-07-29T01:55:10.000000Z,136.742,136.722
2015-07-29T01:55:20.000000Z,136.748,136.727
2015-07-29T01:55:30.000000Z,136.758,136.739
2015-07-29T01:55:40.000000Z,136.755,136.737
2015-07-29T01:56:00.000000Z,136.757,136.738
2015-07-29T01:56:10.000000Z,136.756,136.736
2015-07-29T01:56:20.000000Z,136.746,136.727
2015-07-29T01:56:30.000000Z,136.745,136.726
2015-07-29T01:56:50.000000Z,136.748,136.729
2015-07-29T01:57:00.000000Z,136.752,136.735
2015-07-29T01:57:10.000000Z,136.755,136.739
2015-07-29T01:57:20.000000Z,136.743,136.724
2015-07-29T01:57:30.000000Z,136.738,136.718
2015-07-29T01:57:50.000000Z,136.741,136.722
2015-07-29T01:58:00.000000Z,136.738,136.719
2015-07-29T01:58:10.000000Z,136.742,136.723
2015-07-29T01:58:40.000000Z,136.739,136.72
2015-07-29T01:58:50.000000Z,136.738,136.718
2015-07-29T01:59:10.000000Z,136.74,136.721
2015-07-29T01:59:20.000000Z,136.734,136.714
2015-07-29T02:00:00.000000Z,136.739,136.719
2015-07-29T02:00:10.000000Z,136.751,136.734
2015-07-29T02:00:20.000000Z,136.759,136.74
2015-07-29T02:00:30.000000Z,136.754,136.736
2015-07-29T02:00:40.000000Z,136.752,136.731
2015-07-29T02:00:50.000000Z,136.741,136.719
2015-07-29T02:01:10.000000Z,136.736,136.717
2015-07-29T02:01:50.000000Z,136.729,136.71
2015-07-29T02:02:10.000000Z,136.739,136.72
2015-07-29T02:02:20.000000Z,136.73,136.708
2015-07-29T02:02:40.000000Z,136.725,136.702
2015-07-29T02:02:50.000000Z,136.717,136.697
2015-07-29T02:03:00.000000Z,136.717,136.697
2015-07-29T02:03:10.000000Z,136.712,136.695
2015-07-29T02:03:20.000000Z,136.716,136.697
2015-07-29T02:03:30.000000Z,136.72,136.7
2015-07-29T02:03:40.000000Z,136.718,136.7
2015-07-29T02:04:00.000000Z,136.721,136.704
2015-07-29T02:04:10.000000Z,136.733,136.714
2015-07-29T02:04:30.000000Z,136.728,136.708
2015-07-29T02:04:40.000000Z,136.735,136.715
2015-07-29T02:04:50.000000Z,136.733,136.714
2015-07-29T02:05:00.000000Z,136.724,136.702
2015-07-29T02:05:10.000000Z,136.731,136.712
2015-07-29T02:05:20.000000Z,136.733,136.712
2015-07-29T02:05:30.000000Z,136.737,136.716
2015-07-29T02:05:40.000000Z,136.724,136.704
2015-07-29T02:05:50.000000Z,136.713,136.694
2015-07-29T02:06:00.000000Z,136.717,136.698
2015-07-29T02:06:10.000000Z,136.719,136.7
2015-07-29T02:06:20.000000Z,136.717,136.699
2015-07-29T02:06:30.000000Z,136.717,136.695
2015-07-29T02:06:40.000000Z,136.711,136.691
2015-07-29T02:06:50.000000Z,136.703,136.684
2015-07-29T02:07:00.000000Z,136.697,136.676
2015-07-29T02:07:10.000000Z,136.708,136.686
2015-07-29T02:07:30.000000Z,136.713,136.693
2015-07-29T02:07:50.000000Z,136.705,136.684
2015-07-29T02:08:00.000000Z,136.702,136.682
2015-07-29T02:08:20.000000Z,136.695,136.678
2015-07-29T02:08:30.000000Z,136.683,136.664
2015-07-29T02:08:40.000000Z,136.691,136.669
2015-07-29T02:08:50.000000Z,136.689,136.667
2015-07-29T02:09:00.000000Z,136.681,136.661
2015-07-29T02:09:20.000000Z,136.667,136.647
2015-07-29T02:09:30.000000Z,136.663,136.643
2015-07-29T02:09:40.000000Z,136.659,136.641
2015-07-29T02:10:00.000000Z,136.671,136.653
2015-07-29T02:10:10.000000Z,136.685,136.667
2015-07-29T02:10:20.000000Z,136.683,136.665
2015-07-29T02:10:30.000000Z,136.692,136.675
2015-07-29T02:10:50.000000Z,136.699,136.679
2015-07-29T02:11:00.000000Z,136.694,136.673
2015-07-29T02:11:20.000000Z,136.705,136.68
2015-07-29T02:11:30.000000Z,136.709,136.688
2015-07-29T02:11:40.000000Z,136.702,136.685
2015-07-29T02:12:00.000000Z,136.7,136.681
2015-07-29T02:12:10.000000Z,136.722,136.7
2015-07-29T02:12:20.000000Z,136.719,136.699
2015-07-29T02:12:30.000000Z,136.716,136.695
2015-07-29T02:12:40.000000Z,136.709,136.691
2015-07-29T02:12:50.000000Z,136.705,136.688
2015-07-29T02:13:10.000000Z,136.712,136.692
2015-07-29T02:13:30.000000Z,136.721,136.699
2015-07-29T02:13:40.000000Z,136.719,136.698
2015-07-29T02:13:50.000000Z,136.715,136.697
2015-07-29T02:14:00.000000Z,136.712,136.695
2015-07-29T02:14:10.000000Z,136.713,136.692
2015-07-29T02:14:20.000000Z,136.709,136.691
2015-07-29T02:14:30.000000Z,136.716,136.694
2015-07-29T02:14:50.000000Z,136.723,136.703
2015-07-29T02:15:00.000000Z,136.714,136.693
2015-07-29T02:15:10.000000Z,136.711,136.693
2015-07-29T02:15:20.000000Z,136.719,136.696
2015-07-29T02:15:40.000000Z,136.717,136.695
2015-07-29T02:15:50.000000Z,136.722,136.698
2015-07-29T02:16:00.000000Z,136.73,136.71
2015-07-29T02:16:30.000000Z,136.721,136.7
2015-07-29T02:16:50.000000Z,136.724,136.704
2015-07-29T02:17:00.000000Z,136.719,136.697
2015-07-29T02:17:10.000000Z,136.726,136.707
2015-07-29T02:17:20.000000Z,136.738,136.72
2015-07-29T02:17:30.000000Z,136.73,136.709
2015-07-29T02:17:50.000000Z,136.725,136.704
2015-07-29T02:18:20.000000Z,136.721,136.702
2015-07-29T02:18:30.000000Z,136.736,136.717
2015-07-29T02:18:40.000000Z,136.738,136.717
2015-07-29T02:19:00.000000Z,136.736,136.716
2015-07-29T02:19:10.000000Z,136.732,136.71
2015-07-29T02:19:50.000000Z,136.725,136.704
2015-07-29T02:20:20.000000Z,136.721,136.704
2015-07-29T02:20:40.000000Z,136.717,136.701
2015-07-29T02:21:00.000000Z,136.734,136.714
2015-07-29T02:21:10.000000Z,136.739,136.719
2015-07-29T02:21:20.000000Z,136.738,136.722
2015-07-29T02:21:50.000000Z,136.745,136.727
2015-07-29T02:22:00.000000Z,136.735,136.715
2015-07-29T02:22:10.000000Z,136.73,136.709
2015-07-29T02:22:20.000000Z,136.731,136.711
2015-07-29T02:22:30.000000Z,136.731,136.709
2015-07-29T02:22:50.000000Z,136.734,136.715
2015-07-29T02:23:00.000000Z,136.743,136.725
2015-07-29T02:23:10.000000Z,136.751,136.733
2015-07-29T02:23:20.000000Z,136.755,136.739
2015-07-29T02:23:40.000000Z,136.751,136.731
2015-07-29T02:24:00.000000Z,136.758,136.735
2015-07-29T02:24:10.000000Z,136.742,136.722
2015-07-29T02:24:20.000000Z,136.739,136.716
2015-07-29T02:24:30.000000Z,136.744,136.722
2015-07-29T02:24:40.000000Z,136.747,136.725
2015-07-29T02:25:00.000000Z,136.737,136.715
2015-07-29T02:25:10.000000Z,136.747,136.727
2015-07-29T02:25:30.000000Z,136.754,136.731
2015-07-29T02:25:40.000000Z,136.756,136.734
2015-07-29T02:26:00.000000Z,136.76,136.742
2015-07-29T02:26:20.000000Z,136.758,136.737
2015-07-29T02:26:40.000000Z,136.752,136.729
2015-07-29T02:27:10.000000Z,136.737,136.716
2015-07-29T02:27:20.000000Z,136.734,136.712
2015-07-29T02:27:30.000000Z,136.731,136.709
2015-07-29T02:27:40.000000Z,136.723,136.703
2015-07-29T02:27:50.000000Z,136.736,136.712
2015-07-29T02:28:00.000000Z,136.736,136.715
2015-07-29T02:28:10.000000Z,136.73,136.712
2015-07-29T02:28:20.000000Z,136.728,136.707
2015-07-29T02:28:30.000000Z,136.739,136.716
2015-07-29T02:28:40.000000Z,136.741,136.718
2015-07-29T02:28:50.000000Z,136.737,136.715
2015-07-29T02:29:00.000000Z,136.742,136.718
2015-07-29T02:29:10.000000Z,136.736,136.714
2015-07-29T02:29:20.000000Z,136.741,136.721
2015-07-29T02:29:30.000000Z,136.745,136.721
2015-07-29T02:29:40.000000Z,136.736,136.715
2015-07-29T02:29:50.000000Z,136.74,136.718
2015-07-29T02:30:00.000000Z,136.735,136.712
2015-07-29T02:30:10.000000Z,136.732,136.711
2015-07-29T02:30:20.000000Z,136.726,136.706
2015-07-29T02:30:30.000000Z,136.721,136.699
2015-07-29T02:30:40.000000Z,136.711,136.691
2015-07-29T02:30:50.000000Z,136.701,136.683
2015-07-29T02:31:00.000000Z,136.705,136.686
2015-07-29T02:31:20.000000Z,136.71,136.688
2015-07-29T02:31:30.000000Z,136.712,136.689
2015-07-29T02:31:40.000000Z,136.706,136.688
2015-07-29T02:32:00.000000Z,136.696,136.674
2015-07-29T02:32:20.000000Z,136.696,136.677
2015-07-29T02:32:30.000000Z,136.698,136.681
2015-07-29T02:32:50.000000Z,136.714,136.69
2015-07-29T02:33:00.000000Z,136.716,136.695
2015-07-29T02:33:10.000000Z,136.724,136.702
2015-07-29T02:33:30.000000Z,136.722,136.703
2015-07-29T02:33:40.000000Z,136.713,136.694
2015-07-29T02:33:50.000000Z,136.708,136.687
2015-07-29T02:34:10.000000Z,136.707,136.685
2015-07-29T02:34:40.000000Z,136.699,136.677
2015-07-29T02:34:50.000000Z,136.699,136.68
2015-07-29T02:35:00.000000Z,136.701,136.677
2015-07-29T02:35:10.000000Z,136.707,136.688
2015-07-29T02:35:20.000000Z,136.704,136.684
2015-07-29T02:35:30.000000Z,136.71,136.692
2015-07-29T02:35:50.000000Z,136.714,136.695
2015-07-29T02:36:20.000000Z,136.709,136.689
2015-07-29T02:36:30.000000Z,136.71,136.691
2015-07-29T02:36:40.000000Z,136.707,136.684
2015-07-29T02:36:50.000000Z,136.704,136.679
2015-07-29T02:37:20.000000Z,136.697,136.676
2015-07-29T02:37:50.000000Z,136.681,136.659
2015-07-29T02:38:20.000000Z,136.692,136.673
2015-07-29T02:38:30.000000Z,136.7,136.677
2015-07-29T02:38:40.000000Z,136.707,136.685
2015-07-29T02:38:50.000000Z,136.703,136.682
2015-07-29T02:39:00.000000Z,136.703,136.682
2015-07-29T02:39:10.000000Z,136.708,136.688
2015-07-29T02:39:20.000000Z,136.709,136.69
2015-07-29T02:39:40.000000Z,136.715,136.694
2015-07-29T02:39:50.000000Z,136.708,136.687
2015-07-29T02:40:10.000000Z,136.706,136.683
2015-07-29T02:40:40.000000Z,136.705,136.682
2015-07-29T02:40:50.000000Z,136.707,136.686
2015-07-29T02:41:10.000000Z,136.702,136.681
2015-07-29T02:41:20.000000Z,136.701,136.683
2015-07-29T02:41:30.000000Z,136.696,136.677
2015-07-29T02:41:40.000000Z,136.697,136.675
2015-07-29T02:41:50.000000Z,136.692,136.671
2015-07-29T02:42:00.000000Z,136.691,136.67
2015-07-29T02:42:20.000000Z,136.687,136.666
2015-07-29T02:42:30.000000Z,136.689,136.669
2015-07-29T02:42:40.000000Z,136.68,136.656
2015-07-29T02:42:50.000000Z,136.678,136.66
2015-07-29T02:43:00.000000Z,136.685,136.665
2015-07-29T02:43:10.000000Z,136.683,136.665
2015-07-29T02:43:20.000000Z,136.679,136.662
2015-07-29T02:43:30.000000Z,136.673,136.655
2015-07-29T02:44:00.000000Z,136.678,136.659
2015-07-29T02:44:10.000000Z,136.685,136.664
2015-07-29T02:44:20.000000Z,136.688,136.67
2015-07-29T02:44:30.000000Z,136.695,136.674
2015-07-29T02:45:00.000000Z,136.692,136.674
2015-07-29T02:45:10.000000Z,136.696,136.678
2015-07-29T02:45:30.000000Z,136.7,136.681
2015-07-29T02:46:00.000000Z,136.703,136.684
2015-07-29T02:46:10.000000Z,136.691,136.673
2015-07-29T02:46:20.000000Z,136.69,136.672
2015-07-29T02:47:00.000000Z,136.693,136.672
2015-07-29T02:48:20.000000Z,136.688,136.666
2015-07-29T02:48:30.000000Z,136.692,136.671
2015-07-29T02:48:40.000000Z,136.688,136.667
2015-07-29T02:50:20.000000Z,136.691,136.671
2015-07-29T02:51:10.000000Z,136.686,136.665
2015-07-29T02:51:20.000000Z,136.69,136.669
2015-07-29T02:51:40.000000Z,136.685,136.664
2015-07-29T02:52:40.000000Z,136.675,136.654
2015-07-29T02:52:50.000000Z,136.675,136.657
2015-07-29T02:53:10.000000Z,136.678,136.661
2015-07-29T02:53:20.000000Z,136.682,136.663
2015-07-29T02:53:30.000000Z,136.686,136.666
2015-07-29T02:53:40.000000Z,136.691,136.671
2015-07-29T02:53:50.000000Z,136.682,136.661
2015-07-29T02:54:00.000000Z,136.68,136.66
2015-07-29T02:54:20.000000Z,136.682,136.662
2015-07-29T02:54:30.000000Z,136.683,136.662
2015-07-29T02:54:50.000000Z,136.679,136.659
2015-07-29T02:55:00.000000Z,136.675,136.655
2015-07-29T02:55:20.000000Z,136.682,136.662
2015-07-29T02:55:30.000000Z,136.686,136.664
2015-07-29T02:56:30.000000Z,136.689,136.669
2015-07-29T02:57:10.000000Z,136.692,136.673
2015-07-29T02:57:40.000000Z,136.684,136.66
2015-07-29T02:57:50.000000Z,136.689,136.667
2015-07-29T02:58:20.000000Z,136.688,136.667
2015-07-29T02:58:40.000000Z,136.686,136.665
2015-07-29T02:58:50.000000Z,136.681,136.659
2015-07-29T02:59:00.000000Z,136.688,136.667
2015-07-29T02:59:20.000000Z,136.709,136.688
2015-07-29T02:59:30.000000Z,136.723,136.702
2015-07-29T02:59:40.000000Z,136.727,136.706
2015-07-29T03:00:00.000000Z,136.728,136.707
2015-07-29T03:00:20.000000Z,136.705,136.685
2015-07-29T03:00:30.000000Z,136.706,136.686
2015-07-29T03:00:40.000000Z,136.71,136.692
2015-07-29T03:00:50.000000Z,136.713,136.691
2015-07-29T03:02:20.000000Z,136.708,136.688
2015-07-29T03:02:40.000000Z,136.698,136.677
2015-07-29T03:02:50.000000Z,136.691,136.673
2015-07-29T03:03:00.000000Z,136.688,136.665
2015-07-29T03:03:20.000000Z,136.693,136.675
2015-07-29T03:03:30.000000Z,136.697,136.678
2015-07-29T03:04:10.000000Z,136.701,136.681
2015-07-29T03:04:40.000000Z,136.703,136.685
2015-07-29T03:05:10.000000Z,136.708,136.687
2015-07-29T03:05:20.000000Z,136.705,136.682
2015-07-29T03:05:40.000000Z,136.709,136.692
2015-07-29T03:05:50.000000Z,136.709,136.687
2015-07-29T03:06:00.000000Z,136.708,136.69
2015-07-29T03:06:10.000000Z,136.718,136.699
2015-07-29T03:06:20.000000Z,136.712,136.692
2015-07-29T03:06:30.000000Z,136.715,136.692
2015-07-29T03:06:40.000000Z,136.718,136.699
2015-07-29T03:06:50.000000Z,136.711,136.692
2015-07-29T03:08:30.000000Z,136.706,136.689
2015-07-29T03:08:50.000000Z,136.71,136.691
2015-07-29T03:09:40.000000Z,136.714,136.694
2015-07-29T03:10:20.000000Z,136.706,136.684
2015-07-29T03:11:10.000000Z,136.699,136.679
2015-07-29T03:11:30.000000Z,136.695,136.674
2015-07-29T03:12:10.000000Z,136.692,136.673
2015-07-29T03:12:40.000000Z,136.714,136.687
2015-07-29T03:12:50.000000Z,136.715,136.69
2015-07-29T03:13:10.000000Z,136.701,136.681
2015-07-29T03:13:20.000000Z,136.715,136.691
2015-07-29T03:13:40.000000Z,136.717,136.695
2015-07-29T03:14:00.000000Z,136.723,136.702
2015-07-29T03:14:10.000000Z,136.721,136.702
2015-07-29T03:14:20.000000Z,136.725,136.701
2015-07-29T03:14:30.000000Z,136.723,136.699
2015-07-29T03:14:40.000000Z,136.719,136.696
2015-07-29T03:15:00.000000Z,136.726,136.706
2015-07-29T03:15:10.000000Z,136.731,136.709
2015-07-29T03:15:30.000000Z,136.729,136.707
2015-07-29T03:15:50.000000Z,136.736,136.713
2015-07-29T03:16:10.000000Z,136.731,136.71
2015-07-29T03:19:00.000000Z,136.726,136.705
2015-07-29T03:19:10.000000Z,136.728,136.706
2015-07-29T03:21:00.000000Z,136.728,136.708
2015-07-29T03:21:20.000000Z,136.741,136.722
2015-07-29T03:21:40.000000Z,136.737,136.718
2015-07-29T03:22:00.000000Z,136.747,136.726
2015-07-29T03:22:10.000000Z,136.749,136.726
2015-07-29T03:22:20.000000Z,136.755,136.731
2015-07-29T03:22:30.000000Z,136.758,136.734
2015-07-29T03:22:40.000000Z,136.753,136.729
2015-07-29T03:22:50.000000Z,136.753,136.73
2015-07-29T03:23:00.000000Z,136.756,136.734
2015-07-29T03:23:20.000000Z,136.751,136.729
2015-07-29T03:23:40.000000Z,136.752,136.729
2015-07-29T03:24:10.000000Z,136.742,136.721
2015-07-29T03:26:10.000000Z,136.753,136.73
2015-07-29T03:27:00.000000Z,136.748,136.728
2015-07-29T03:27:30.000000Z,136.754,136.733
2015-07-29T03:27:40.000000Z,136.753,136.734
2015-07-29T03:27:50.000000Z,136.756,136.739
2015-07-29T03:28:00.000000Z,136.765,136.745
2015-07-29T03:28:10.000000Z,136.76,136.739
2015-07-29T03:30:00.000000Z,136.767,136.744
2015-07-29T03:30:10.000000Z,136.758,136.738
2015-07-29T03:30:20.000000Z,136.75,136.731
2015-07-29T03:30:30.000000Z,136.755,136.736
2015-07-29T03:30:40.000000Z,136.757,136.735
2015-07-29T03:30:50.000000Z,136.754,136.731
2015-07-29T03:31:00.000000Z,136.758,136.738
2015-07-29T03:31:10.000000Z,136.751,136.727
2015-07-29T03:31:30.000000Z,136.754,136.733
2015-07-29T03:31:40.000000Z,136.758,136.735
2015-07-29T03:32:00.000000Z,136.773,136.755
2015-07-29T03:32:10.000000Z,136.78,136.76
2015-07-29T03:33:10.000000Z,136.781,136.759
2015-07-29T03:33:30.000000Z,136.784,136.762
2015-07-29T03:33:50.000000Z,136.794,136.771
2015-07-29T03:34:00.000000Z,136.787,136.767
2015-07-29T03:35:30.000000Z,136.791,136.77
2015-07-29T03:35:40.000000Z,136.786,136.767
2015-07-29T03:35:50.000000Z,136.78,136.764
2015-07-29T03:36:10.000000Z,136.777,136.756
2015-07-29T03:36:20.000000Z,136.771,136.752
2015-07-29T03:36:30.000000Z,136.767,136.746
2015-07-29T03:36:40.000000Z,136.765,136.743
2015-07-29T03:36:50.000000Z,136.763,136.74
2015-07-29T03:37:00.000000Z,136.768,136.746
2015-07-29T03:37:10.000000Z,136.787,136.769
2015-07-29T03:37:20.000000Z,136.782,136.764
2015-07-29T03:37:30.000000Z,136.778,136.761
2015-07-29T03:38:10.000000Z,136.783,136.767
2015-07-29T03:38:20.000000Z,136.78,136.762
2015-07-29T03:39:10.000000Z,136.786,136.768
2015-07-29T03:39:30.000000Z,136.793,136.771
2015-07-29T03:39:50.000000Z,136.795,136.776
2015-07-29T03:40:00.000000Z,136.801,136.784
2015-07-29T03:40:30.000000Z,136.804,136.784
2015-07-29T03:40:40.000000Z,136.801,136.782
2015-07-29T03:41:00.000000Z,136.805,136.786
2015-07-29T03:41:50.000000Z,136.807,136.793
2015-07-29T03:42:10.000000Z,136.818,136.796
2015-07-29T03:42:40.000000Z,136.816,136.794
2015-07-29T03:42:50.000000Z,136.806,136.783
2015-07-29T03:43:20.000000Z,136.809,136.79
2015-07-29T03:43:50.000000Z,136.809,136.79
2015-07-29T03:44:00.000000Z,136.803,136.78
2015-07-29T03:44:10.000000Z,136.798,136.778
2015-07-29T03:44:20.000000Z,136.792,136.772
2015-07-29T03:44:30.000000Z,136.786,136.764
2015-07-29T03:44:40.000000Z,136.791,136.77
2015-07-29T03:44:50.000000Z,136.786,136.764
2015-07-29T03:45:10.000000Z,136.791,136.77
2015-07-29T03:45:30.000000Z,136.789,136.769
2015-07-29T03:46:00.000000Z,136.785,136.765
2015-07-29T03:46:30.000000Z,136.78,136.762
2015-07-29T03:46:40.000000Z,136.774,136.755
2015-07-29T03:47:30.000000Z,136.77,136.752
2015-07-29T03:47:40.000000Z,136.768,136.748
2015-07-29T03:48:00.000000Z,136.774,136.756
2015-07-29T03:48:10.000000Z,136.77,136.749
2015-07-29T03:48:20.000000Z,136.758,136.738
2015-07-29T03:48:40.000000Z,136.752,136.733
2015-07-29T03:49:10.000000Z,136.756,136.736
2015-07-29T03:49:20.000000Z,136.749,136.73
2015-07-29T03:50:00.000000Z,136.745,136.727
2015-07-29T03:50:50.000000Z,136.754,136.734
2015-07-29T03:51:00.000000Z,136.76,136.739
2015-07-29T03:51:20.000000Z,136.754,136.736
2015-07-29T03:52:00.000000Z,136.76,136.741
2015-07-29T03:53:00.000000Z,136.759,136.739
2015-07-29T03:53:10.000000Z,136.766,136.743
2015-07-29T03:53:40.000000Z,136.768,136.749
2015-07-29T03:53:50.000000Z,136.758,136.738
2015-07-29T03:54:30.000000Z,136.765,136.742
2015-07-29T03:54:40.000000Z,136.757,136.736
2015-07-29T03:55:00.000000Z,136.753,136.734
2015-07-29T03:55:10.000000Z,136.757,136.738
2015-07-29T03:55:50.000000Z,136.752,136.73
2015-07-29T03:56:10.000000Z,136.754,136.735
2015-07-29T03:56:20.000000Z,136.747,136.728
2015-07-29T03:56:30.000000Z,136.752,136.731
2015-07-29T03:56:40.000000Z,136.761,136.742
2015-07-29T03:57:10.000000Z,136.765,136.746
2015-07-29T03:57:30.000000Z,136.761,136.743
2015-07-29T03:57:50.000000Z,136.758,136.739
2015-07-29T03:58:00.000000Z,136.746,136.725
2015-07-29T03:58:30.000000Z,136.752,136.731
2015-07-29T03:59:00.000000Z,136.757,136.736
2015-07-29T03:59:10.000000Z,136.756,136.738
2015-07-29T04:00:30.000000Z,136.754,136.734
2015-07-29T04:01:00.000000Z,136.744,136.724
2015-07-29T04:01:10.000000Z,136.738,136.716
2015-07-29T04:01:30.000000Z,136.735,136.716
2015-07-29T04:01:40.000000Z,136.747,136.723
2015-07-29T04:02:30.000000Z,136.735,136.716
2015-07-29T04:03:30.000000Z,136.742,136.72
2015-07-29T04:03:40.000000Z,136.756,136.736
2015-07-29T04:03:50.000000Z,136.748,136.728
2015-07-29T04:04:10.000000Z,136.75,136.73
2015-07-29T04:04:20.000000Z,136.745,136.725
2015-07-29T04:04:40.000000Z,136.74,136.718
2015-07-29T04:05:00.000000Z,136.738,136.719
2015-07-29T04:05:20.000000Z,136.75,136.729
2015-07-29T04:06:00.000000Z,136.744,136.724
2015-07-29T04:06:10.000000Z,136.738,136.719
2015-07-29T04:06:40.000000Z,136.744,136.726
2015-07-29T04:07:00.000000Z,136.75,136.733
2015-07-29T04:07:10.000000Z,136.754,136.736
2015-07-29T04:07:40.000000Z,136.757,136.736
2015-07-29T04:08:40.000000Z,136.768,136.747
2015-07-29T04:09:20.000000Z,136.765,136.745
2015-07-29T04:09:30.000000Z,136.755,136.733
2015-07-29T04:09:50.000000Z,136.756,136.737
2015-07-29T04:10:00.000000Z,136.752,136.731
2015-07-29T04:10:10.000000Z,136.747,136.726
2015-07-29T04:10:20.000000Z,136.738,136.717
2015-07-29T04:10:30.000000Z,136.743,136.725
2015-07-29T04:11:20.000000Z,136.738,136.72
2015-07-29T04:11:40.000000Z,136.742,136.723
2015-07-29T04:11:50.000000Z,136.738,136.717
2015-07-29T04:12:00.000000Z,136.737,136.716
2015-07-29T04:12:20.000000Z,136.741,136.719
2015-07-29T04:12:50.000000Z,136.745,136.723
2015-07-29T04:13:10.000000Z,136.74,136.718
2015-07-29T04:13:20.000000Z,136.744,136.721
2015-07-29T04:13:30.000000Z,136.75,136.728
2015-07-29T04:13:50.000000Z,136.733,136.715
2015-07-29T04:14:00.000000Z,136.74,136.722
2015-07-29T04:14:10.000000Z,136.731,136.711
2015-07-29T04:14:20.000000Z,136.724,136.707
2015-07-29T04:14:30.000000Z,136.714,136.7
2015-07-29T04:14:40.000000Z,136.71,136.693
2015-07-29T04:14:50.000000Z,136.704,136.687
2015-07-29T04:15:00.000000Z,136.709,136.69
2015-07-29T04:15:10.000000Z,136.713,136.693
2015-07-29T04:15:20.000000Z,136.713,136.694
2015-07-29T04:15:30.000000Z,136.708,136.692
2015-07-29T04:15:40.000000Z,136.71,136.694
2015-07-29T04:15:50.000000Z,136.706,136.685
2015-07-29T04:16:00.000000Z,136.709,136.692
2015-07-29T04:16:30.000000Z,136.709,136.688
2015-07-29T04:16:40.000000Z,136.722,136.704
2015-07-29T04:16:50.000000Z,136.729,136.71
2015-07-29T04:17:00.000000Z,136.737,136.717
2015-07-29T04:17:10.000000Z,136.735,136.714
2015-07-29T04:17:40.000000Z,136.727,136.709
2015-07-29T04:17:50.000000Z,136.732,136.711
2015-07-29T04:18:00.000000Z,136.73,136.709
2015-07-29T04:18:10.000000Z,136.718,136.698
2015-07-29T04:18:30.000000Z,136.727,136.708
2015-07-29T04:18:40.000000Z,136.7,136.682
2015-07-29T04:18:50.000000Z,136.695,136.675
2015-07-29T04:19:00.000000Z,136.684,136.662
2015-07-29T04:19:10.000000Z,136.677,136.658
2015-07-29T04:19:20.000000Z,136.686,136.667
2015-07-29T04:19:30.000000Z,136.682,136.661
2015-07-29T04:19:40.000000Z,136.684,136.664
2015-07-29T04:19:50.000000Z,136.678,136.658
2015-07-29T04:20:10.000000Z,136.688,136.668
2015-07-29T04:20:40.000000Z,136.684,136.665
2015-07-29T04:20:50.000000Z,136.675,136.654
2015-07-29T04:21:00.000000Z,136.676,136.657
2015-07-29T04:21:20.000000Z,136.679,136.662
2015-07-29T04:21:30.000000Z,136.685,136.668
2015-07-29T04:21:40.000000Z,136.693,136.678
2015-07-29T04:21:50.000000Z,136.705,136.686
2015-07-29T04:22:00.000000Z,136.695,136.679
2015-07-29T04:22:20.000000Z,136.691,136.677
2015-07-29T04:23:00.000000Z,136.699,136.678
2015-07-29T04:23:10.000000Z,136.689,136.673
2015-07-29T04:23:20.000000Z,136.693,136.672
2015-07-29T04:23:30.000000Z,136.685,136.667
2015-07-29T04:24:10.000000Z,136.683,136.662
2015-07-29T04:24:20.000000Z,136.662,136.642
2015-07-29T04:24:30.000000Z,136.665,136.647
2015-07-29T04:24:40.000000Z,136.66,136.643
2015-07-29T04:24:50.000000Z,136.641,136.622
2015-07-29T04:25:00.000000Z,136.647,136.627
2015-07-29T04:25:10.000000Z,136.647,136.629
2015-07-29T04:25:30.000000Z,136.636,136.617
2015-07-29T04:25:40.000000Z,136.632,136.613
2015-07-29T04:25:50.000000Z,136.635,136.617
2015-07-29T04:26:00.000000Z,136.645,136.627
2015-07-29T04:26:10.000000Z,136.648,136.631
2015-07-29T04:26:20.000000Z,136.647,136.629
2015-07-29T04:26:40.000000Z,136.637,136.619
2015-07-29T04:27:00.000000Z,136.641,136.624
2015-07-29T04:27:10.000000Z,136.646,136.628
2015-07-29T04:27:20.000000Z,136.65,136.633
2015-07-29T04:27:30.000000Z,136.653,136.628
2015-07-29T04:28:20.000000Z,136.64,136.627
2015-07-29T04:28:30.000000Z,136.637,136.622
2015-07-29T04:28:50.000000Z,136.642,136.626
2015-07-29T04:29:00.000000Z,136.63,136.609
2015-07-29T04:29:10.000000Z,136.625,136.607
2015-07-29T04:29:20.000000Z,136.625,136.604
2015-07-29T04:29:30.000000Z,136.635,136.613
2015-07-29T04:30:10.000000Z,136.638,136.619
2015-07-29T04:30:20.000000Z,136.635,136.616
2015-07-29T04:30:30.000000Z,136.631,136.615
2015-07-29T04:30:40.000000Z,136.621,136.606
2015-07-29T04:31:00.000000Z,136.634,136.614
2015-07-29T04:31:30.000000Z,136.637,136.618
2015-07-29T04:32:10.000000Z,136.636,136.62
2015-07-29T04:32:20.000000Z,136.632,136.612
2015-07-29T04:32:30.000000Z,136.636,136.615
2015-07-29T04:32:50.000000Z,136.634,136.614
2015-07-29T04:33:20.000000Z,136.633,136.613
2015-07-29T04:34:10.000000Z,136.631,136.612
2015-07-29T04:34:20.000000Z,136.638,136.617
2015-07-29T04:35:10.000000Z,136.641,136.623
2015-07-29T04:35:20.000000Z,136.631,136.612
2015-07-29T04:35:30.000000Z,136.629,136.61
2015-07-29T04:35:40.000000Z,136.635,136.615
2015-07-29T04:36:00.000000Z,136.636,136.617
2015-07-29T04:36:10.000000Z,136.623,136.601
2015-07-29T04:36:20.000000Z,136.628,136.607
2015-07-29T04:36:30.000000Z,136.634,136.614
2015-07-29T04:36:40.000000Z,136.623,136.603
2015-07-29T04:36:50.000000Z,136.615,136.594
2015-07-29T04:37:00.000000Z,136.617,136.597
2015-07-29T04:37:10.000000Z,136.617,136.597
2015-07-29T04:37:20.000000Z,136.622,136.602
2015-07-29T04:37:30.000000Z,136.623,136.601
2015-07-29T04:37:40.000000Z,136.621,136.6
2015-07-29T04:37:50.000000Z,136.631,136.611
2015-07-29T04:39:30.000000Z,136.635,136.613
2015-07-29T04:39:40.000000Z,136.623,136.603
2015-07-29T04:39:50.000000Z,136.627,136.605
2015-07-29T04:40:00.000000Z,136.622,136.599
2015-07-29T04:40:10.000000Z,136.608,136.593
2015-07-29T04:40:20.000000Z,136.618,136.602
2015-07-29T04:40:30.000000Z,136.614,136.598
2015-07-29T04:40:40.000000Z,136.609,136.592
2015-07-29T04:40:50.000000Z,136.617,136.597
2015-07-29T04:41:10.000000Z,136.611,136.595
2015-07-29T04:41:20.000000Z,136.62,136.598
2015-07-29T04:41:30.000000Z,136.617,136.598
2015-07-29T04:41:40.000000Z,136.624,136.601
2015-07-29T04:41:50.000000Z,136.611,136.59
2015-07-29T04:42:00.000000Z,136.618,136.597
2015-07-29T04:42:10.000000Z,136.619,136.601
2015-07-29T04:42:20.000000Z,136.615,136.595
2015-07-29T04:42:30.000000Z,136.606,136.584
2015-07-29T04:42:40.000000Z,136.6,136.581
2015-07-29T04:42:50.000000Z,136.597,136.579
2015-07-29T04:43:20.000000Z,136.6,136.58
2015-07-29T04:43:30.000000Z,136.605,136.585
2015-07-29T04:43:40.000000Z,136.615,136.596
2015-07-29T04:43:50.000000Z,136.622,136.6
2015-07-29T04:44:00.000000Z,136.618,136.597
2015-07-29T04:44:20.000000Z,136.612,136.59
2015-07-29T04:44:40.000000Z,136.617,136.596
2015-07-29T04:45:00.000000Z,136.62,136.601
2015-07-29T04:45:20.000000Z,136.618,136.595
2015-07-29T04:45:40.000000Z,136.641,136.623
2015-07-29T04:45:50.000000Z,136.641,136.62
2015-07-29T04:46:10.000000Z,136.63,136.611
2015-07-29T04:46:20.000000Z,136.621,136.598
2015-07-29T04:46:40.000000Z,136.618,136.6
2015-07-29T04:46:50.000000Z,136.621,136.602
2015-07-29T04:47:00.000000Z,136.62,136.601
2015-07-29T04:47:10.000000Z,136.61,136.589
2015-07-29T04:47:20.000000Z,136.617,136.598
2015-07-29T04:47:30.000000Z,136.613,136.592
2015-07-29T04:47:50.000000Z,136.62,136.599
2015-07-29T04:48:00.000000Z,136.624,136.601
2015-07-29T04:49:10.000000Z,136.613,136.591
2015-07-29T04:49:20.000000Z,136.569,136.55
2015-07-29T04:49:30.000000Z,136.572,136.551
2015-07-29T04:49:40.000000Z,136.557,136.538
2015-07-29T04:49:50.000000Z,136.561,136.541
2015-07-29T04:50:00.000000Z,136.567,136.545
2015-07-29T04:50:10.000000Z,136.571,136.551
2015-07-29T04:50:30.000000Z,136.563,136.541
2015-07-29T04:50:40.000000Z,136.552,136.532
2015-07-29T04:50:50.000000Z,136.55,136.525
2015-07-29T04:51:00.000000Z,136.538,136.517
2015-07-29T04:51:10.000000Z,136.54,136.517
2015-07-29T04:51:40.000000Z,136.542,136.522
2015-07-29T04:51:50.000000Z,136.547,136.527
2015-07-29T04:52:10.000000Z,136.55,136.529
2015-07-29T04:52:20.000000Z,136.547,136.525
2015-07-29T04:52:30.000000Z,136.537,136.519
2015-07-29T04:52:40.000000Z,136.544,136.525
2015-07-29T04:52:50.000000Z,136.542,136.521
2015-07-29T04:53:00.000000Z,136.547,136.527
2015-07-29T04:53:50.000000Z,136.546,136.524
2015-07-29T04:54:00.000000Z,136.545,136.526
2015-07-29T04:54:10.000000Z,136.545,136.527
2015-07-29T04:54:30.000000Z,136.545,136.524
2015-07-29T04:54:40.000000Z,136.543,136.521
2015-07-29T04:54:50.000000Z,136.545,136.525
2015-07-29T04:55:00.000000Z,136.545,136.525
2015-07-29T04:55:20.000000Z,136.549,136.53
2015-07-29T04:55:30.000000Z,136.551,136.529
2015-07-29T04:55:40.000000Z,136.543,136.517
2015-07-29T04:56:00.000000Z,136.548,136.526
2015-07-29T04:56:20.000000Z,136.546,136.526
2015-07-29T04:56:30.000000Z,136.54,136.519
2015-07-29T04:56:40.000000Z,136.548,136.524
2015-07-29T04:56:50.000000Z,136.549,136.53
2015-07-29T04:57:10.000000Z,136.547,136.526
2015-07-29T04:57:20.000000Z,136.541,136.522
2015-07-29T04:57:30.000000Z,136.538,136.517
2015-07-29T04:57:40.000000Z,136.543,136.522
2015-07-29T04:58:10.000000Z,136.541,136.522
2015-07-29T04:58:30.000000Z,136.531,136.51
2015-07-29T04:58:40.000000Z,136.513,136.496
2015-07-29T04:59:00.000000Z,136.532,136.51
2015-07-29T04:59:10.000000Z,136.521,136.501
2015-07-29T04:59:20.000000Z,136.523,136.502
2015-07-29T04:59:30.000000Z,136.518,136.494
2015-07-29T04:59:40.000000Z,136.508,136.49
2015-07-29T05:00:00.000000Z,136.511,136.492
2015-07-29T05:00:10.000000Z,136.503,136.48
2015-07-29T05:00:20.000000Z,136.509,136.49
2015-07-29T05:00:40.000000Z,136.529,136.507
2015-07-29T05:01:00.000000Z,136.533,136.51
2015-07-29T05:01:10.000000Z,136.535,136.515
2015-07-29T05:01:20.000000Z,136.541,136.517
2015-07-29T05:01:40.000000Z,136.542,136.515
2015-07-29T05:02:00.000000Z,136.551,136.527
2015-07-29T05:02:10.000000Z,136.552,136.528
2015-07-29T05:02:20.000000Z,136.551,136.529
2015-07-29T05:02:30.000000Z,136.553,136.533
2015-07-29T05:03:00.000000Z,136.555,136.536
2015-07-29T05:03:10.000000Z,136.565,136.546
2015-07-29T05:03:30.000000Z,136.565,136.548
2015-07-29T05:03:40.000000Z,136.562,136.544
2015-07-29T05:04:00.000000Z,136.557,136.535
2015-07-29T05:04:10.000000Z,136.546,136.525
2015-07-29T05:04:20.000000Z,136.544,136.524
2015-07-29T05:04:30.000000Z,136.537,136.516
2015-07-29T05:04:50.000000Z,136.538,136.515
2015-07-29T05:05:00.000000Z,136.531,136.511
2015-07-29T05:05:10.000000Z,136.523,136.505
2015-07-29T05:05:30.000000Z,136.516,136.496
2015-07-29T05:05:40.000000Z,136.509,136.494
2015-07-29T05:05:50.000000Z,136.511,136.491
2015-07-29T05:06:00.000000Z,136.512,136.496
2015-07-29T05:06:20.000000Z,136.512,136.492
2015-07-29T05:06:40.000000Z,136.514,136.497
2015-07-29T05:07:00.000000Z,136.522,136.504
2015-07-29T05:07:10.000000Z,136.525,136.507
2015-07-29T05:07:50.000000Z,136.53,136.512
2015-07-29T05:08:00.000000Z,136.533,136.512
2015-07-29T05:08:10.000000Z,136.529,136.509
2015-07-29T05:08:20.000000Z,136.532,136.515
2015-07-29T05:08:40.000000Z,136.528,136.508
2015-07-29T05:08:50.000000Z,136.545,136.524
2015-07-29T05:09:00.000000Z,136.554,136.534
2015-07-29T05:09:10.000000Z,136.552,136.532
2015-07-29T05:09:20.000000Z,136.551,136.53
2015-07-29T05:09:30.000000Z,136.548,136.528
2015-07-29T05:09:40.000000Z,136.546,136.524
2015-07-29T05:09:50.000000Z,136.543,136.519
2015-07-29T05:10:00.000000Z,136.541,136.52
2015-07-29T05:10:10.000000Z,136.549,136.526
2015-07-29T05:10:20.000000Z,136.546,136.524
2015-07-29T05:10:50.000000Z,136.541,136.519
2015-07-29T05:11:00.000000Z,136.55,136.53
2015-07-29T05:11:10.000000Z,136.544,136.525
2015-07-29T05:11:20.000000Z,136.548,136.53
2015-07-29T05:11:30.000000Z,136.546,136.524
2015-07-29T05:11:40.000000Z,136.535,136.516
2015-07-29T05:11:50.000000Z,136.533,136.511
2015-07-29T05:12:20.000000Z,136.542,136.524
2015-07-29T05:12:40.000000Z,136.533,136.513
2015-07-29T05:12:50.000000Z,136.538,136.522
2015-07-29T05:13:10.000000Z,136.534,136.518
2015-07-29T05:13:20.000000Z,136.539,136.517
2015-07-29T05:13:30.000000Z,136.539,136.518
2015-07-29T05:13:40.000000Z,136.534,136.515
2015-07-29T05:14:00.000000Z,136.525,136.503
2015-07-29T05:14:10.000000Z,136.527,136.507
2015-07-29T05:14:20.000000Z,136.534,136.515
2015-07-29T05:14:30.000000Z,136.524,136.504
2015-07-29T05:14:50.000000Z,136.53,136.508
2015-07-29T05:15:10.000000Z,136.524,136.503
2015-07-29T05:15:20.000000Z,136.521,136.5
2015-07-29T05:15:30.000000Z,136.526,136.507
2015-07-29T05:15:40.000000Z,136.522,136.503
2015-07-29T05:15:50.000000Z,136.527,136.506
2015-07-29T05:16:00.000000Z,136.53,136.511
2015-07-29T05:16:10.000000Z,136.521,136.503
2015-07-29T05:16:20.000000Z,136.524,136.507
2015-07-29T05:16:30.000000Z,136.519,136.504
2015-07-29T05:16:40.000000Z,136.512,136.494
2015-07-29T05:16:50.000000Z,136.519,136.499
2015-07-29T05:17:10.000000Z,136.521,136.504
2015-07-29T05:17:30.000000Z,136.517,136.502
2015-07-29T05:17:40.000000Z,136.515,136.501
2015-07-29T05:17:50.000000Z,136.51,136.497
2015-07-29T05:18:00.000000Z,136.518,136.5
2015-07-29T05:18:30.000000Z,136.519,136.501
2015-07-29T05:18:40.000000Z,136.521,136.502
2015-07-29T05:18:50.000000Z,136.517,136.5
2015-07-29T05:19:00.000000Z,136.523,136.504
2015-07-29T05:19:10.000000Z,136.523,136.506
2015-07-29T05:19:20.000000Z,136.529,136.513
2015-07-29T05:19:30.000000Z,136.53,136.515
2015-07-29T05:19:40.000000Z,136.538,136.518
2015-07-29T05:20:00.000000Z,136.534,136.512
2015-07-29T05:20:10.000000Z,136.532,136.513
2015-07-29T05:20:20.000000Z,136.527,136.507
2015-07-29T05:20:30.000000Z,136.517,136.497
2015-07-29T05:20:40.000000Z,136.506,136.486
2015-07-29T05:20:50.000000Z,136.493,136.475
2015-07-29T05:21:10.000000Z,136.496,136.478
2015-07-29T05:21:20.000000Z,136.497,136.476
2015-07-29T05:21:30.000000Z,136.494,136.475
2015-07-29T05:21:50.000000Z,136.497,136.478
2015-07-29T05:22:00.000000Z,136.501,136.481
2015-07-29T05:22:20.000000Z,136.503,136.485
2015-07-29T05:22:30.000000Z,136.506,136.488
2015-07-29T05:22:40.000000Z,136.509,136.492
2015-07-29T05:23:10.000000Z,136.515,136.498
2015-07-29T05:23:20.000000Z,136.512,136.493
2015-07-29T05:23:50.000000Z,136.521,136.506
2015-07-29T05:24:00.000000Z,136.513,136.492
2015-07-29T05:24:10.000000Z,136.498,136.48
2015-07-29T05:24:20.000000Z,136.506,136.488
2015-07-29T05:24:30.000000Z,136.526,136.505
2015-07-29T05:24:40.000000Z,136.505,136.486
2015-07-29T05:24:50.000000Z,136.498,136.479
2015-07-29T05:25:10.000000Z,136.502,136.484
2015-07-29T05:25:20.000000Z,136.503,136.484
2015-07-29T05:26:00.000000Z,136.507,136.487
2015-07-29T05:26:30.000000Z,136.509,136.492
2015-07-29T05:26:40.000000Z,136.517,136.493
2015-07-29T05:27:00.000000Z,136.52,136.501
2015-07-29T05:27:10.000000Z,136.513,136.493
2015-07-29T05:27:20.000000Z,136.518,136.498
2015-07-29T05:27:30.000000Z,136.514,136.491
2015-07-29T05:27:40.000000Z,136.518,136.495
2015-07-29T05:27:50.000000Z,136.514,136.489
2015-07-29T05:28:10.000000Z,136.513,136.495
2015-07-29T05:28:20.000000Z,136.511,136.494
2015-07-29T05:28:30.000000Z,136.516,136.497
2015-07-29T05:29:10.000000Z,136.521,136.499
2015-07-29T05:29:40.000000Z,136.517,136.496
2015-07-29T05:30:00.000000Z,136.521,136.499
2015-07-29T05:30:30.000000Z,136.517,136.496
2015-07-29T05:30:50.000000Z,136.511,136.491
2015-07-29T05:31:10.000000Z,136.511,136.493
2015-07-29T05:31:20.000000Z,136.502,136.482
2015-07-29T05:31:30.000000Z,136.498,136.476
2015-07-29T05:31:50.000000Z,136.502,136.481
2015-07-29T05:32:20.000000Z,136.504,136.485
2015-07-29T05:32:30.000000Z,136.494,136.473
2015-07-29T05:33:00.000000Z,136.488,136.469
2015-07-29T05:33:20.000000Z,136.476,136.453
2015-07-29T05:33:30.000000Z,136.471,136.453
2015-07-29T05:33:40.000000Z,136.44,136.418
2015-07-29T05:33:50.000000Z,136.439,136.414
2015-07-29T05:34:00.000000Z,136.41,136.389
2015-07-29T05:34:10.000000Z,136.409,136.381
2015-07-29T05:34:20.000000Z,136.392,136.37
2015-07-29T05:34:30.000000Z,136.415,136.39
2015-07-29T05:34:40.000000Z,136.404,136.382
2015-07-29T05:34:50.000000Z,136.388,136.369
2015-07-29T05:35:00.000000Z,136.393,136.374
2015-07-29T05:35:10.000000Z,136.385,136.368
2015-07-29T05:35:20.000000Z,136.401,136.382
2015-07-29T05:35:40.000000Z,136.4,136.385
2015-07-29T05:36:00.000000Z,136.409,136.394
2015-07-29T05:36:10.000000Z,136.418,136.398
2015-07-29T05:36:20.000000Z,136.412,136.395
2015-07-29T05:36:30.000000Z,136.415,136.399
2015-07-29T05:36:50.000000Z,136.403,136.387
2015-07-29T05:37:00.000000Z,136.38,136.359
2015-07-29T05:37:10.000000Z,136.374,136.352
2015-07-29T05:37:20.000000Z,136.38,136.359
2015-07-29T05:37:30.000000Z,136.384,136.362
2015-07-29T05:37:40.000000Z,136.399,136.375
2015-07-29T05:37:50.000000Z,136.392,136.371
2015-07-29T05:38:10.000000Z,136.387,136.365
2015-07-29T05:38:20.000000Z,136.363,136.343
2015-07-29T05:38:30.000000Z,136.375,136.354
2015-07-29T05:38:40.000000Z,136.378,136.357
2015-07-29T05:38:50.000000Z,136.371,136.35
2015-07-29T05:39:00.000000Z,136.373,136.352
2015-07-29T05:39:10.000000Z,136.376,136.356
2015-07-29T05:39:20.000000Z,136.377,136.359
2015-07-29T05:39:30.000000Z,136.372,136.356
2015-07-29T05:39:50.000000Z,136.376,136.358
2015-07-29T05:40:10.000000Z,136.385,136.368
2015-07-29T05:40:20.000000Z,136.395,136.377
2015-07-29T05:40:30.000000Z,136.381,136.363
2015-07-29T05:40:40.000000Z,136.392,136.373
2015-07-29T05:40:50.000000Z,136.387,136.368
2015-07-29T05:41:00.000000Z,136.411,136.392
2015-07-29T05:41:10.000000Z,136.417,136.397
2015-07-29T05:41:20.000000Z,136.412,136.391
2015-07-29T05:41:50.000000Z,136.418,136.397
2015-07-29T05:42:20.000000Z,136.413,136.396
2015-07-29T05:42:40.000000Z,136.423,136.405
2015-07-29T05:43:00.000000Z,136.426,136.409
2015-07-29T05:43:10.000000Z,136.425,136.406
2015-07-29T05:43:30.000000Z,136.428,136.41
2015-07-29T05:43:40.000000Z,136.434,136.416
2015-07-29T05:44:00.000000Z,136.425,136.407
2015-07-29T05:44:10.000000Z,136.427,136.412
2015-07-29T05:44:20.000000Z,136.43,136.415
2015-07-29T05:44:40.000000Z,136.435,136.417
2015-07-29T05:45:10.000000Z,136.43,136.415
2015-07-29T05:45:20.000000Z,136.447,136.426
2015-07-29T05:45:30.000000Z,136.441,136.425
2015-07-29T05:46:10.000000Z,136.449,136.43
2015-07-29T05:46:40.000000Z,136.456,136.436
2015-07-29T05:46:50.000000Z,136.445,136.427
2015-07-29T05:47:10.000000Z,136.439,136.421
2015-07-29T05:47:30.000000Z,136.429,136.413
2015-07-29T05:48:10.000000Z,136.448,136.429
2015-07-29T05:48:20.000000Z,136.452,136.431
2015-07-29T05:48:30.000000Z,136.437,136.422
2015-07-29T05:48:40.000000Z,136.444,136.422
2015-07-29T05:48:50.000000Z,136.419,136.398
2015-07-29T05:49:00.000000Z,136.422,136.402
2015-07-29T05:49:30.000000Z,136.442,136.422
2015-07-29T05:49:50.000000Z,136.446,136.429
2015-07-29T05:50:00.000000Z,136.44,136.422
2015-07-29T05:50:20.000000Z,136.446,136.426
2015-07-29T05:50:40.000000Z,136.444,136.425
2015-07-29T05:50:50.000000Z,136.442,136.421
2015-07-29T05:51:00.000000Z,136.438,136.421
2015-07-29T05:51:20.000000Z,136.442,136.426
2015-07-29T05:51:30.000000Z,136.431,136.416
2015-07-29T05:51:40.000000Z,136.418,136.401
2015-07-29T05:51:50.000000Z,136.414,136.397
2015-07-29T05:52:00.000000Z,136.404,136.382
2015-07-29T05:52:20.000000Z,136.399,136.379
2015-07-29T05:52:30.000000Z,136.408,136.389
2015-07-29T05:52:40.000000Z,136.403,136.385
2015-07-29T05:53:00.000000Z,136.414,136.395
2015-07-29T05:53:30.000000Z,136.418,136.401
2015-07-29T05:53:40.000000Z,136.424,136.405
2015-07-29T05:53:50.000000Z,136.426,136.407
2015-07-29T05:54:00.000000Z,136.433,136.41
2015-07-29T05:54:20.000000Z,136.437,136.417
2015-07-29T05:54:40.000000Z,136.44,136.421
2015-07-29T05:54:50.000000Z,136.444,136.426
2015-07-29T05:56:00.000000Z,136.433,136.411
2015-07-29T05:57:00.000000Z,136.435,136.415
2015-07-29T05:57:10.000000Z,136.433,136.414
2015-07-29T05:57:20.000000Z,136.432,136.412
2015-07-29T05:57:30.000000Z,136.433,136.411
2015-07-29T05:57:40.000000Z,136.433,136.41
2015-07-29T05:58:00.000000Z,136.419,136.396
2015-07-29T05:58:20.000000Z,136.407,136.385
2015-07-29T05:58:30.000000Z,136.393,136.372
2015-07-29T05:58:40.000000Z,136.386,136.361
2015-07-29T05:58:50.000000Z,136.38,136.354
2015-07-29T05:59:00.000000Z,136.379,136.355
2015-07-29T05:59:10.000000Z,136.398,136.374
2015-07-29T05:59:20.000000Z,136.401,136.38
2015-07-29T05:59:30.000000Z,136.407,136.384
2015-07-29T05:59:50.000000Z,136.417,136.388
2015-07-29T06:00:00.000000Z,136.441,136.412
2015-07-29T06:00:10.000000Z,136.445,136.424
2015-07-29T06:00:20.000000Z,136.447,136.429
2015-07-29T06:00:30.000000Z,136.464,136.441
2015-07-29T06:00:40.000000Z,136.466,136.448
2015-07-29T06:00:50.000000Z,136.48,136.456
2015-07-29T06:01:00.000000Z,136.487,136.469
2015-07-29T06:01:10.000000Z,136.492,136.472
2015-07-29T06:01:20.000000Z,136.502,136.479
2015-07-29T06:01:30.000000Z,136.517,136.496
2015-07-29T06:01:40.000000Z,136.518,136.495
2015-07-29T06:01:50.000000Z,136.498,136.479
2015-07-29T06:02:00.000000Z,136.504,136.482
2015-07-29T06:02:10.000000Z,136.514,136.495
2015-07-29T06:02:20.000000Z,136.517,136.499
2015-07-29T06:02:40.000000Z,136.508,136.486
2015-07-29T06:02:50.000000Z,136.503,136.481
2015-07-29T06:03:00.000000Z,136.489,136.468
2015-07-29T06:03:10.000000Z,136.468,136.448
2015-07-29T06:03:20.000000Z,136.479,136.457
2015-07-29T06:03:30.000000Z,136.492,136.471
2015-07-29T06:03:40.000000Z,136.504,136.481
2015-07-29T06:03:50.000000Z,136.492,136.472
2015-07-29T06:04:00.000000Z,136.498,136.477
2015-07-29T06:04:10.000000Z,136.499,136.477
2015-07-29T06:04:30.000000Z,136.502,136.482
2015-07-29T06:04:40.000000Z,136.498,136.48
2015-07-29T06:04:50.000000Z,136.5,136.48
2015-07-29T06:05:00.000000Z,136.494,136.476
2015-07-29T06:05:10.000000Z,136.499,136.478
2015-07-29T06:05:20.000000Z,136.478,136.456
2015-07-29T06:05:30.000000Z,136.475,136.454
2015-07-29T06:05:40.000000Z,136.483,136.462
2015-07-29T06:05:50.000000Z,136.489,136.469
2015-07-29T06:06:00.000000Z,136.466,136.445
2015-07-29T06:06:10.000000Z,136.468,136.446
2015-07-29T06:06:20.000000Z,136.461,136.441
2015-07-29T06:06:40.000000Z,136.467,136.449
2015-07-29T06:06:50.000000Z,136.485,136.465
2015-07-29T06:07:00.000000Z,136.488,136.471
2015-07-29T06:07:10.000000Z,136.49,136.471
2015-07-29T06:07:20.000000Z,136.495,136.471
2015-07-29T06:07:40.000000Z,136.501,136.476
2015-07-29T06:07:50.000000Z,136.487,136.464
2015-07-29T06:08:20.000000Z,136.488,136.468
2015-07-29T06:08:30.000000Z,136.485,136.464
2015-07-29T06:08:40.000000Z,136.488,136.469
2015-07-29T06:08:50.000000Z,136.49,136.47
2015-07-29T06:09:00.000000Z,136.481,136.461
2015-07-29T06:09:10.000000Z,136.469,136.447
2015-07-29T06:09:20.000000Z,136.403,136.382
2015-07-29T06:09:30.000000Z,136.407,136.383
2015-07-29T06:09:40.000000Z,136.393,136.369
2015-07-29T06:09:50.000000Z,136.383,136.358
2015-07-29T06:10:00.000000Z,136.383,136.356
2015-07-29T06:10:10.000000Z,136.39,136.37
2015-07-29T06:10:20.000000Z,136.388,136.368
2015-07-29T06:10:30.000000Z,136.381,136.361
2015-07-29T06:10:40.000000Z,136.393,136.371
2015-07-29T06:10:50.000000Z,136.397,136.374
2015-07-29T06:11:00.000000Z,136.403,136.382
2015-07-29T06:11:10.000000Z,136.405,136.386
2015-07-29T06:11:30.000000Z,136.422,136.401
2015-07-29T06:11:40.000000Z,136.431,136.412
2015-07-29T06:11:50.000000Z,136.423,136.402
2015-07-29T06:12:00.000000Z,136.419,136.395
2015-07-29T06:12:10.000000Z,136.424,136.401
2015-07-29T06:12:20.000000Z,136.414,136.391
2015-07-29T06:12:40.000000Z,136.413,136.394
2015-07-29T06:12:50.000000Z,136.417,136.399
2015-07-29T06:13:00.000000Z,136.425,136.403
2015-07-29T06:13:20.000000Z,136.425,136.403
2015-07-29T06:13:30.000000Z,136.408,136.386
2015-07-29T06:13:40.000000Z,136.365,136.338
2015-07-29T06:13:50.000000Z,136.376,136.354
2015-07-29T06:14:00.000000Z,136.369,136.351
2015-07-29T06:14:10.000000Z,136.374,136.356
2015-07-29T06:14:20.000000Z,136.384,136.365
2015-07-29T06:14:30.000000Z,136.395,136.376
2015-07-29T06:14:40.000000Z,136.402,136.381
2015-07-29T06:15:00.000000Z,136.397,136.373
2015-07-29T06:15:10.000000Z,136.401,136.377
2015-07-29T06:15:20.000000Z,136.394,136.368
2015-07-29T06:15:40.000000Z,136.395,136.371
2015-07-29T06:15:50.000000Z,136.401,136.379
2015-07-29T06:16:10.000000Z,136.39,136.367
2015-07-29T06:16:20.000000Z,136.398,136.378
2015-07-29T06:17:10.000000Z,136.381,136.358
2015-07-29T06:17:20.000000Z,136.393,136.371
2015-07-29T06:17:30.000000Z,136.376,136.357
2015-07-29T06:17:50.000000Z,136.395,136.372
2015-07-29T06:18:10.000000Z,136.39,136.37
2015-07-29T06:18:20.000000Z,136.388,136.366
2015-07-29T06:18:30.000000Z,136.372,136.356
2015-07-29T06:18:40.000000Z,136.39,136.368
2015-07-29T06:19:00.000000Z,136.376,136.36
2015-07-29T06:19:10.000000Z,136.383,136.365
2015-07-29T06:19:20.000000Z,136.382,136.365
2015-07-29T06:19:30.000000Z,136.392,136.371
2015-07-29T06:19:50.000000Z,136.397,136.377
2015-07-29T06:20:00.000000Z,136.423,136.403
2015-07-29T06:20:10.000000Z,136.42,136.403
2015-07-29T06:20:20.000000Z,136.424,136.405
2015-07-29T06:20:30.000000Z,136.435,136.414
2015-07-29T06:20:40.000000Z,136.435,136.414
2015-07-29T06:20:50.000000Z,136.437,136.413
2015-07-29T06:21:00.000000Z,136.431,136.409
2015-07-29T06:21:10.000000Z,136.437,136.415
2015-07-29T06:21:30.000000Z,136.428,136.403
2015-07-29T06:21:40.000000Z,136.414,136.39
2015-07-29T06:21:50.000000Z,136.396,136.375
2015-07-29T06:22:00.000000Z,136.409,136.386
2015-07-29T06:22:10.000000Z,136.414,136.391
2015-07-29T06:22:20.000000Z,136.42,136.397
2015-07-29T06:22:30.000000Z,136.413,136.393
2015-07-29T06:22:40.000000Z,136.407,136.384
2015-07-29T06:23:00.000000Z,136.427,136.407
2015-07-29T06:23:10.000000Z,136.427,136.407
2015-07-29T06:23:20.000000Z,136.435,136.412
2015-07-29T06:23:30.000000Z,136.431,136.408
2015-07-29T06:23:40.000000Z,136.443,136.421
2015-07-29T06:23:50.000000Z,136.441,136.417
2015-07-29T06:24:10.000000Z,136.457,136.435
2015-07-29T06:24:20.000000Z,136.454,136.432
2015-07-29T06:24:30.000000Z,136.452,136.431
2015-07-29T06:24:40.000000Z,136.445,136.421
2015-07-29T06:24:50.000000Z,136.441,136.418
2015-07-29T06:25:00.000000Z,136.421,136.397
2015-07-29T06:25:10.000000Z,136.43,136.41
2015-07-29T06:25:20.000000Z,136.434,136.413
2015-07-29T06:25:30.000000Z,136.44,136.419
2015-07-29T06:25:40.000000Z,136.448,136.428
2015-07-29T06:25:50.000000Z,136.43,136.409
2015-07-29T06:26:00.000000Z,136.425,136.404
2015-07-29T06:26:10.000000Z,136.414,136.388
2015-07-29T06:26:20.000000Z,136.406,136.382
2015-07-29T06:26:30.000000Z,136.414,136.394
2015-07-29T06:26:40.000000Z,136.413,136.391
2015-07-29T06:26:50.000000Z,136.423,136.401
2015-07-29T06:27:00.000000Z,136.415,136.389
2015-07-29T06:27:20.000000Z,136.421,136.4
2015-07-29T06:27:30.000000Z,136.439,136.417
2015-07-29T06:28:00.000000Z,136.436,136.413
2015-07-29T06:28:10.000000Z,136.445,136.423
2015-07-29T06:28:20.000000Z,136.447,136.424
2015-07-29T06:28:30.000000Z,136.45,136.43
2015-07-29T06:28:40.000000Z,136.446,136.426
2015-07-29T06:29:00.000000Z,136.449,136.431
2015-07-29T06:29:10.000000Z,136.447,136.423
2015-07-29T06:30:00.000000Z,136.422,136.402
2015-07-29T06:30:10.000000Z,136.431,136.409
2015-07-29T06:30:30.000000Z,136.438,136.414
2015-07-29T06:30:40.000000Z,136.441,136.421
2015-07-29T06:30:50.000000Z,136.438,136.416
2015-07-29T06:31:10.000000Z,136.44,136.422
2015-07-29T06:31:20.000000Z,136.452,136.432
2015-07-29T06:31:30.000000Z,136.454,136.433
2015-07-29T06:31:40.000000Z,136.443,136.423
2015-07-29T06:31:50.000000Z,136.442,136.419
2015-07-29T06:32:00.000000Z,136.444,136.426
2015-07-29T06:32:10.000000Z,136.434,136.412
2015-07-29T06:32:20.000000Z,136.424,136.403
2015-07-29T06:32:40.000000Z,136.445,136.423
2015-07-29T06:33:00.000000Z,136.456,136.435
2015-07-29T06:33:10.000000Z,136.467,136.445
2015-07-29T06:33:20.000000Z,136.467,136.445
2015-07-29T06:33:30.000000Z,136.465,136.444
2015-07-29T06:33:40.000000Z,136.466,136.444
2015-07-29T06:33:50.000000Z,136.458,136.438
2015-07-29T06:34:00.000000Z,136.467,136.448
2015-07-29T06:34:10.000000Z,136.47,136.452
2015-07-29T06:34:20.000000Z,136.479,136.458
2015-07-29T06:34:30.000000Z,136.487,136.465
2015-07-29T06:34:40.000000Z,136.492,136.471
2015-07-29T06:34:50.000000Z,136.498,136.476
2015-07-29T06:35:00.000000Z,136.494,136.473
2015-07-29T06:35:10.000000Z,136.502,136.481
2015-07-29T06:35:20.000000Z,136.499,136.477
2015-07-29T06:35:40.000000Z,136.501,136.482
2015-07-29T06:35:50.000000Z,136.5,136.478
2015-07-29T06:36:00.000000Z,136.499,136.476
2015-07-29T06:36:10.000000Z,136.526,136.504
2015-07-29T06:36:40.000000Z,136.52,136.503
2015-07-29T06:36:50.000000Z,136.517,136.5
2015-07-29T06:37:00.000000Z,136.5,136.479
2015-07-29T06:37:10.000000Z,136.495,136.476
2015-07-29T06:37:30.000000Z,136.499,136.479
2015-07-29T06:37:40.000000Z,136.497,136.476
2015-07-29T06:38:30.000000Z,136.487,136.464
2015-07-29T06:38:40.000000Z,136.503,136.481
2015-07-29T06:38:50.000000Z,136.505,136.484
2015-07-29T06:39:00.000000Z,136.496,136.476
2015-07-29T06:39:10.000000Z,136.485,136.466
2015-07-29T06:39:20.000000Z,136.496,136.473
2015-07-29T06:39:30.000000Z,136.489,136.47
2015-07-29T06:39:40.000000Z,136.49,136.471
2015-07-29T06:40:20.000000Z,136.507,136.486
2015-07-29T06:40:30.000000Z,136.501,136.481
2015-07-29T06:41:00.000000Z,136.523,136.503
2015-07-29T06:41:10.000000Z,136.525,136.506
2015-07-29T06:41:20.000000Z,136.536,136.515
2015-07-29T06:41:30.000000Z,136.525,136.506
2015-07-29T06:41:40.000000Z,136.521,136.5
2015-07-29T06:41:50.000000Z,136.534,136.515
2015-07-29T06:42:10.000000Z,136.518,136.501
2015-07-29T06:42:20.000000Z,136.533,136.512
2015-07-29T06:42:30.000000Z,136.527,136.506
2015-07-29T06:43:10.000000Z,136.505,136.484
2015-07-29T06:43:20.000000Z,136.515,136.494
2015-07-29T06:43:30.000000Z,136.505,136.485
2015-07-29T06:43:40.000000Z,136.527,136.505
2015-07-29T06:43:50.000000Z,136.534,136.512
2015-07-29T06:44:00.000000Z,136.542,136.522
2015-07-29T06:44:10.000000Z,136.539,136.517
2015-07-29T06:44:20.000000Z,136.519,136.5
2015-07-29T06:44:30.000000Z,136.509,136.49
2015-07-29T06:45:00.000000Z,136.505,136.483
2015-07-29T06:45:10.000000Z,136.509,136.487
2015-07-29T06:45:20.000000Z,136.523,136.504
2015-07-29T06:45:40.000000Z,136.533,136.515
2015-07-29T06:45:50.000000Z,136.533,136.512
2015-07-29T06:46:00.000000Z,136.53,136.508
2015-07-29T06:46:20.000000Z,136.518,136.494
2015-07-29T06:46:30.000000Z,136.53,136.506
2015-07-29T06:46:40.000000Z,136.533,136.512
2015-07-29T06:47:00.000000Z,136.538,136.517
2015-07-29T06:47:10.000000Z,136.537,136.517
2015-07-29T06:47:20.000000Z,136.542,136.522
2015-07-29T06:47:30.000000Z,136.547,136.527
2015-07-29T06:47:40.000000Z,136.541,136.521
2015-07-29T06:47:50.000000Z,136.537,136.515
2015-07-29T06:48:00.000000Z,136.539,136.52
2015-07-29T06:48:10.000000Z,136.537,136.517
2015-07-29T06:48:30.000000Z,136.546,136.527
2015-07-29T06:48:40.000000Z,136.545,136.522
2015-07-29T06:48:50.000000Z,136.535,136.514
2015-07-29T06:49:00.000000Z,136.544,136.524
2015-07-29T06:49:10.000000Z,136.539,136.517
2015-07-29T06:49:20.000000Z,136.541,136.52
2015-07-29T06:49:40.000000Z,136.536,136.515
2015-07-29T06:49:50.000000Z,136.541,136.519
2015-07-29T06:50:10.000000Z,136.547,136.529
2015-07-29T06:50:20.000000Z,136.543,136.524
2015-07-29T06:50:30.000000Z,136.551,136.529
2015-07-29T06:50:40.000000Z,136.545,136.524
2015-07-29T06:50:50.000000Z,136.551,136.53
2015-07-29T06:51:00.000000Z,136.552,136.531
2015-07-29T06:51:20.000000Z,136.554,136.531
2015-07-29T06:51:30.000000Z,136.538,136.519
2015-07-29T06:51:40.000000Z,136.541,136.523
2015-07-29T06:51:50.000000Z,136.537,136.518
2015-07-29T06:52:00.000000Z,136.548,136.528
2015-07-29T06:52:10.000000Z,136.544,136.522
2015-07-29T06:52:20.000000Z,136.55,136.531
2015-07-29T06:52:30.000000Z,136.549,136.53
2015-07-29T06:52:50.000000Z,136.553,136.535
2015-07-29T06:53:00.000000Z,136.525,136.506
2015-07-29T06:53:10.000000Z,136.526,136.508
2015-07-29T06:53:20.000000Z,136.517,136.499
2015-07-29T06:53:30.000000Z,136.538,136.518
2015-07-29T06:53:40.000000Z,136.548,136.53
2015-07-29T06:53:50.000000Z,136.567,136.548
2015-07-29T06:54:00.000000Z,136.576,136.555
2015-07-29T06:54:10.000000Z,136.569,136.55
2015-07-29T06:54:20.000000Z,136.571,136.554
2015-07-29T06:54:30.000000Z,136.565,136.546
2015-07-29T06:54:40.000000Z,136.562,136.541
2015-07-29T06:54:50.000000Z,136.578,136.559
2015-07-29T06:55:00.000000Z,136.573,136.554
2015-07-29T06:55:10.000000Z,136.576,136.558
2015-07-29T06:55:20.000000Z,136.581,136.56
2015-07-29T06:55:30.000000Z,136.586,136.567
2015-07-29T06:55:40.000000Z,136.599,136.579
2015-07-29T06:56:00.000000Z,136.591,136.57
2015-07-29T06:56:10.000000Z,136.596,136.574
2015-07-29T06:56:20.000000Z,136.602,136.582
2015-07-29T06:56:30.000000Z,136.596,136.578
2015-07-29T06:56:40.000000Z,136.596,136.575
2015-07-29T06:56:50.000000Z,136.599,136.579
2015-07-29T06:57:00.000000Z,136.594,136.572
2015-07-29T06:57:10.000000Z,136.589,136.567
2015-07-29T06:57:30.000000Z,136.585,136.561
2015-07-29T06:57:40.000000Z,136.583,136.565
2015-07-29T06:57:50.000000Z,136.595,136.575
2015-07-29T06:58:10.000000Z,136.597,136.579
2015-07-29T06:58:20.000000Z,136.601,136.582
2015-07-29T06:58:30.000000Z,136.606,136.587
2015-07-29T06:58:40.000000Z,136.6,136.58
2015-07-29T06:58:50.000000Z,136.609,136.591
2015-07-29T06:59:00.000000Z,136.605,136.583
2015-07-29T06:59:20.000000Z,136.616,136.593
2015-07-29T06:59:30.000000Z,136.595,136.573
2015-07-29T06:59:50.000000Z,136.593,136.568
2015-07-29T07:00:00.000000Z,136.592,136.565
2015-07-29T07:00:10.000000Z,136.586,136.561
2015-07-29T07:00:20.000000Z,136.579,136.557
2015-07-29T07:00:40.000000Z,136.574,136.555
2015-07-29T07:00:50.000000Z,136.554,136.535
2015-07-29T07:01:00.000000Z,136.558,136.539
2015-07-29T07:01:10.000000Z,136.56,136.539
2015-07-29T07:01:20.000000Z,136.574,136.554
2015-07-29T07:01:30.000000Z,136.591,136.57
2015-07-29T07:01:40.000000Z,136.587,136.566
2015-07-29T07:01:50.000000Z,136.575,136.552
2015-07-29T07:02:00.000000Z,136.56,136.542
2015-07-29T07:02:10.000000Z,136.548,136.527
2015-07-29T07:02:20.000000Z,136.539,136.518
2015-07-29T07:02:30.000000Z,136.543,136.523
2015-07-29T07:02:40.000000Z,136.548,136.531
2015-07-29T07:02:50.000000Z,136.56,136.538
2015-07-29T07:03:00.000000Z,136.556,136.536
2015-07-29T07:03:10.000000Z,136.561,136.54
2015-07-29T07:03:20.000000Z,136.573,136.551
2015-07-29T07:03:30.000000Z,136.566,136.55
2015-07-29T07:03:50.000000Z,136.572,136.55
2015-07-29T07:04:00.000000Z,136.577,136.559
2015-07-29T07:04:10.000000Z,136.581,136.562
2015-07-29T07:04:20.000000Z,136.606,136.588
2015-07-29T07:04:30.000000Z,136.64,136.618
2015-07-29T07:04:40.000000Z,136.618,136.599
2015-07-29T07:04:50.000000Z,136.618,136.601
2015-07-29T07:05:00.000000Z,136.613,136.594
2015-07-29T07:05:10.000000Z,136.6,136.579
2015-07-29T07:05:20.000000Z,136.603,136.584
2015-07-29T07:05:30.000000Z,136.602,136.58
2015-07-29T07:05:40.000000Z,136.585,136.567
2015-07-29T07:05:50.000000Z,136.59,136.569
2015-07-29T07:06:00.000000Z,136.589,136.568
2015-07-29T07:06:10.000000Z,136.606,136.584
2015-07-29T07:06:20.000000Z,136.592,136.572
2015-07-29T07:06:30.000000Z,136.609,136.591
2015-07-29T07:06:40.000000Z,136.606,136.588
2015-07-29T07:06:50.000000Z,136.599,136.581
2015-07-29T07:07:00.000000Z,136.594,136.579
2015-07-29T07:07:10.000000Z,136.587,136.569
2015-07-29T07:07:20.000000Z,136.582,136.564
2015-07-29T07:07:40.000000Z,136.569,136.547
2015-07-29T07:07:50.000000Z,136.541,136.522
2015-07-29T07:08:00.000000Z,136.547,136.528
2015-07-29T07:08:10.000000Z,136.542,136.522
2015-07-29T07:08:20.000000Z,136.541,136.518
2015-07-29T07:08:30.000000Z,136.547,136.527
2015-07-29T07:08:40.000000Z,136.548,136.527
2015-07-29T07:08:50.000000Z,136.549,136.529
2015-07-29T07:09:00.000000Z,136.56,136.539
2015-07-29T07:09:20.000000Z,136.57,136.549
2015-07-29T07:09:30.000000Z,136.564,136.544
2015-07-29T07:09:40.000000Z,136.576,136.555
2015-07-29T07:09:50.000000Z,136.553,136.533
2015-07-29T07:10:00.000000Z,136.506,136.487
2015-07-29T07:10:10.000000Z,136.509,136.489
2015-07-29T07:10:20.000000Z,136.514,136.494
2015-07-29T07:10:30.000000Z,136.52,136.502
2015-07-29T07:10:40.000000Z,136.511,136.493
2015-07-29T07:10:50.000000Z,136.509,136.49
2015-07-29T07:11:00.000000Z,136.51,136.489
2015-07-29T07:11:10.000000Z,136.506,136.486
2015-07-29T07:11:20.000000Z,136.489,136.469
2015-07-29T07:11:30.000000Z,136.476,136.457
2015-07-29T07:11:40.000000Z,136.438,136.419
2015-07-29T07:11:50.000000Z,136.441,136.421
2015-07-29T07:12:00.000000Z,136.441,136.419
2015-07-29T07:12:10.000000Z,136.457,136.438
2015-07-29T07:12:20.000000Z,136.474,136.456
2015-07-29T07:12:30.000000Z,136.472,136.452
2015-07-29T07:12:40.000000Z,136.475,136.457
2015-07-29T07:12:50.000000Z,136.463,136.445
2015-07-29T07:13:00.000000Z,136.449,136.425
2015-07-29T07:13:10.000000Z,136.454,136.432
2015-07-29T07:13:20.000000Z,136.447,136.429
2015-07-29T07:13:30.000000Z,136.453,136.436
2015-07-29T07:13:40.000000Z,136.46,136.441
2015-07-29T07:13:50.000000Z,136.457,136.434
2015-07-29T07:14:00.000000Z,136.475,136.457
2015-07-29T07:14:10.000000Z,136.467,136.444
2015-07-29T07:14:20.000000Z,136.473,136.454
2015-07-29T07:14:30.000000Z,136.466,136.448
2015-07-29T07:14:40.000000Z,136.47,136.451
2015-07-29T07:14:50.000000Z,136.476,136.458
2015-07-29T07:15:00.000000Z,136.47,136.451
2015-07-29T07:15:10.000000Z,136.463,136.443
2015-07-29T07:15:20.000000Z,136.444,136.423
2015-07-29T07:15:30.000000Z,136.45,136.429
2015-07-29T07:15:40.000000Z,136.455,136.435
2015-07-29T07:16:00.000000Z,136.461,136.446
2015-07-29T07:16:10.000000Z,136.465,136.447
2015-07-29T07:16:20.000000Z,136.469,136.451
2015-07-29T07:16:30.000000Z,136.47,136.448
2015-07-29T07:16:40.000000Z,136.483,136.464
2015-07-29T07:16:50.000000Z,136.48,136.462
2015-07-29T07:17:00.000000Z,136.473,136.455
2015-07-29T07:17:10.000000Z,136.481,136.458
2015-07-29T07:17:20.000000Z,136.481,136.46
2015-07-29T07:17:30.000000Z,136.484,136.465
2015-07-29T07:17:40.000000Z,136.49,136.471
2015-07-29T07:17:50.000000Z,136.484,136.463
2015-07-29T07:18:00.000000Z,136.495,136.476
2015-07-29T07:18:10.000000Z,136.502,136.48
2015-07-29T07:18:20.000000Z,136.497,136.479
2015-07-29T07:18:30.000000Z,136.496,136.477
2015-07-29T07:18:40.000000Z,136.505,136.486
2015-07-29T07:18:50.000000Z,136.501,136.479
2015-07-29T07:19:00.000000Z,136.506,136.482
2015-07-29T07:19:10.000000Z,136.504,136.484
2015-07-29T07:19:20.000000Z,136.497,136.477
2015-07-29T07:19:30.000000Z,136.498,136.477
2015-07-29T07:19:50.000000Z,136.504,136.484
2015-07-29T07:20:00.000000Z,136.473,136.454
2015-07-29T07:20:10.000000Z,136.476,136.455
2015-07-29T07:20:20.000000Z,136.475,136.456
2015-07-29T07:20:30.000000Z,136.478,136.459
2015-07-29T07:20:40.000000Z,136.52,136.501
2015-07-29T07:20:50.000000Z,136.525,136.505
2015-07-29T07:21:00.000000Z,136.528,136.506
2015-07-29T07:21:10.000000Z,136.53,136.507
2015-07-29T07:21:20.000000Z,136.521,136.502
2015-07-29T07:21:30.000000Z,136.513,136.496
2015-07-29T07:21:40.000000Z,136.53,136.51
2015-07-29T07:21:50.000000Z,136.55,136.53
2015-07-29T07:22:00.000000Z,136.539,136.521
2015-07-29T07:22:10.000000Z,136.519,136.499
2015-07-29T07:22:20.000000Z,136.519,136.5
2015-07-29T07:22:30.000000Z,136.512,136.491
2015-07-29T07:22:40.000000Z,136.508,136.488
2015-07-29T07:22:50.000000Z,136.488,136.466
2015-07-29T07:23:00.000000Z,136.49,136.474
2015-07-29T07:23:10.000000Z,136.494,136.476
2015-07-29T07:23:20.000000Z,136.506,136.486
2015-07-29T07:23:30.000000Z,136.493,136.469
2015-07-29T07:23:40.000000Z,136.492,136.476
2015-07-29T07:23:50.000000Z,136.502,136.483
2015-07-29T07:24:00.000000Z,136.499,136.481
2015-07-29T07:24:10.000000Z,136.511,136.491
2015-07-29T07:24:20.000000Z,136.506,136.486
2015-07-29T07:24:30.000000Z,136.506,136.486
2015-07-29T07:24:40.000000Z,136.501,136.48
2015-07-29T07:24:50.000000Z,136.497,136.475
2015-07-29T07:25:00.000000Z,136.497,136.476
2015-07-29T07:25:10.000000Z,136.502,136.482
2015-07-29T07:25:20.000000Z,136.496,136.476
2015-07-29T07:25:40.000000Z,136.492,136.47
2015-07-29T07:25:50.000000Z,136.491,136.471
2015-07-29T07:26:00.000000Z,136.483,136.465
2015-07-29T07:26:10.000000Z,136.489,136.466
2015-07-29T07:26:20.000000Z,136.488,136.467
2015-07-29T07:26:30.000000Z,136.491,136.471
2015-07-29T07:26:40.000000Z,136.495,136.473
2015-07-29T07:26:50.000000Z,136.515,136.495
2015-07-29T07:27:00.000000Z,136.514,136.497
2015-07-29T07:27:10.000000Z,136.523,136.502
2015-07-29T07:27:20.000000Z,136.536,136.515
2015-07-29T07:27:30.000000Z,136.532,136.509
2015-07-29T07:27:40.000000Z,136.52,136.498
2015-07-29T07:27:50.000000Z,136.526,136.507
2015-07-29T07:28:00.000000Z,136.523,136.504
2015-07-29T07:28:10.000000Z,136.521,136.501
2015-07-29T07:28:20.000000Z,136.535,136.511
2015-07-29T07:28:30.000000Z,136.529,136.507
2015-07-29T07:28:40.000000Z,136.526,136.506
2015-07-29T07:28:50.000000Z,136.525,136.506
2015-07-29T07:29:00.000000Z,136.543,136.522
2015-07-29T07:29:10.000000Z,136.523,136.502
2015-07-29T07:29:20.000000Z,136.507,136.486
2015-07-29T07:29:30.000000Z,136.52,136.499
2015-07-29T07:29:40.000000Z,136.525,136.506
2015-07-29T07:29:50.000000Z,136.507,136.487
2015-07-29T07:30:00.000000Z,136.495,136.476
2015-07-29T07:30:10.000000Z,136.499,136.481
2015-07-29T07:30:20.000000Z,136.479,136.458
2015-07-29T07:30:30.000000Z,136.493,136.474
2015-07-29T07:30:40.000000Z,136.495,136.475
2015-07-29T07:30:50.000000Z,136.487,136.468
2015-07-29T07:31:00.000000Z,136.488,136.47
2015-07-29T07:31:10.000000Z,136.483,136.464
2015-07-29T07:31:20.000000Z,136.488,136.471
2015-07-29T07:31:30.000000Z,136.487,136.468
2015-07-29T07:31:50.000000Z,136.495,136.474
2015-07-29T07:32:00.000000Z,136.489,136.471
2015-07-29T07:32:10.000000Z,136.49,136.473
2015-07-29T07:32:20.000000Z,136.494,136.474
2015-07-29T07:32:30.000000Z,136.502,136.483
2015-07-29T07:32:40.000000Z,136.508,136.486
2015-07-29T07:32:50.000000Z,136.519,136.5
2015-07-29T07:33:00.000000Z,136.519,136.497
2015-07-29T07:33:10.000000Z,136.502,136.483
2015-07-29T07:33:20.000000Z,136.506,136.488
2015-07-29T07:33:30.000000Z,136.51,136.493
2015-07-29T07:33:40.000000Z,136.512,136.494
2015-07-29T07:33:50.000000Z,136.523,136.503
2015-07-29T07:34:00.000000Z,136.515,136.496
2015-07-29T07:34:10.000000Z,136.521,136.501
2015-07-29T07:34:20.000000Z,136.527,136.511
2015-07-29T07:34:40.000000Z,136.536,136.515
2015-07-29T07:34:50.000000Z,136.538,136.518
2015-07-29T07:35:00.000000Z,136.54,136.523
2015-07-29T07:35:10.000000Z,136.541,136.52
2015-07-29T07:35:20.000000Z,136.501,136.483
2015-07-29T07:35:30.000000Z,136.495,136.479
2015-07-29T07:35:40.000000Z,136.5,136.484
2015-07-29T07:35:50.000000Z,136.501,136.482
2015-07-29T07:36:10.000000Z,136.495,136.478
2015-07-29T07:36:20.000000Z,136.497,136.48
2015-07-29T07:36:30.000000Z,136.511,136.496
2015-07-29T07:36:40.000000Z,136.52,136.501
2015-07-29T07:36:50.000000Z,136.512,136.494
2015-07-29T07:37:00.000000Z,136.523,136.504
2015-07-29T07:37:10.000000Z,136.523,136.502
2015-07-29T07:37:20.000000Z,136.512,136.493
2015-07-29T07:37:30.000000Z,136.532,136.51
2015-07-29T07:37:40.000000Z,136.526,136.508
2015-07-29T07:37:50.000000Z,136.531,136.51
2015-07-29T07:38:00.000000Z,136.533,136.512
2015-07-29T07:38:10.000000Z,136.537,136.518
2015-07-29T07:38:20.000000Z,136.545,136.525
2015-07-29T07:38:30.000000Z,136.546,136.528
2015-07-29T07:38:40.000000Z,136.56,136.538
2015-07-29T07:38:50.000000Z,136.55,136.533
2015-07-29T07:39:00.000000Z,136.55,136.532
2015-07-29T07:39:10.000000Z,136.535,136.517
2015-07-29T07:39:30.000000Z,136.539,136.516
2015-07-29T07:39:40.000000Z,136.533,136.515
2015-07-29T07:39:50.000000Z,136.539,136.516
2015-07-29T07:40:00.000000Z,136.558,136.537
2015-07-29T07:40:10.000000Z,136.54,136.523
2015-07-29T07:40:20.000000Z,136.536,136.515
2015-07-29T07:40:30.000000Z,136.563,136.54
2015-07-29T07:40:50.000000Z,136.555,136.533
2015-07-29T07:41:10.000000Z,136.545,136.525
2015-07-29T07:41:20.000000Z,136.541,136.52
2015-07-29T07:41:30.000000Z,136.545,136.526
2015-07-29T07:41:40.000000Z,136.547,136.521
2015-07-29T07:41:50.000000Z,136.539,136.521
2015-07-29T07:42:00.000000Z,136.545,136.525
2015-07-29T07:42:20.000000Z,136.548,136.528
2015-07-29T07:42:30.000000Z,136.532,136.515
2015-07-29T07:42:40.000000Z,136.537,136.52
2015-07-29T07:42:50.000000Z,136.536,136.519
2015-07-29T07:43:00.000000Z,136.548,136.529
2015-07-29T07:43:10.000000Z,136.552,136.533
2015-07-29T07:43:20.000000Z,136.564,136.545
2015-07-29T07:43:30.000000Z,136.553,136.535
2015-07-29T07:43:40.000000Z,136.557,136.542
2015-07-29T07:43:50.000000Z,136.557,136.536
2015-07-29T07:44:00.000000Z,136.564,136.544
2015-07-29T07:44:10.000000Z,136.577,136.555
2015-07-29T07:44:20.000000Z,136.572,136.552
2015-07-29T07:44:40.000000Z,136.563,136.542
2015-07-29T07:44:50.000000Z,136.567,136.548
2015-07-29T07:45:00.000000Z,136.572,136.551
2015-07-29T07:45:10.000000Z,136.573,136.557
2015-07-29T07:45:20.000000Z,136.587,136.568
2015-07-29T07:45:30.000000Z,136.577,136.558
2015-07-29T07:45:40.000000Z,136.582,136.559
2015-07-29T07:45:50.000000Z,136.583,136.564
2015-07-29T07:46:00.000000Z,136.585,136.565
2015-07-29T07:46:10.000000Z,136.581,136.56
2015-07-29T07:46:20.000000Z,136.58,136.565
2015-07-29T07:46:30.000000Z,136.577,136.559
2015-07-29T07:46:40.000000Z,136.587,136.564
2015-07-29T07:46:50.000000Z,136.57,136.552
2015-07-29T07:47:00.000000Z,136.571,136.549
2015-07-29T07:47:10.000000Z,136.562,136.542
2015-07-29T07:47:20.000000Z,136.576,136.557
2015-07-29T07:47:30.000000Z,136.571,136.551
2015-07-29T07:47:40.000000Z,136.571,136.551
2015-07-29T07:47:50.000000Z,136.583,136.562
2015-07-29T07:48:00.000000Z,136.581,136.561
2015-07-29T07:48:10.000000Z,136.592,136.572
2015-07-29T07:48:20.000000Z,136.596,136.577
2015-07-29T07:48:30.000000Z,136.587,136.564
2015-07-29T07:48:40.000000Z,136.591,136.571
2015-07-29T07:48:50.000000Z,136.603,136.582
2015-07-29T07:49:00.000000Z,136.598,136.577
2015-07-29T07:49:20.000000Z,136.594,136.575
2015-07-29T07:49:30.000000Z,136.583,136.565
2015-07-29T07:49:40.000000Z,136.576,136.561
2015-07-29T07:49:50.000000Z,136.57,136.55
2015-07-29T07:50:00.000000Z,136.58,136.56
2015-07-29T07:50:10.000000Z,136.573,136.556
2015-07-29T07:50:20.000000Z,136.559,136.541
2015-07-29T07:50:30.000000Z,136.561,136.545
2015-07-29T07:50:40.000000Z,136.582,136.565
2015-07-29T07:50:50.000000Z,136.584,136.565
2015-07-29T07:51:00.000000Z,136.59,136.568
2015-07-29T07:51:10.000000Z,136.585,136.562
2015-07-29T07:51:20.000000Z,136.587,136.571
2015-07-29T07:51:30.000000Z,136.582,136.564
2015-07-29T07:51:40.000000Z,136.578,136.557
2015-07-29T07:51:50.000000Z,136.579,136.56
2015-07-29T07:52:00.000000Z,136.567,136.544
2015-07-29T07:52:10.000000Z,136.574,136.555
2015-07-29T07:52:20.000000Z,136.583,136.565
2015-07-29T07:52:40.000000Z,136.569,136.549
2015-07-29T07:52:50.000000Z,136.577,136.556
2015-07-29T07:53:00.000000Z,136.582,136.563
2015-07-29T07:53:10.000000Z,136.576,136.559
2015-07-29T07:53:30.000000Z,136.548,136.527
2015-07-29T07:53:40.000000Z,136.563,136.54
2015-07-29T07:53:50.000000Z,136.567,136.55
2015-07-29T07:54:10.000000Z,136.557,136.54
2015-07-29T07:54:20.000000Z,136.54,136.521
2015-07-29T07:54:30.000000Z,136.542,136.522
2015-07-29T07:54:40.000000Z,136.536,136.515
2015-07-29T07:54:50.000000Z,136.544,136.527
2015-07-29T07:55:00.000000Z,136.524,136.506
2015-07-29T07:55:10.000000Z,136.532,136.51
2015-07-29T07:55:20.000000Z,136.536,136.518
2015-07-29T07:55:30.000000Z,136.538,136.519
2015-07-29T07:55:40.000000Z,136.548,136.525
2015-07-29T07:55:50.000000Z,136.542,136.525
2015-07-29T07:56:00.000000Z,136.547,136.527
2015-07-29T07:56:20.000000Z,136.544,136.525
2015-07-29T07:56:30.000000Z,136.528,136.507
2015-07-29T07:56:40.000000Z,136.536,136.514
2015-07-29T07:56:50.000000Z,136.536,136.519
2015-07-29T07:57:00.000000Z,136.541,136.525
2015-07-29T07:57:10.000000Z,136.541,136.526
2015-07-29T07:57:20.000000Z,136.55,136.531
2015-07-29T07:57:30.000000Z,136.556,136.537
2015-07-29T07:57:40.000000Z,136.555,136.538
2015-07-29T07:57:50.000000Z,136.544,136.527
2015-07-29T07:58:00.000000Z,136.547,136.529
2015-07-29T07:58:10.000000Z,136.561,136.542
2015-07-29T07:58:30.000000Z,136.556,136.538
2015-07-29T07:58:40.000000Z,136.563,136.545
2015-07-29T07:58:50.000000Z,136.582,136.561
2015-07-29T07:59:00.000000Z,136.563,136.542
2015-07-29T07:59:10.000000Z,136.57,136.552
2015-07-29T07:59:20.000000Z,136.563,136.546
2015-07-29T07:59:30.000000Z,136.577,136.557
2015-07-29T07:59:40.000000Z,136.579,136.559
2015-07-29T07:59:50.000000Z,136.581,136.561
2015-07-29T08:00:00.000000Z,136.581,136.561
2015-07-29T08:00:10.000000Z,136.593,136.572
2015-07-29T08:00:20.000000Z,136.596,136.575
2015-07-29T08:00:30.000000Z,136.591,136.57
2015-07-29T08:00:40.000000Z,136.586,136.565
2015-07-29T08:00:50.000000Z,136.585,136.564
2015-07-29T08:01:00.000000Z,136.573,136.553
2015-07-29T08:01:10.000000Z,136.576,136.559
2015-07-29T08:01:20.000000Z,136.584,136.562
2015-07-29T08:01:30.000000Z,136.593,136.575
2015-07-29T08:01:40.000000Z,136.605,136.584
2015-07-29T08:01:50.000000Z,136.602,136.58
2015-07-29T08:02:00.000000Z,136.605,136.586
2015-07-29T08:02:10.000000Z,136.602,136.582
2015-07-29T08:02:20.000000Z,136.61,136.591
2015-07-29T08:02:30.000000Z,136.617,136.598
2015-07-29T08:02:40.000000Z,136.616,136.597
2015-07-29T08:02:50.000000Z,136.624,136.603
2015-07-29T08:03:00.000000Z,136.602,136.583
2015-07-29T08:03:10.000000Z,136.598,136.581
2015-07-29T08:03:20.000000Z,136.593,136.576
2015-07-29T08:03:30.000000Z,136.588,136.568
2015-07-29T08:03:40.000000Z,136.582,136.563
2015-07-29T08:03:50.000000Z,136.587,136.568
2015-07-29T08:04:00.000000Z,136.592,136.574
2015-07-29T08:04:20.000000Z,136.605,136.584
2015-07-29T08:04:30.000000Z,136.6,136.578
2015-07-29T08:04:40.000000Z,136.606,136.584
2015-07-29T08:05:00.000000Z,136.602,136.582
2015-07-29T08:05:10.000000Z,136.602,136.584
2015-07-29T08:05:20.000000Z,136.614,136.593
2015-07-29T08:05:30.000000Z,136.602,136.585
2015-07-29T08:05:40.000000Z,136.606,136.587
2015-07-29T08:06:00.000000Z,136.601,136.58
2015-07-29T08:06:10.000000Z,136.587,136.564
2015-07-29T08:06:20.000000Z,136.587,136.566
2015-07-29T08:06:30.000000Z,136.589,136.57
2015-07-29T08:06:40.000000Z,136.592,136.573
2015-07-29T08:06:50.000000Z,136.588,136.567
2015-07-29T08:07:00.000000Z,136.582,136.562
2015-07-29T08:07:10.000000Z,136.583,136.561
2015-07-29T08:07:20.000000Z,136.578,136.557
2015-07-29T08:07:30.000000Z,136.587,136.566
2015-07-29T08:07:40.000000Z,136.585,136.564
2015-07-29T08:07:50.000000Z,136.578,136.559
2015-07-29T08:08:00.000000Z,136.589,136.568
2015-07-29T08:08:10.000000Z,136.61,136.592
2015-07-29T08:08:20.000000Z,136.602,136.583
2015-07-29T08:08:30.000000Z,136.597,136.575
2015-07-29T08:08:40.000000Z,136.594,136.572
2015-07-29T08:08:50.000000Z,136.598,136.579
2015-07-29T08:09:10.000000Z,136.593,136.576
2015-07-29T08:09:20.000000Z,136.596,136.579
2015-07-29T08:09:30.000000Z,136.6,136.582
2015-07-29T08:09:40.000000Z,136.603,136.586
2015-07-29T08:09:50.000000Z,136.595,136.577
2015-07-29T08:10:00.000000Z,136.612,136.595
2015-07-29T08:10:10.000000Z,136.615,136.6
2015-07-29T08:10:20.000000Z,136.612,136.591
2015-07-29T08:10:40.000000Z,136.603,136.584
2015-07-29T08:11:10.000000Z,136.608,136.589
2015-07-29T08:11:30.000000Z,136.601,136.582
2015-07-29T08:11:40.000000Z,136.596,136.576
2015-07-29T08:11:50.000000Z,136.582,136.561
2015-07-29T08:12:00.000000Z,136.592,136.57
2015-07-29T08:12:10.000000Z,136.589,136.573
2015-07-29T08:12:20.000000Z,136.597,136.577
2015-07-29T08:12:30.000000Z,136.605,136.586
2015-07-29T08:12:40.000000Z,136.602,136.582
2015-07-29T08:12:50.000000Z,136.598,136.578
2015-07-29T08:13:00.000000Z,136.602,136.585
2015-07-29T08:13:10.000000Z,136.6,136.582
2015-07-29T08:13:30.000000Z,136.607,136.591
2015-07-29T08:13:40.000000Z,136.605,136.586
2015-07-29T08:13:50.000000Z,136.623,136.604
2015-07-29T08:14:00.000000Z,136.643,136.624
2015-07-29T08:14:10.000000Z,136.653,136.635
2015-07-29T08:14:20.000000Z,136.65,136.632
2015-07-29T08:14:30.000000Z,136.642,136.623
2015-07-29T08:14:40.000000Z,136.635,136.617
2015-07-29T08:14:50.000000Z,136.643,136.627
2015-07-29T08:15:00.000000Z,136.646,136.627
2015-07-29T08:15:10.000000Z,136.653,136.632
2015-07-29T08:15:20.000000Z,136.641,136.621
2015-07-29T08:15:30.000000Z,136.645,136.624
2015-07-29T08:15:40.000000Z,136.648,136.628
2015-07-29T08:15:50.000000Z,136.631,136.613
2015-07-29T08:16:00.000000Z,136.628,136.61
2015-07-29T08:16:10.000000Z,136.63,136.614
2015-07-29T08:16:20.000000Z,136.63,136.612
2015-07-29T08:16:30.000000Z,136.635,136.617
2015-07-29T08:16:40.000000Z,136.625,136.605
2015-07-29T08:16:50.000000Z,136.633,136.616
2015-07-29T08:17:00.000000Z,136.642,136.621
2015-07-29T08:17:10.000000Z,136.638,136.621
2015-07-29T08:17:20.000000Z,136.625,136.605
2015-07-29T08:17:30.000000Z,136.625,136.606
2015-07-29T08:17:40.000000Z,136.622,136.602
2015-07-29T08:17:50.000000Z,136.611,136.594
2015-07-29T08:18:00.000000Z,136.616,136.598
2015-07-29T08:18:10.000000Z,136.617,136.597
2015-07-29T08:18:30.000000Z,136.617,136.603
2015-07-29T08:18:40.000000Z,136.622,136.601
2015-07-29T08:18:50.000000Z,136.605,136.585
2015-07-29T08:19:00.000000Z,136.617,136.596
2015-07-29T08:19:10.000000Z,136.618,136.601
2015-07-29T08:19:20.000000Z,136.627,136.606
2015-07-29T08:19:30.000000Z,136.601,136.584
2015-07-29T08:19:40.000000Z,136.593,136.576
2015-07-29T08:19:50.000000Z,136.599,136.582
2015-07-29T08:20:00.000000Z,136.607,136.587
2015-07-29T08:20:10.000000Z,136.605,136.586
2015-07-29T08:20:20.000000Z,136.618,136.594
2015-07-29T08:20:30.000000Z,136.638,136.619
2015-07-29T08:20:40.000000Z,136.649,136.628
2015-07-29T08:20:50.000000Z,136.658,136.638
2015-07-29T08:21:00.000000Z,136.67,136.65
2015-07-29T08:21:10.000000Z,136.659,136.642
2015-07-29T08:21:20.000000Z,136.65,136.63
2015-07-29T08:21:30.000000Z,136.643,136.625
2015-07-29T08:21:40.000000Z,136.642,136.627
2015-07-29T08:21:50.000000Z,136.646,136.628
2015-07-29T08:22:10.000000Z,136.642,136.623
2015-07-29T08:22:30.000000Z,136.632,136.611
2015-07-29T08:22:50.000000Z,136.626,136.607
2015-07-29T08:23:00.000000Z,136.633,136.615
2015-07-29T08:23:10.000000Z,136.644,136.624
2015-07-29T08:23:20.000000Z,136.651,136.63
2015-07-29T08:23:30.000000Z,136.652,136.63
2015-07-29T08:23:40.000000Z,136.65,136.63
2015-07-29T08:23:50.000000Z,136.66,136.64
2015-07-29T08:24:20.000000Z,136.653,136.638
2015-07-29T08:24:40.000000Z,136.657,136.639
2015-07-29T08:24:50.000000Z,136.653,136.635
2015-07-29T08:25:00.000000Z,136.662,136.647
2015-07-29T08:25:10.000000Z,136.653,136.635
2015-07-29T08:25:20.000000Z,136.656,136.637
2015-07-29T08:25:30.000000Z,136.647,136.633
2015-07-29T08:25:40.000000Z,136.648,136.631
2015-07-29T08:25:50.000000Z,136.645,136.627
2015-07-29T08:26:00.000000Z,136.651,136.634
2015-07-29T08:26:10.000000Z,136.648,136.629
2015-07-29T08:26:20.000000Z,136.652,136.633
2015-07-29T08:26:30.000000Z,136.641,136.623
2015-07-29T08:26:40.000000Z,136.649,136.629
2015-07-29T08:27:00.000000Z,136.652,136.633
2015-07-29T08:27:10.000000Z,136.647,136.628
2015-07-29T08:27:20.000000Z,136.695,136.676
2015-07-29T08:27:30.000000Z,136.707,136.69
2015-07-29T08:27:40.000000Z,136.73,136.709
2015-07-29T08:27:50.000000Z,136.728,136.711
2015-07-29T08:28:00.000000Z,136.725,136.7
2015-07-29T08:28:10.000000Z,136.734,136.712
2015-07-29T08:28:20.000000Z,136.747,136.723
2015-07-29T08:28:30.000000Z,136.731,136.709
2015-07-29T08:28:40.000000Z,136.734,136.71
2015-07-29T08:28:50.000000Z,136.709,136.69
2015-07-29T08:29:00.000000Z,136.711,136.693
2015-07-29T08:29:10.000000Z,136.725,136.705
2015-07-29T08:29:20.000000Z,136.705,136.685
2015-07-29T08:29:30.000000Z,136.715,136.691
2015-07-29T08:29:40.000000Z,136.721,136.702
2015-07-29T08:29:50.000000Z,136.712,136.69
2015-07-29T08:30:00.000000Z,136.712,136.692
2015-07-29T08:30:10.000000Z,136.724,136.703
2015-07-29T08:30:20.000000Z,136.716,136.697
2015-07-29T08:30:30.000000Z,136.705,136.69
2015-07-29T08:30:40.000000Z,136.705,136.687
2015-07-29T08:30:50.000000Z,136.712,136.692
2015-07-29T08:31:00.000000Z,136.709,136.693
2015-07-29T08:31:10.000000Z,136.711,136.695
2015-07-29T08:31:20.000000Z,136.7,136.681
2015-07-29T08:31:30.000000Z,136.701,136.681
2015-07-29T08:31:40.000000Z,136.703,136.681
2015-07-29T08:31:50.000000Z,136.703,136.685
2015-07-29T08:32:00.000000Z,136.714,136.694
2015-07-29T08:32:10.000000Z,136.744,136.724
2015-07-29T08:32:20.000000Z,136.746,136.724
2015-07-29T08:32:30.000000Z,136.764,136.742
2015-07-29T08:32:40.000000Z,136.775,136.751
2015-07-29T08:32:50.000000Z,136.77,136.75
2015-07-29T08:33:00.000000Z,136.769,136.748
2015-07-29T08:33:10.000000Z,136.79,136.769
2015-07-29T08:33:20.000000Z,136.781,136.76
2015-07-29T08:33:30.000000Z,136.795,136.776
2015-07-29T08:33:40.000000Z,136.787,136.768
2015-07-29T08:33:50.000000Z,136.781,136.762
2015-07-29T08:34:00.000000Z,136.79,136.769
2015-07-29T08:34:10.000000Z,136.787,136.77
2015-07-29T08:34:20.000000Z,136.778,136.76
2015-07-29T08:34:30.000000Z,136.778,136.758
2015-07-29T08:34:40.000000Z,136.779,136.76
2015-07-29T08:34:50.000000Z,136.775,136.756
2015-07-29T08:35:00.000000Z,136.766,136.746
2015-07-29T08:35:10.000000Z,136.749,136.732
2015-07-29T08:35:20.000000Z,136.746,136.724
2015-07-29T08:35:30.000000Z,136.755,136.734
2015-07-29T08:35:40.000000Z,136.755,136.736
2015-07-29T08:35:50.000000Z,136.756,136.735
2015-07-29T08:36:00.000000Z,136.752,136.731
2015-07-29T08:36:10.000000Z,136.762,136.741
2015-07-29T08:36:20.000000Z,136.793,136.772
2015-07-29T08:36:30.000000Z,136.778,136.757
2015-07-29T08:36:40.000000Z,136.772,136.75
2015-07-29T08:36:50.000000Z,136.773,136.753
2015-07-29T08:37:00.000000Z,136.775,136.757
2015-07-29T08:37:10.000000Z,136.798,136.777
2015-07-29T08:37:20.000000Z,136.788,136.77
2015-07-29T08:37:30.000000Z,136.788,136.769
2015-07-29T08:37:40.000000Z,136.784,136.763
2015-07-29T08:37:50.000000Z,136.778,136.758
2015-07-29T08:38:00.000000Z,136.793,136.772
2015-07-29T08:38:10.000000Z,136.782,136.761
2015-07-29T08:38:20.000000Z,136.793,136.773
2015-07-29T08:38:30.000000Z,136.797,136.776
2015-07-29T08:38:40.000000Z,136.793,136.773
2015-07-29T08:39:10.000000Z,136.783,136.766
2015-07-29T08:39:20.000000Z,136.79,136.77
2015-07-29T08:39:30.000000Z,136.785,136.768
2015-07-29T08:39:40.000000Z,136.779,136.76
2015-07-29T08:39:50.000000Z,136.766,136.748
2015-07-29T08:40:00.000000Z,136.775,136.753
2015-07-29T08:40:10.000000Z,136.77,136.75
2015-07-29T08:40:20.000000Z,136.796,136.776
2015-07-29T08:40:30.000000Z,136.793,136.773
2015-07-29T08:40:40.000000Z,136.773,136.754
2015-07-29T08:40:50.000000Z,136.767,136.747
2015-07-29T08:41:00.000000Z,136.752,136.733
2015-07-29T08:41:10.000000Z,136.749,136.729
2015-07-29T08:41:20.000000Z,136.745,136.728
2015-07-29T08:41:30.000000Z,136.75,136.732
2015-07-29T08:41:40.000000Z,136.773,136.754
2015-07-29T08:41:50.000000Z,136.751,136.732
2015-07-29T08:42:00.000000Z,136.776,136.754
2015-07-29T08:42:10.000000Z,136.782,136.76
2015-07-29T08:42:20.000000Z,136.781,136.759
2015-07-29T08:42:30.000000Z,136.775,136.755
2015-07-29T08:42:40.000000Z,136.775,136.755
2015-07-29T08:43:10.000000Z,136.772,136.756
2015-07-29T08:43:30.000000Z,136.794,136.772
2015-07-29T08:43:40.000000Z,136.802,136.78
2015-07-29T08:43:50.000000Z,136.819,136.798
2015-07-29T08:44:00.000000Z,136.805,136.782
2015-07-29T08:44:20.000000Z,136.798,136.778
2015-07-29T08:44:30.000000Z,136.795,136.774
2015-07-29T08:44:40.000000Z,136.824,136.803
2015-07-29T08:44:50.000000Z,136.82,136.801
2015-07-29T08:45:00.000000Z,136.814,136.79
2015-07-29T08:45:10.000000Z,136.809,136.792
2015-07-29T08:45:20.000000Z,136.799,136.776
2015-07-29T08:45:30.000000Z,136.801,136.779
2015-07-29T08:45:40.000000Z,136.796,136.774
2015-07-29T08:45:50.000000Z,136.79,136.769
2015-07-29T08:46:00.000000Z,136.798,136.778
2015-07-29T08:46:10.000000Z,136.808,136.781
2015-07-29T08:46:20.000000Z,136.788,136.772
2015-07-29T08:46:30.000000Z,136.803,136.782
2015-07-29T08:46:40.000000Z,136.819,136.799
2015-07-29T08:46:50.000000Z,136.812,136.792
2015-07-29T08:47:00.000000Z,136.824,136.801
2015-07-29T08:47:10.000000Z,136.819,136.795
2015-07-29T08:47:20.000000Z,136.809,136.79
2015-07-29T08:47:30.000000Z,136.814,136.795
2015-07-29T08:47:40.000000Z,136.82,136.8
2015-07-29T08:47:50.000000Z,136.817,136.799
2015-07-29T08:48:00.000000Z,136.813,136.792
2015-07-29T08:48:10.000000Z,136.807,136.79
2015-07-29T08:48:20.000000Z,136.817,136.8
2015-07-29T08:48:30.000000Z,136.807,136.789
2015-07-29T08:48:40.000000Z,136.808,136.787
2015-07-29T08:48:50.000000Z,136.797,136.777
2015-07-29T08:49:00.000000Z,136.788,136.769
2015-07-29T08:49:10.000000Z,136.779,136.76
2015-07-29T08:49:20.000000Z,136.783,136.764
2015-07-29T08:49:30.000000Z,136.773,136.753
2015-07-29T08:49:40.000000Z,136.769,136.751
2015-07-29T08:49:50.000000Z,136.749,136.73
2015-07-29T08:50:00.000000Z,136.766,136.745
2015-07-29T08:50:10.000000Z,136.76,136.742
2015-07-29T08:50:20.000000Z,136.756,136.738
2015-07-29T08:50:30.000000Z,136.752,136.73
2015-07-29T08:50:40.000000Z,136.746,136.725
2015-07-29T08:50:50.000000Z,136.746,136.727
2015-07-29T08:51:00.000000Z,136.745,136.728
2015-07-29T08:51:10.000000Z,136.753,136.733
2015-07-29T08:51:20.000000Z,136.756,136.736
2015-07-29T08:51:30.000000Z,136.747,136.727
2015-07-29T08:51:40.000000Z,136.741,136.723
2015-07-29T08:51:50.000000Z,136.739,136.719
2015-07-29T08:52:00.000000Z,136.738,136.719
2015-07-29T08:52:10.000000Z,136.732,136.714
2015-07-29T08:52:20.000000Z,136.728,136.708
2015-07-29T08:52:30.000000Z,136.724,136.702
2015-07-29T08:52:40.000000Z,136.723,136.703
2015-07-29T08:53:00.000000Z,136.724,136.705
2015-07-29T08:53:10.000000Z,136.734,136.715
2015-07-29T08:53:20.000000Z,136.742,136.721
2015-07-29T08:53:30.000000Z,136.728,136.709
2015-07-29T08:53:40.000000Z,136.725,136.705
2015-07-29T08:53:50.000000Z,136.728,136.706
2015-07-29T08:54:00.000000Z,136.728,136.706
2015-07-29T08:54:10.000000Z,136.718,136.696
2015-07-29T08:54:20.000000Z,136.706,136.686
2015-07-29T08:54:30.000000Z,136.704,136.686
2015-07-29T08:54:40.000000Z,136.724,136.702
2015-07-29T08:54:50.000000Z,136.74,136.719
2015-07-29T08:55:00.000000Z,136.745,136.722
2015-07-29T08:55:10.000000Z,136.728,136.707
2015-07-29T08:55:20.000000Z,136.721,136.7
2015-07-29T08:55:30.000000Z,136.724,136.704
2015-07-29T08:55:40.000000Z,136.719,136.698
2015-07-29T08:55:50.000000Z,136.708,136.688
2015-07-29T08:56:00.000000Z,136.718,136.695
2015-07-29T08:56:20.000000Z,136.707,136.688
2015-07-29T08:56:30.000000Z,136.711,136.69
2015-07-29T08:56:40.000000Z,136.713,136.692
2015-07-29T08:57:00.000000Z,136.711,136.691
2015-07-29T08:57:10.000000Z,136.715,136.696
2015-07-29T08:57:20.000000Z,136.722,136.701
2015-07-29T08:57:30.000000Z,136.743,136.722
2015-07-29T08:57:40.000000Z,136.747,136.729
2015-07-29T08:57:50.000000Z,136.748,136.729
2015-07-29T08:58:00.000000Z,136.744,136.725
2015-07-29T08:58:10.000000Z,136.75,136.728
2015-07-29T08:58:20.000000Z,136.759,136.738
2015-07-29T08:58:30.000000Z,136.743,136.723
2015-07-29T08:58:50.000000Z,136.731,136.713
2015-07-29T08:59:00.000000Z,136.73,136.71
2015-07-29T08:59:10.000000Z,136.737,136.72
2015-07-29T08:59:20.000000Z,136.748,136.729
2015-07-29T08:59:30.000000Z,136.753,136.734
2015-07-29T08:59:40.000000Z,136.763,136.744
2015-07-29T08:59:50.000000Z,136.766,136.748
2015-07-29T09:00:00.000000Z,136.762,136.739
2015-07-29T09:00:10.000000Z,136.767,136.748
2015-07-29T09:00:20.000000Z,136.76,136.739
2015-07-29T09:00:30.000000Z,136.761,136.739
2015-07-29T09:00:40.000000Z,136.765,136.746
2015-07-29T09:00:50.000000Z,136.758,136.738
2015-07-29T09:01:00.000000Z,136.75,136.729
2015-07-29T09:01:10.000000Z,136.776,136.757
2015-07-29T09:01:20.000000Z,136.761,136.741
2015-07-29T09:01:30.000000Z,136.755,136.736
2015-07-29T09:01:50.000000Z,136.744,136.727
2015-07-29T09:02:00.000000Z,136.745,136.727
2015-07-29T09:02:10.000000Z,136.732,136.713
2015-07-29T09:02:20.000000Z,136.741,136.722
2015-07-29T09:02:30.000000Z,136.739,136.722
2015-07-29T09:02:40.000000Z,136.74,136.721
2015-07-29T09:02:50.000000Z,136.748,136.728
2015-07-29T09:03:00.000000Z,136.738,136.718
2015-07-29T09:03:20.000000Z,136.741,136.724
2015-07-29T09:03:30.000000Z,136.729,136.714
2015-07-29T09:03:40.000000Z,136.727,136.709
2015-07-29T09:03:50.000000Z,136.713,136.696
2015-07-29T09:04:00.000000Z,136.71,136.692
2015-07-29T09:04:10.000000Z,136.707,136.689
2015-07-29T09:04:20.000000Z,136.714,136.695
2015-07-29T09:04:30.000000Z,136.717,136.698
2015-07-29T09:04:40.000000Z,136.73,136.711
2015-07-29T09:04:50.000000Z,136.729,136.712
2015-07-29T09:05:00.000000Z,136.735,136.72
2015-07-29T09:05:30.000000Z,136.741,136.721
2015-07-29T09:05:40.000000Z,136.743,136.723
2015-07-29T09:05:50.000000Z,136.744,136.724
2015-07-29T09:06:00.000000Z,136.748,136.729
2015-07-29T09:06:10.000000Z,136.749,136.73
2015-07-29T09:06:20.000000Z,136.74,136.724
2015-07-29T09:06:30.000000Z,136.745,136.727
2015-07-29T09:06:40.000000Z,136.746,136.728
2015-07-29T09:06:50.000000Z,136.74,136.724
2015-07-29T09:07:00.000000Z,136.746,136.729
2015-07-29T09:07:10.000000Z,136.753,136.733
2015-07-29T09:07:20.000000Z,136.75,136.733
2015-07-29T09:07:30.000000Z,136.755,136.737
2015-07-29T09:07:40.000000Z,136.752,136.733
2015-07-29T09:07:50.000000Z,136.751,136.732
2015-07-29T09:08:00.000000Z,136.742,136.725
2015-07-29T09:08:10.000000Z,136.736,136.717
2015-07-29T09:08:20.000000Z,136.737,136.718
2015-07-29T09:08:30.000000Z,136.733,136.715
2015-07-29T09:08:40.000000Z,136.729,136.712
2015-07-29T09:08:50.000000Z,136.72,136.704
2015-07-29T09:09:00.000000Z,136.715,136.699
2015-07-29T09:09:10.000000Z,136.724,136.703
2015-07-29T09:09:20.000000Z,136.725,136.707
2015-07-29T09:09:30.000000Z,136.73,136.711
2015-07-29T09:09:40.000000Z,136.726,136.708
2015-07-29T09:09:50.000000Z,136.73,136.712
2015-07-29T09:10:00.000000Z,136.727,136.707
2015-07-29T09:10:10.000000Z,136.725,136.706
2015-07-29T09:10:40.000000Z,136.697,136.679
2015-07-29T09:10:50.000000Z,136.691,136.674
2015-07-29T09:11:00.000000Z,136.697,136.679
2015-07-29T09:11:10.000000Z,136.696,136.678
2015-07-29T09:11:20.000000Z,136.691,136.673
2015-07-29T09:11:30.000000Z,136.702,136.683
2015-07-29T09:11:40.000000Z,136.708,136.688
2015-07-29T09:11:50.000000Z,136.703,136.684
2015-07-29T09:12:00.000000Z,136.694,136.676
2015-07-29T09:12:20.000000Z,136.693,136.676
2015-07-29T09:12:30.000000Z,136.703,136.681
2015-07-29T09:12:40.000000Z,136.707,136.684
2015-07-29T09:12:50.000000Z,136.711,136.693
2015-07-29T09:13:00.000000Z,136.718,136.7
2015-07-29T09:13:10.000000Z,136.717,136.698
2015-07-29T09:13:20.000000Z,136.727,136.71
2015-07-29T09:13:30.000000Z,136.744,136.724
2015-07-29T09:13:40.000000Z,136.745,136.725
2015-07-29T09:13:50.000000Z,136.758,136.741
2015-07-29T09:14:00.000000Z,136.758,136.736
2015-07-29T09:14:10.000000Z,136.765,136.749
2015-07-29T09:14:20.000000Z,136.775,136.753
2015-07-29T09:14:30.000000Z,136.784,136.763
2015-07-29T09:14:40.000000Z,136.778,136.757
2015-07-29T09:15:00.000000Z,136.785,136.765
2015-07-29T09:15:10.000000Z,136.782,136.763
2015-07-29T09:15:20.000000Z,136.791,136.772
2015-07-29T09:15:30.000000Z,136.808,136.788
2015-07-29T09:15:40.000000Z,136.8,136.782
2015-07-29T09:15:50.000000Z,136.793,136.776
2015-07-29T09:16:00.000000Z,136.796,136.776
2015-07-29T09:16:10.000000Z,136.79,136.772
2015-07-29T09:16:20.000000Z,136.804,136.783
2015-07-29T09:16:30.000000Z,136.81,136.791
2015-07-29T09:16:40.000000Z,136.812,136.792
2015-07-29T09:16:50.000000Z,136.864,136.844
2015-07-29T09:17:00.000000Z,136.838,136.814
2015-07-29T09:17:10.000000Z,136.818,136.799
2015-07-29T09:17:20.000000Z,136.828,136.809
2015-07-29T09:17:30.000000Z,136.825,136.807
2015-07-29T09:17:40.000000Z,136.818,136.801
2015-07-29T09:17:50.000000Z,136.812,136.793
2015-07-29T09:18:00.000000Z,136.813,136.794
2015-07-29T09:18:10.000000Z,136.814,136.791
2015-07-29T09:18:20.000000Z,136.824,136.804
2015-07-29T09:18:30.000000Z,136.817,136.795
2015-07-29T09:18:40.000000Z,136.82,136.798
2015-07-29T09:18:50.000000Z,136.818,136.801
2015-07-29T09:19:00.000000Z,136.825,136.805
2015-07-29T09:19:10.000000Z,136.809,136.791
2015-07-29T09:19:20.000000Z,136.813,136.793
2015-07-29T09:19:30.000000Z,136.812,136.791
2015-07-29T09:19:40.000000Z,136.808,136.793
2015-07-29T09:19:50.000000Z,136.807,136.786
2015-07-29T09:20:00.000000Z,136.809,136.788
2015-07-29T09:20:30.000000Z,136.812,136.795
2015-07-29T09:20:40.000000Z,136.812,136.791
2015-07-29T09:20:50.000000Z,136.82,136.803
2015-07-29T09:21:00.000000Z,136.817,136.798
2015-07-29T09:21:10.000000Z,136.804,136.786
2015-07-29T09:21:20.000000Z,136.798,136.782
2015-07-29T09:21:40.000000Z,136.805,136.784
2015-07-29T09:21:50.000000Z,136.813,136.794
2015-07-29T09:22:00.000000Z,136.802,136.781
2015-07-29T09:22:10.000000Z,136.793,136.776
2015-07-29T09:22:20.000000Z,136.791,136.772
2015-07-29T09:22:30.000000Z,136.778,136.759
2015-07-29T09:22:40.000000Z,136.77,136.748
2015-07-29T09:22:50.000000Z,136.774,136.753
2015-07-29T09:23:00.000000Z,136.779,136.759
2015-07-29T09:23:10.000000Z,136.786,136.766
2015-07-29T09:23:20.000000Z,136.783,136.763
2015-07-29T09:23:30.000000Z,136.783,136.763
2015-07-29T09:23:50.000000Z,136.783,136.763
2015-07-29T09:24:00.000000Z,136.758,136.739
2015-07-29T09:24:10.000000Z,136.783,136.764
2015-07-29T09:24:20.000000Z,136.77,136.748
2015-07-29T09:24:30.000000Z,136.766,136.744
2015-07-29T09:24:40.000000Z,136.756,136.74
2015-07-29T09:24:50.000000Z,136.757,136.741
2015-07-29T09:25:00.000000Z,136.76,136.741
2015-07-29T09:25:10.000000Z,136.756,136.736
2015-07-29T09:25:20.000000Z,136.753,136.732
2015-07-29T09:25:30.000000Z,136.757,136.739
2015-07-29T09:25:40.000000Z,136.761,136.744
2015-07-29T09:25:50.000000Z,136.758,136.74
2015-07-29T09:26:20.000000Z,136.75,136.734
2015-07-29T09:26:30.000000Z,136.743,136.723
2015-07-29T09:26:40.000000Z,136.744,136.725
2015-07-29T09:26:50.000000Z,136.739,136.719
2015-07-29T09:27:00.000000Z,136.733,136.714
2015-07-29T09:27:10.000000Z,136.746,136.729
2015-07-29T09:27:20.000000Z,136.742,136.721
2015-07-29T09:27:30.000000Z,136.733,136.714
2015-07-29T09:27:40.000000Z,136.725,136.709
2015-07-29T09:27:50.000000Z,136.719,136.701
2015-07-29T09:28:00.000000Z,136.725,136.707
2015-07-29T09:28:10.000000Z,136.723,136.702
2015-07-29T09:28:20.000000Z,136.732,136.714
2015-07-29T09:28:30.000000Z,136.741,136.724
2015-07-29T09:28:40.000000Z,136.742,136.725
2015-07-29T09:28:50.000000Z,136.739,136.721
2015-07-29T09:29:00.000000Z,136.728,136.708
2015-07-29T09:29:20.000000Z,136.731,136.716
2015-07-29T09:29:30.000000Z,136.753,136.733
2015-07-29T09:29:40.000000Z,136.743,136.722
2015-07-29T09:29:50.000000Z,136.752,136.734
2015-07-29T09:30:00.000000Z,136.752,136.733
2015-07-29T09:30:10.000000Z,136.746,136.722
2015-07-29T09:30:20.000000Z,136.754,136.735
2015-07-29T09:30:30.000000Z,136.751,136.736
2015-07-29T09:30:40.000000Z,136.755,136.734
2015-07-29T09:30:50.000000Z,136.768,136.746
2015-07-29T09:31:00.000000Z,136.773,136.755
2015-07-29T09:31:10.000000Z,136.771,136.75
2015-07-29T09:31:20.000000Z,136.769,136.752
2015-07-29T09:31:40.000000Z,136.783,136.763
2015-07-29T09:31:50.000000Z,136.788,136.771
2015-07-29T09:32:00.000000Z,136.792,136.769
2015-07-29T09:32:20.000000Z,136.795,136.777
2015-07-29T09:32:30.000000Z,136.788,136.769
2015-07-29T09:33:00.000000Z,136.764,136.744
2015-07-29T09:33:10.000000Z,136.766,136.746
2015-07-29T09:33:20.000000Z,136.768,136.75
2015-07-29T09:33:30.000000Z,136.777,136.761
2015-07-29T09:33:40.000000Z,136.78,136.763
2015-07-29T09:33:50.000000Z,136.771,136.755
2015-07-29T09:34:00.000000Z,136.771,136.751
2015-07-29T09:34:10.000000Z,136.768,136.75
2015-07-29T09:34:20.000000Z,136.776,136.756
2015-07-29T09:34:30.000000Z,136.772,136.755
2015-07-29T09:34:40.000000Z,136.779,136.759
2015-07-29T09:35:00.000000Z,136.787,136.77
2015-07-29T09:35:10.000000Z,136.789,136.773
2015-07-29T09:35:20.000000Z,136.794,136.774
2015-07-29T09:35:40.000000Z,136.805,136.784
2015-07-29T09:35:50.000000Z,136.798,136.78
