time,closeAsk,closeBid,volume
2015-08-11T09:37:30.000000Z,6.390625,6.390625,48.0
2015-08-11T09:37:40.000000Z,6.390625,6.390625,49.0
2015-08-11T09:37:50.000000Z,6.390625,6.390625,11.0
2015-08-11T09:38:00.000000Z,6.390625,6.390625,18.0
2015-08-11T09:38:10.000000Z,6.390625,6.390625,48.0
2015-08-11T09:38:20.000000Z,6.390625,6.390625,76.0
2015-08-11T09:38:30.000000Z,6.390625,6.390625,66.0
2015-08-11T09:38:40.000000Z,6.390625,6.390625,44.0
2015-08-11T09:38:50.000000Z,6.390625,6.390625,8.0
2015-08-11T09:39:00.000000Z,6.39453125,6.390625,115.0
2015-08-11T09:39:10.000000Z,6.39453125,6.390625,54.0
2015-08-11T09:39:20.000000Z,6.39453125,6.39453125,49.0
2015-08-11T09:39:30.000000Z,6.39453125,6.39453125,48.0
2015-08-11T09:39:40.000000Z,6.39453125,6.39453125,37.0
2015-08-11T09:39:50.000000Z,6.39453125,6.39453125,58.0
2015-08-11T09:40:00.000000Z,6.39453125,6.39453125,56.0
2015-08-11T09:40:10.000000Z,6.39453125,6.39453125,9.0
2015-08-11T09:40:20.000000Z,6.39453125,6.39453125,10.0
2015-08-11T09:40:30.000000Z,6.39453125,6.39453125,29.0
2015-08-11T09:40:40.000000Z,6.3984375,6.39453125,65.0
2015-08-11T09:40:50.000000Z,6.3984375,6.39453125,43.0
2015-08-11T09:41:00.000000Z,6.3984375,6.39453125,72.0
2015-08-11T09:41:10.000000Z,6.39453125,6.39453125,66.0
2015-08-11T09:41:20.000000Z,6.39453125,6.39453125,31.0
2015-08-11T09:41:30.000000Z,6.39453125,6.39453125,45.0
2015-08-11T09:41:40.000000Z,6.39453125,6.39453125,91.0
2015-08-11T09:41:50.000000Z,6.39453125,6.39453125,70.0
2015-08-11T09:42:00.000000Z,6.39453125,6.39453125,65.0
2015-08-11T09:42:10.000000Z,6.39453125,6.39453125,88.0
2015-08-11T09:42:20.000000Z,6.39453125,6.39453125,30.0
2015-08-11T09:42:30.000000Z,6.39453125,6.39453125,45.0
2015-08-11T09:42:40.000000Z,6.39453125,6.39453125,16.0
2015-08-11T09:42:50.000000Z,6.39453125,6.39453125,38.0
2015-08-11T09:43:00.000000Z,6.39453125,6.39453125,30.0
2015-08-11T09:43:10.000000Z,6.39453125,6.39453125,41.0
2015-08-11T09:43:20.000000Z,6.39453125,6.39453125,62.0
2015-08-11T09:43:30.000000Z,6.39453125,6.39453125,35.0
2015-08-11T09:43:40.000000Z,6.39453125,6.39453125,10.0
2015-08-11T09:43:50.000000Z,6.39453125,6.39453125,7.0
2015-08-11T09:44:00.000000Z,6.3984375,6.39453125,69.0
2015-08-11T09:44:10.000000Z,6.39453125,6.39453125,70.0
2015-08-11T09:44:20.000000Z,6.39453125,6.39453125,47.0
2015-08-11T09:44:30.000000Z,6.39453125,6.39453125,23.0
2015-08-11T09:44:40.000000Z,6.39453125,6.39453125,42.0
2015-08-11T09:44:50.000000Z,6.3984375,6.39453125,12.0
2015-08-11T09:45:00.000000Z,6.3984375,6.39453125,20.0
2015-08-11T09:45:10.000000Z,6.3984375,6.39453125,41.0
2015-08-11T09:45:20.000000Z,6.39453125,6.39453125,10.0
2015-08-11T09:45:30.000000Z,6.3984375,6.39453125,5.0
2015-08-11T09:45:40.000000Z,6.3984375,6.39453125,17.0
2015-08-11T09:45:50.000000Z,6.3984375,6.39453125,5.0
2015-08-11T09:46:00.000000Z,6.3984375,6.39453125,8.0
2015-08-11T09:46:10.000000Z,6.3984375,6.39453125,4.0
2015-08-11T09:46:20.000000Z,6.3984375,6.39453125,1.0
2015-08-11T09:46:30.000000Z,6.3984375,6.39453125,5.0
2015-08-11T09:46:40.000000Z,6.3984375,6.39453125,24.0
2015-08-11T09:46:50.000000Z,6.3984375,6.39453125,48.0
2015-08-11T09:47:00.000000Z,6.3984375,6.3984375,64.0
2015-08-11T09:47:10.000000Z,6.3984375,6.3984375,120.0
2015-08-11T09:47:20.000000Z,6.3984375,6.3984375,51.0
2015-08-11T09:47:30.000000Z,6.3984375,6.3984375,47.0
2015-08-11T09:47:40.000000Z,6.3984375,6.3984375,2.0
2015-08-11T09:47:50.000000Z,6.3984375,6.3984375,73.0
2015-08-11T09:48:00.000000Z,6.3984375,6.3984375,21.0
2015-08-11T09:48:10.000000Z,6.3984375,6.3984375,100.0
2015-08-11T09:48:20.000000Z,6.3984375,6.3984375,15.0
2015-08-11T09:48:30.000000Z,6.3984375,6.3984375,2.0
2015-08-11T09:48:40.000000Z,6.3984375,6.3984375,14.0
2015-08-11T09:48:50.000000Z,6.3984375,6.3984375,139.0
2015-08-11T09:49:00.000000Z,6.3984375,6.3984375,60.0
2015-08-11T09:49:10.000000Z,6.3984375,6.3984375,54.0
2015-08-11T09:49:20.000000Z,6.3984375,6.3984375,17.0
2015-08-11T09:49:30.000000Z,6.3984375,6.3984375,94.0
2015-08-11T09:49:40.000000Z,6.3984375,6.3984375,37.0
2015-08-11T09:49:50.000000Z,6.3984375,6.3984375,74.0
2015-08-11T09:50:00.000000Z,6.3984375,6.3984375,65.0
2015-08-11T09:50:10.000000Z,6.40234375,6.3984375,85.0
2015-08-11T09:50:20.000000Z,6.40234375,6.3984375,76.0
2015-08-11T09:50:30.000000Z,6.40234375,6.3984375,11.0
2015-08-11T09:50:40.000000Z,6.40234375,6.3984375,9.0
2015-08-11T09:50:50.000000Z,6.40234375,6.3984375,15.0
2015-08-11T09:51:00.000000Z,6.3984375,6.3984375,1.0
2015-08-11T09:51:10.000000Z,6.3984375,6.3984375,27.0
2015-08-11T09:51:20.000000Z,6.3984375,6.3984375,41.0
2015-08-11T09:51:30.000000Z,6.3984375,6.3984375,22.0
2015-08-11T09:51:40.000000Z,6.3984375,6.3984375,99.0
2015-08-11T09:51:50.000000Z,6.3984375,6.3984375,127.0
2015-08-11T09:52:00.000000Z,6.3984375,6.3984375,92.0
2015-08-11T09:52:10.000000Z,6.3984375,6.3984375,63.0
2015-08-11T09:52:20.000000Z,6.3984375,6.3984375,82.0
2015-08-11T09:52:30.000000Z,6.3984375,6.3984375,14.0
2015-08-11T09:52:40.000000Z,6.3984375,6.3984375,16.0
2015-08-11T09:52:50.000000Z,6.3984375,6.3984375,15.0
2015-08-11T09:53:00.000000Z,6.3984375,6.3984375,3.0
2015-08-11T09:53:10.000000Z,6.3984375,6.3984375,22.0
2015-08-11T09:53:20.000000Z,6.3984375,6.3984375,69.0
2015-08-11T09:53:30.000000Z,6.3984375,6.3984375,78.0
2015-08-11T09:53:40.000000Z,6.3984375,6.3984375,27.0
2015-08-11T09:53:50.000000Z,6.3984375,6.3984375,75.0
2015-08-11T09:54:00.000000Z,6.3984375,6.3984375,11.0
2015-08-11T09:54:10.000000Z,6.3984375,6.3984375,40.0
2015-08-11T09:54:20.000000Z,6.3984375,6.3984375,64.0
2015-08-11T09:54:30.000000Z,6.3984375,6.3984375,56.0
2015-08-11T09:54:40.000000Z,6.3984375,6.3984375,70.0
2015-08-11T09:54:50.000000Z,6.3984375,6.3984375,25.0
2015-08-11T09:55:00.000000Z,6.3984375,6.3984375,41.0
2015-08-11T09:55:10.000000Z,6.3984375,6.3984375,15.0
2015-08-11T09:55:20.000000Z,6.3984375,6.3984375,13.0
2015-08-11T09:55:30.000000Z,6.3984375,6.39453125,36.0
2015-08-11T09:55:40.000000Z,6.39453125,6.39453125,45.0
2015-08-11T09:55:50.000000Z,6.39453125,6.39453125,4.0
2015-08-11T09:56:00.000000Z,6.39453125,6.39453125,57.0
2015-08-11T09:56:10.000000Z,6.39453125,6.39453125,1.0
2015-08-11T09:56:20.000000Z,6.39453125,6.39453125,19.0
2015-08-11T09:56:30.000000Z,6.39453125,6.39453125,11.0
2015-08-11T09:56:40.000000Z,6.39453125,6.39453125,52.0
2015-08-11T09:56:50.000000Z,6.39453125,6.39453125,47.0
2015-08-11T09:57:00.000000Z,6.39453125,6.39453125,26.0
2015-08-11T09:57:10.000000Z,6.39453125,6.39453125,61.0
2015-08-11T09:57:20.000000Z,6.39453125,6.390625,38.0
2015-08-11T09:57:30.000000Z,6.39453125,6.390625,44.0
2015-08-11T09:57:40.000000Z,6.390625,6.390625,32.0
2015-08-11T09:57:50.000000Z,6.390625,6.390625,57.0
2015-08-11T09:58:00.000000Z,6.390625,6.390625,39.0
2015-08-11T09:58:10.000000Z,6.390625,6.390625,23.0
2015-08-11T09:58:20.000000Z,6.390625,6.390625,17.0
2015-08-11T09:58:30.000000Z,6.39453125,6.390625,36.0
2015-08-11T09:58:40.000000Z,6.390625,6.390625,9.0
2015-08-11T09:58:50.000000Z,6.390625,6.390625,5.0
2015-08-11T09:59:00.000000Z,6.390625,6.390625,18.0
2015-08-11T09:59:10.000000Z,6.39453125,6.390625,18.0
2015-08-11T09:59:20.000000Z,6.390625,6.390625,6.0
2015-08-11T09:59:30.000000Z,6.39453125,6.390625,1.0
2015-08-11T09:59:40.000000Z,6.390625,6.390625,1.0
2015-08-11T09:59:50.000000Z,6.390625,6.390625,14.0
2015-08-11T10:00:00.000000Z,6.39453125,6.390625,49.0
2015-08-11T10:00:10.000000Z,6.39453125,6.390625,36.0
2015-08-11T10:00:20.000000Z,6.39453125,6.39453125,41.0
2015-08-11T10:00:30.000000Z,6.39453125,6.39453125,33.0
2015-08-11T10:00:40.000000Z,6.39453125,6.39453125,19.0
2015-08-11T10:00:50.000000Z,6.39453125,6.39453125,26.0
2015-08-11T10:01:00.000000Z,6.39453125,6.39453125,54.0
2015-08-11T10:01:10.000000Z,6.3984375,6.39453125,68.0
2015-08-11T10:01:20.000000Z,6.39453125,6.39453125,16.0
2015-08-11T10:01:30.000000Z,6.39453125,6.39453125,5.0
2015-08-11T10:01:40.000000Z,6.39453125,6.39453125,30.0
2015-08-11T10:01:50.000000Z,6.39453125,6.39453125,2.0
2015-08-11T10:02:00.000000Z,6.39453125,6.39453125,10.0
2015-08-11T10:02:10.000000Z,6.39453125,6.39453125,13.0
2015-08-11T10:02:20.000000Z,6.39453125,6.39453125,6.0
2015-08-11T10:02:30.000000Z,6.39453125,6.39453125,10.0
2015-08-11T10:02:50.000000Z,6.39453125,6.39453125,111.0
2015-08-11T10:03:00.000000Z,6.39453125,6.39453125,81.0
2015-08-11T10:03:10.000000Z,6.39453125,6.39453125,42.0
2015-08-11T10:03:20.000000Z,6.39453125,6.39453125,22.0
2015-08-11T10:03:30.000000Z,6.39453125,6.39453125,9.0
2015-08-11T10:03:40.000000Z,6.39453125,6.39453125,19.0
2015-08-11T10:03:50.000000Z,6.39453125,6.39453125,25.0
2015-08-11T10:04:00.000000Z,6.39453125,6.39453125,5.0
2015-08-11T10:04:10.000000Z,6.39453125,6.39453125,1.0
2015-08-11T10:04:20.000000Z,6.39453125,6.39453125,2.0
2015-08-11T10:04:30.000000Z,6.39453125,6.39453125,10.0
2015-08-11T10:04:40.000000Z,6.39453125,6.39453125,6.0
2015-08-11T10:04:50.000000Z,6.39453125,6.39453125,19.0
2015-08-11T10:05:00.000000Z,6.39453125,6.39453125,1.0
2015-08-11T10:05:10.000000Z,6.39453125,6.39453125,7.0
2015-08-11T10:05:20.000000Z,6.39453125,6.39453125,3.0
2015-08-11T10:05:30.000000Z,6.39453125,6.39453125,4.0
2015-08-11T10:05:40.000000Z,6.39453125,6.39453125,3.0
2015-08-11T10:05:50.000000Z,6.39453125,6.39453125,9.0
2015-08-11T10:06:00.000000Z,6.39453125,6.39453125,4.0
2015-08-11T10:06:10.000000Z,6.39453125,6.39453125,1.0
2015-08-11T10:06:20.000000Z,6.39453125,6.39453125,7.0
2015-08-11T10:06:30.000000Z,6.39453125,6.39453125,3.0
2015-08-11T10:06:50.000000Z,6.39453125,6.39453125,56.0
2015-08-11T10:07:00.000000Z,6.39453125,6.39453125,23.0
2015-08-11T10:07:10.000000Z,6.39453125,6.39453125,60.0
2015-08-11T10:07:20.000000Z,6.39453125,6.39453125,4.0
2015-08-11T10:07:30.000000Z,6.39453125,6.39453125,13.0
2015-08-11T10:07:40.000000Z,6.39453125,6.39453125,5.0
2015-08-11T10:07:50.000000Z,6.39453125,6.39453125,27.0
2015-08-11T10:08:00.000000Z,6.39453125,6.39453125,49.0
2015-08-11T10:08:10.000000Z,6.39453125,6.39453125,35.0
2015-08-11T10:08:20.000000Z,6.39453125,6.39453125,21.0
2015-08-11T10:08:30.000000Z,6.39453125,6.39453125,7.0
2015-08-11T10:08:40.000000Z,6.39453125,6.39453125,6.0
2015-08-11T10:08:50.000000Z,6.39453125,6.39453125,2.0
2015-08-11T10:09:00.000000Z,6.39453125,6.39453125,25.0
2015-08-11T10:09:10.000000Z,6.39453125,6.39453125,34.0
2015-08-11T10:09:20.000000Z,6.39453125,6.39453125,27.0
2015-08-11T10:09:30.000000Z,6.39453125,6.39453125,3.0
2015-08-11T10:09:40.000000Z,6.39453125,6.39453125,70.0
2015-08-11T10:09:50.000000Z,6.39453125,6.39453125,10.0
2015-08-11T10:10:00.000000Z,6.39453125,6.39453125,2.0
2015-08-11T10:10:10.000000Z,6.39453125,6.39453125,1.0
2015-08-11T10:10:20.000000Z,6.39453125,6.39453125,1.0
2015-08-11T10:10:30.000000Z,6.39453125,6.39453125,1.0
2015-08-11T10:10:50.000000Z,6.39453125,6.39453125,2.0
2015-08-11T10:11:00.000000Z,6.39453125,6.39453125,1.0
2015-08-11T10:11:20.000000Z,6.39453125,6.39453125,1.0
2015-08-11T10:11:40.000000Z,6.39453125,6.39453125,32.0
2015-08-11T10:11:50.000000Z,6.39453125,6.39453125,22.0
2015-08-11T10:12:00.000000Z,6.3984375,6.39453125,91.0
2015-08-11T10:12:10.000000Z,6.3984375,6.39453125,92.0
2015-08-11T10:12:20.000000Z,6.3984375,6.39453125,23.0
2015-08-11T10:12:30.000000Z,6.3984375,6.39453125,23.0
2015-08-11T10:12:40.000000Z,6.3984375,6.39453125,6.0
2015-08-11T10:12:50.000000Z,6.3984375,6.39453125,28.0
2015-08-11T10:13:00.000000Z,6.3984375,6.39453125,2.0
2015-08-11T10:13:10.000000Z,6.3984375,6.39453125,3.0
2015-08-11T10:13:20.000000Z,6.3984375,6.39453125,13.0
2015-08-11T10:13:30.000000Z,6.3984375,6.39453125,35.0
2015-08-11T10:13:40.000000Z,6.39453125,6.39453125,10.0
2015-08-11T10:13:50.000000Z,6.39453125,6.39453125,20.0
2015-08-11T10:14:00.000000Z,6.39453125,6.39453125,2.0
2015-08-11T10:14:10.000000Z,6.39453125,6.39453125,7.0
2015-08-11T10:14:20.000000Z,6.39453125,6.39453125,92.0
2015-08-11T10:14:30.000000Z,6.39453125,6.39453125,148.0
2015-08-11T10:14:40.000000Z,6.39453125,6.39453125,33.0
2015-08-11T10:15:00.000000Z,6.39453125,6.39453125,3.0
2015-08-11T10:15:10.000000Z,6.39453125,6.39453125,41.0
2015-08-11T10:15:20.000000Z,6.39453125,6.39453125,15.0
2015-08-11T10:15:30.000000Z,6.39453125,6.39453125,6.0
2015-08-11T10:15:50.000000Z,6.39453125,6.39453125,24.0
2015-08-11T10:16:00.000000Z,6.39453125,6.39453125,9.0
2015-08-11T10:16:10.000000Z,6.39453125,6.39453125,11.0
2015-08-11T10:16:20.000000Z,6.39453125,6.39453125,13.0
2015-08-11T10:16:30.000000Z,6.39453125,6.39453125,60.0
2015-08-11T10:16:40.000000Z,6.39453125,6.39453125,23.0
2015-08-11T10:16:50.000000Z,6.39453125,6.39453125,16.0
2015-08-11T10:17:00.000000Z,6.39453125,6.39453125,92.0
2015-08-11T10:17:10.000000Z,6.39453125,6.39453125,96.0
2015-08-11T10:17:20.000000Z,6.39453125,6.39453125,5.0
2015-08-11T10:17:30.000000Z,6.39453125,6.39453125,37.0
2015-08-11T10:17:40.000000Z,6.39453125,6.39453125,1.0
2015-08-11T10:17:50.000000Z,6.39453125,6.39453125,2.0
2015-08-11T10:18:00.000000Z,6.39453125,6.39453125,70.0
2015-08-11T10:18:10.000000Z,6.39453125,6.39453125,34.0
2015-08-11T10:18:20.000000Z,6.39453125,6.39453125,3.0
2015-08-11T10:18:40.000000Z,6.39453125,6.39453125,3.0
2015-08-11T10:18:50.000000Z,6.39453125,6.39453125,2.0
2015-08-11T10:19:00.000000Z,6.39453125,6.39453125,2.0
2015-08-11T10:19:10.000000Z,6.39453125,6.39453125,4.0
2015-08-11T10:19:20.000000Z,6.39453125,6.39453125,3.0
2015-08-11T10:19:30.000000Z,6.39453125,6.39453125,2.0
2015-08-11T10:19:40.000000Z,6.39453125,6.39453125,7.0
2015-08-11T10:19:50.000000Z,6.39453125,6.39453125,1.0
2015-08-11T10:20:00.000000Z,6.3984375,6.39453125,37.0
2015-08-11T10:20:10.000000Z,6.3984375,6.39453125,2.0
2015-08-11T10:20:20.000000Z,6.3984375,6.39453125,24.0
2015-08-11T10:20:30.000000Z,6.3984375,6.39453125,2.0
2015-08-11T10:20:40.000000Z,6.3984375,6.39453125,7.0
2015-08-11T10:20:50.000000Z,6.3984375,6.3984375,8.0
2015-08-11T10:21:00.000000Z,6.3984375,6.39453125,18.0
2015-08-11T10:21:10.000000Z,6.3984375,6.39453125,6.0
2015-08-11T10:21:20.000000Z,6.3984375,6.39453125,8.0
2015-08-11T10:21:30.000000Z,6.3984375,6.3984375,15.0
2015-08-11T10:21:40.000000Z,6.3984375,6.3984375,17.0
2015-08-11T10:21:50.000000Z,6.3984375,6.3984375,35.0
2015-08-11T10:22:00.000000Z,6.3984375,6.3984375,62.0
2015-08-11T10:22:10.000000Z,6.39453125,6.39453125,97.0
2015-08-11T10:22:20.000000Z,6.39453125,6.39453125,28.0
2015-08-11T10:22:30.000000Z,6.39453125,6.39453125,37.0
2015-08-11T10:22:40.000000Z,6.39453125,6.39453125,58.0
2015-08-11T10:22:50.000000Z,6.39453125,6.39453125,62.0
2015-08-11T10:23:00.000000Z,6.39453125,6.39453125,59.0
2015-08-11T10:23:10.000000Z,6.39453125,6.39453125,74.0
2015-08-11T10:23:20.000000Z,6.3984375,6.39453125,86.0
2015-08-11T10:23:30.000000Z,6.3984375,6.39453125,25.0
2015-08-11T10:23:40.000000Z,6.3984375,6.39453125,28.0
2015-08-11T10:23:50.000000Z,6.3984375,6.39453125,3.0
2015-08-11T10:24:00.000000Z,6.3984375,6.39453125,32.0
2015-08-11T10:24:10.000000Z,6.3984375,6.39453125,1.0
2015-08-11T10:24:20.000000Z,6.3984375,6.39453125,2.0
2015-08-11T10:24:30.000000Z,6.3984375,6.39453125,59.0
2015-08-11T10:24:40.000000Z,6.3984375,6.39453125,62.0
2015-08-11T10:24:50.000000Z,6.3984375,6.39453125,118.0
2015-08-11T10:25:00.000000Z,6.3984375,6.3984375,15.0
2015-08-11T10:25:10.000000Z,6.3984375,6.3984375,2.0
2015-08-11T10:25:20.000000Z,6.3984375,6.3984375,7.0
2015-08-11T10:25:30.000000Z,6.3984375,6.3984375,24.0
2015-08-11T10:25:40.000000Z,6.3984375,6.3984375,43.0
2015-08-11T10:25:50.000000Z,6.3984375,6.3984375,22.0
2015-08-11T10:26:00.000000Z,6.3984375,6.3984375,52.0
2015-08-11T10:26:10.000000Z,6.3984375,6.3984375,18.0
2015-08-11T10:26:20.000000Z,6.3984375,6.3984375,5.0
2015-08-11T10:26:30.000000Z,6.3984375,6.3984375,16.0
2015-08-11T10:26:40.000000Z,6.3984375,6.39453125,118.0
2015-08-11T10:26:50.000000Z,6.3984375,6.3984375,114.0
2015-08-11T10:27:00.000000Z,6.3984375,6.3984375,34.0
2015-08-11T10:27:10.000000Z,6.3984375,6.3984375,28.0
2015-08-11T10:27:20.000000Z,6.3984375,6.3984375,25.0
2015-08-11T10:27:30.000000Z,6.3984375,6.3984375,10.0
2015-08-11T10:27:40.000000Z,6.3984375,6.3984375,9.0
2015-08-11T10:27:50.000000Z,6.3984375,6.3984375,3.0
2015-08-11T10:28:00.000000Z,6.3984375,6.3984375,10.0
2015-08-11T10:28:10.000000Z,6.3984375,6.3984375,8.0
2015-08-11T10:28:20.000000Z,6.3984375,6.3984375,4.0
2015-08-11T10:28:30.000000Z,6.3984375,6.3984375,2.0
2015-08-11T10:28:40.000000Z,6.3984375,6.3984375,10.0
2015-08-11T10:28:50.000000Z,6.3984375,6.3984375,2.0
2015-08-11T10:29:00.000000Z,6.3984375,6.3984375,5.0
2015-08-11T10:29:30.000000Z,6.3984375,6.3984375,6.0
2015-08-11T10:29:40.000000Z,6.3984375,6.3984375,27.0
2015-08-11T10:29:50.000000Z,6.3984375,6.39453125,55.0
2015-08-11T10:30:00.000000Z,6.3984375,6.39453125,12.0
2015-08-11T10:30:10.000000Z,6.3984375,6.39453125,1.0
2015-08-11T10:30:20.000000Z,6.3984375,6.39453125,1.0
2015-08-11T10:30:30.000000Z,6.3984375,6.39453125,1.0
2015-08-11T10:30:40.000000Z,6.3984375,6.39453125,1.0
2015-08-11T10:31:00.000000Z,6.3984375,6.39453125,4.0
2015-08-11T10:31:10.000000Z,6.3984375,6.39453125,2.0
2015-08-11T10:31:20.000000Z,6.3984375,6.39453125,1.0
2015-08-11T10:31:30.000000Z,6.3984375,6.39453125,3.0
2015-08-11T10:31:40.000000Z,6.3984375,6.39453125,15.0
2015-08-11T10:31:50.000000Z,6.39453125,6.39453125,51.0
2015-08-11T10:32:00.000000Z,6.39453125,6.39453125,41.0
2015-08-11T10:32:10.000000Z,6.39453125,6.39453125,80.0
2015-08-11T10:32:20.000000Z,6.39453125,6.390625,108.0
2015-08-11T10:32:30.000000Z,6.390625,6.390625,65.0
2015-08-11T10:32:40.000000Z,6.390625,6.390625,23.0
2015-08-11T10:32:50.000000Z,6.390625,6.390625,9.0
2015-08-11T10:33:00.000000Z,6.39453125,6.390625,53.0
2015-08-11T10:33:10.000000Z,6.39453125,6.390625,30.0
2015-08-11T10:33:20.000000Z,6.39453125,6.390625,33.0
2015-08-11T10:33:30.000000Z,6.39453125,6.390625,35.0
2015-08-11T10:33:40.000000Z,6.39453125,6.390625,14.0
2015-08-11T10:34:00.000000Z,6.39453125,6.390625,10.0
2015-08-11T10:34:10.000000Z,6.39453125,6.390625,23.0
2015-08-11T10:34:20.000000Z,6.39453125,6.39453125,42.0
2015-08-11T10:34:30.000000Z,6.39453125,6.39453125,52.0
2015-08-11T10:34:40.000000Z,6.39453125,6.39453125,5.0
2015-08-11T10:34:50.000000Z,6.39453125,6.39453125,11.0
2015-08-11T10:35:00.000000Z,6.39453125,6.39453125,8.0
2015-08-11T10:35:10.000000Z,6.39453125,6.39453125,14.0
2015-08-11T10:35:20.000000Z,6.39453125,6.39453125,3.0
2015-08-11T10:35:30.000000Z,6.39453125,6.39453125,8.0
2015-08-11T10:35:40.000000Z,6.39453125,6.39453125,13.0
2015-08-11T10:35:50.000000Z,6.39453125,6.39453125,9.0
2015-08-11T10:36:00.000000Z,6.39453125,6.39453125,9.0
2015-08-11T10:36:10.000000Z,6.39453125,6.39453125,18.0
2015-08-11T10:36:20.000000Z,6.39453125,6.39453125,24.0
2015-08-11T10:36:30.000000Z,6.39453125,6.39453125,24.0
2015-08-11T10:36:40.000000Z,6.39453125,6.39453125,51.0
2015-08-11T10:36:50.000000Z,6.39453125,6.39453125,105.0
2015-08-11T10:37:00.000000Z,6.39453125,6.39453125,102.0
2015-08-11T10:37:10.000000Z,6.39453125,6.39453125,61.0
2015-08-11T10:37:20.000000Z,6.39453125,6.39453125,37.0
2015-08-11T10:37:30.000000Z,6.39453125,6.39453125,1.0
2015-08-11T10:37:40.000000Z,6.39453125,6.39453125,1.0
2015-08-11T10:37:50.000000Z,6.39453125,6.39453125,38.0
2015-08-11T10:38:00.000000Z,6.39453125,6.39453125,23.0
2015-08-11T10:38:10.000000Z,6.39453125,6.39453125,103.0
2015-08-11T10:38:20.000000Z,6.39453125,6.39453125,94.0
2015-08-11T10:38:30.000000Z,6.39453125,6.39453125,57.0
2015-08-11T10:38:50.000000Z,6.39453125,6.39453125,4.0
2015-08-11T10:39:00.000000Z,6.39453125,6.39453125,39.0
2015-08-11T10:39:10.000000Z,6.39453125,6.39453125,28.0
2015-08-11T10:39:20.000000Z,6.39453125,6.39453125,2.0
2015-08-11T10:39:30.000000Z,6.39453125,6.39453125,4.0
2015-08-11T10:39:40.000000Z,6.39453125,6.39453125,2.0
2015-08-11T10:39:50.000000Z,6.39453125,6.39453125,1.0
2015-08-11T10:40:00.000000Z,6.39453125,6.39453125,15.0
2015-08-11T10:40:10.000000Z,6.39453125,6.39453125,32.0
2015-08-11T10:40:20.000000Z,6.39453125,6.39453125,44.0
2015-08-11T10:40:30.000000Z,6.3984375,6.39453125,21.0
2015-08-11T10:40:40.000000Z,6.3984375,6.39453125,3.0
2015-08-11T10:40:50.000000Z,6.3984375,6.39453125,2.0
2015-08-11T10:41:00.000000Z,6.3984375,6.39453125,19.0
2015-08-11T10:41:20.000000Z,6.3984375,6.39453125,5.0
2015-08-11T10:41:30.000000Z,6.3984375,6.39453125,9.0
2015-08-11T10:41:40.000000Z,6.3984375,6.39453125,13.0
2015-08-11T10:41:50.000000Z,6.3984375,6.39453125,5.0
2015-08-11T10:42:00.000000Z,6.3984375,6.39453125,1.0
2015-08-11T10:42:40.000000Z,6.3984375,6.3984375,27.0
2015-08-11T10:42:50.000000Z,6.3984375,6.3984375,18.0
2015-08-11T10:43:00.000000Z,6.3984375,6.3984375,15.0
2015-08-11T10:43:10.000000Z,6.3984375,6.3984375,72.0
2015-08-11T10:43:20.000000Z,6.3984375,6.3984375,26.0
2015-08-11T10:43:30.000000Z,6.3984375,6.3984375,2.0
2015-08-11T10:43:40.000000Z,6.3984375,6.3984375,31.0
2015-08-11T10:43:50.000000Z,6.3984375,6.3984375,25.0
2015-08-11T10:44:00.000000Z,6.3984375,6.3984375,1.0
2015-08-11T10:44:10.000000Z,6.3984375,6.3984375,75.0
2015-08-11T10:44:20.000000Z,6.3984375,6.3984375,86.0
2015-08-11T10:44:30.000000Z,6.3984375,6.3984375,6.0
2015-08-11T10:44:40.000000Z,6.3984375,6.3984375,25.0
2015-08-11T10:44:50.000000Z,6.3984375,6.3984375,56.0
2015-08-11T10:45:00.000000Z,6.3984375,6.3984375,34.0
2015-08-11T10:45:10.000000Z,6.3984375,6.3984375,29.0
2015-08-11T10:45:20.000000Z,6.3984375,6.39453125,93.0
2015-08-11T10:45:30.000000Z,6.39453125,6.39453125,78.0
2015-08-11T10:45:40.000000Z,6.39453125,6.39453125,51.0
2015-08-11T10:45:50.000000Z,6.39453125,6.39453125,13.0
2015-08-11T10:46:00.000000Z,6.3984375,6.39453125,30.0
2015-08-11T10:46:10.000000Z,6.3984375,6.39453125,17.0
2015-08-11T10:46:20.000000Z,6.3984375,6.39453125,21.0
2015-08-11T10:46:30.000000Z,6.3984375,6.39453125,26.0
2015-08-11T10:46:40.000000Z,6.3984375,6.39453125,95.0
2015-08-11T10:46:50.000000Z,6.3984375,6.39453125,52.0
2015-08-11T10:47:00.000000Z,6.3984375,6.39453125,67.0
2015-08-11T10:47:10.000000Z,6.3984375,6.3984375,64.0
2015-08-11T10:47:20.000000Z,6.3984375,6.3984375,55.0
2015-08-11T10:47:30.000000Z,6.3984375,6.39453125,58.0
2015-08-11T10:47:40.000000Z,6.3984375,6.3984375,44.0
2015-08-11T10:47:50.000000Z,6.3984375,6.39453125,41.0
2015-08-11T10:48:00.000000Z,6.3984375,6.39453125,37.0
2015-08-11T10:48:10.000000Z,6.3984375,6.39453125,89.0
2015-08-11T10:48:20.000000Z,6.3984375,6.39453125,117.0
2015-08-11T10:48:30.000000Z,6.3984375,6.39453125,70.0
2015-08-11T10:48:40.000000Z,6.39453125,6.39453125,90.0
2015-08-11T10:48:50.000000Z,6.39453125,6.39453125,11.0
2015-08-11T10:49:00.000000Z,6.39453125,6.39453125,37.0
2015-08-11T10:49:10.000000Z,6.39453125,6.39453125,13.0
2015-08-11T10:49:20.000000Z,6.39453125,6.39453125,5.0
2015-08-11T10:49:30.000000Z,6.39453125,6.39453125,15.0
2015-08-11T10:49:40.000000Z,6.39453125,6.39453125,16.0
2015-08-11T10:49:50.000000Z,6.39453125,6.390625,69.0
2015-08-11T10:50:00.000000Z,6.39453125,6.390625,13.0
2015-08-11T10:50:10.000000Z,6.39453125,6.390625,46.0
2015-08-11T10:50:20.000000Z,6.39453125,6.390625,31.0
2015-08-11T10:50:30.000000Z,6.39453125,6.390625,30.0
2015-08-11T10:50:40.000000Z,6.39453125,6.390625,51.0
2015-08-11T10:50:50.000000Z,6.39453125,6.39453125,51.0
2015-08-11T10:51:00.000000Z,6.39453125,6.39453125,7.0
2015-08-11T10:51:10.000000Z,6.39453125,6.39453125,2.0
2015-08-11T10:51:20.000000Z,6.39453125,6.39453125,15.0
2015-08-11T10:51:30.000000Z,6.39453125,6.39453125,23.0
2015-08-11T10:51:40.000000Z,6.39453125,6.39453125,4.0
2015-08-11T10:52:00.000000Z,6.39453125,6.39453125,6.0
2015-08-11T10:52:10.000000Z,6.39453125,6.39453125,4.0
2015-08-11T10:52:20.000000Z,6.39453125,6.39453125,16.0
2015-08-11T10:52:30.000000Z,6.39453125,6.39453125,1.0
2015-08-11T10:52:40.000000Z,6.39453125,6.39453125,2.0
2015-08-11T10:52:50.000000Z,6.39453125,6.39453125,11.0
2015-08-11T10:53:00.000000Z,6.39453125,6.39453125,3.0
2015-08-11T10:53:10.000000Z,6.39453125,6.39453125,2.0
2015-08-11T10:53:20.000000Z,6.39453125,6.39453125,14.0
2015-08-11T10:53:30.000000Z,6.39453125,6.390625,113.0
2015-08-11T10:53:40.000000Z,6.39453125,6.390625,35.0
2015-08-11T10:53:50.000000Z,6.39453125,6.390625,1.0
2015-08-11T10:54:00.000000Z,6.39453125,6.390625,1.0
2015-08-11T10:54:10.000000Z,6.39453125,6.390625,1.0
2015-08-11T10:54:20.000000Z,6.39453125,6.390625,26.0
2015-08-11T10:54:30.000000Z,6.39453125,6.390625,2.0
2015-08-11T10:54:40.000000Z,6.39453125,6.390625,8.0
2015-08-11T10:54:50.000000Z,6.39453125,6.390625,11.0
2015-08-11T10:55:00.000000Z,6.39453125,6.390625,13.0
2015-08-11T10:55:10.000000Z,6.39453125,6.390625,15.0
2015-08-11T10:55:20.000000Z,6.39453125,6.390625,2.0
2015-08-11T10:55:30.000000Z,6.39453125,6.390625,41.0
2015-08-11T10:55:40.000000Z,6.39453125,6.390625,31.0
2015-08-11T10:55:50.000000Z,6.39453125,6.390625,3.0
2015-08-11T10:56:00.000000Z,6.390625,6.390625,18.0
2015-08-11T10:56:10.000000Z,6.39453125,6.390625,44.0
2015-08-11T10:56:20.000000Z,6.39453125,6.390625,35.0
2015-08-11T10:56:30.000000Z,6.39453125,6.390625,114.0
2015-08-11T10:56:40.000000Z,6.39453125,6.390625,67.0
2015-08-11T10:56:50.000000Z,6.39453125,6.390625,8.0
2015-08-11T10:57:00.000000Z,6.39453125,6.390625,5.0
2015-08-11T10:57:10.000000Z,6.39453125,6.390625,1.0
2015-08-11T10:57:20.000000Z,6.39453125,6.390625,4.0
2015-08-11T10:57:30.000000Z,6.39453125,6.390625,5.0
2015-08-11T10:57:40.000000Z,6.39453125,6.390625,8.0
2015-08-11T10:57:50.000000Z,6.39453125,6.390625,3.0
2015-08-11T10:58:10.000000Z,6.39453125,6.390625,1.0
2015-08-11T10:58:20.000000Z,6.39453125,6.390625,87.0
2015-08-11T10:58:30.000000Z,6.39453125,6.390625,62.0
2015-08-11T10:58:40.000000Z,6.39453125,6.390625,64.0
2015-08-11T10:58:50.000000Z,6.39453125,6.390625,9.0
2015-08-11T10:59:00.000000Z,6.39453125,6.390625,17.0
2015-08-11T10:59:10.000000Z,6.39453125,6.390625,10.0
2015-08-11T10:59:30.000000Z,6.39453125,6.390625,2.0
2015-08-11T10:59:40.000000Z,6.39453125,6.390625,1.0
2015-08-11T10:59:50.000000Z,6.390625,6.390625,32.0
2015-08-11T11:00:00.000000Z,6.390625,6.390625,24.0
2015-08-11T11:00:10.000000Z,6.390625,6.390625,40.0
2015-08-11T11:00:20.000000Z,6.390625,6.390625,2.0
2015-08-11T11:00:40.000000Z,6.390625,6.390625,2.0
2015-08-11T11:00:50.000000Z,6.390625,6.390625,46.0
2015-08-11T11:01:00.000000Z,6.390625,6.390625,23.0
2015-08-11T11:01:10.000000Z,6.390625,6.390625,31.0
2015-08-11T11:01:20.000000Z,6.390625,6.390625,2.0
2015-08-11T11:01:30.000000Z,6.390625,6.390625,38.0
2015-08-11T11:01:40.000000Z,6.390625,6.390625,55.0
2015-08-11T11:01:50.000000Z,6.39453125,6.390625,108.0
2015-08-11T11:02:00.000000Z,6.390625,6.390625,35.0
2015-08-11T11:02:10.000000Z,6.390625,6.390625,3.0
2015-08-11T11:02:20.000000Z,6.390625,6.390625,33.0
2015-08-11T11:02:30.000000Z,6.390625,6.390625,25.0
2015-08-11T11:02:40.000000Z,6.390625,6.390625,56.0
2015-08-11T11:02:50.000000Z,6.390625,6.390625,12.0
2015-08-11T11:03:00.000000Z,6.390625,6.390625,35.0
2015-08-11T11:03:10.000000Z,6.390625,6.390625,102.0
2015-08-11T11:03:20.000000Z,6.390625,6.390625,84.0
2015-08-11T11:03:30.000000Z,6.390625,6.390625,120.0
2015-08-11T11:03:40.000000Z,6.390625,6.390625,52.0
2015-08-11T11:03:50.000000Z,6.390625,6.390625,4.0
2015-08-11T11:04:00.000000Z,6.390625,6.390625,3.0
2015-08-11T11:04:10.000000Z,6.390625,6.390625,24.0
2015-08-11T11:04:20.000000Z,6.390625,6.390625,3.0
2015-08-11T11:04:30.000000Z,6.390625,6.390625,2.0
2015-08-11T11:04:40.000000Z,6.39453125,6.390625,42.0
2015-08-11T11:04:50.000000Z,6.39453125,6.390625,26.0
2015-08-11T11:05:00.000000Z,6.39453125,6.390625,96.0
2015-08-11T11:05:10.000000Z,6.39453125,6.390625,75.0
2015-08-11T11:05:20.000000Z,6.39453125,6.390625,9.0
2015-08-11T11:05:30.000000Z,6.390625,6.390625,8.0
2015-08-11T11:05:40.000000Z,6.390625,6.390625,51.0
2015-08-11T11:05:50.000000Z,6.390625,6.390625,2.0
2015-08-11T11:06:00.000000Z,6.390625,6.390625,7.0
2015-08-11T11:06:10.000000Z,6.390625,6.390625,6.0
2015-08-11T11:06:20.000000Z,6.390625,6.390625,1.0
2015-08-11T11:06:50.000000Z,6.390625,6.390625,6.0
2015-08-11T11:07:10.000000Z,6.39453125,6.390625,7.0
2015-08-11T11:07:20.000000Z,6.39453125,6.390625,2.0
2015-08-11T11:07:30.000000Z,6.390625,6.390625,13.0
2015-08-11T11:07:40.000000Z,6.390625,6.390625,20.0
2015-08-11T11:07:50.000000Z,6.390625,6.390625,30.0
2015-08-11T11:08:00.000000Z,6.390625,6.390625,3.0
2015-08-11T11:08:10.000000Z,6.390625,6.390625,1.0
2015-08-11T11:08:20.000000Z,6.390625,6.390625,4.0
2015-08-11T11:08:30.000000Z,6.390625,6.390625,9.0
2015-08-11T11:08:50.000000Z,6.390625,6.390625,1.0
2015-08-11T11:09:00.000000Z,6.390625,6.390625,2.0
2015-08-11T11:09:10.000000Z,6.390625,6.390625,1.0
2015-08-11T11:09:20.000000Z,6.390625,6.390625,64.0
2015-08-11T11:09:30.000000Z,6.390625,6.390625,15.0
2015-08-11T11:09:40.000000Z,6.390625,6.390625,18.0
2015-08-11T11:09:50.000000Z,6.390625,6.390625,31.0
2015-08-11T11:10:00.000000Z,6.390625,6.390625,6.0
2015-08-11T11:10:10.000000Z,6.390625,6.390625,7.0
2015-08-11T11:10:20.000000Z,6.390625,6.390625,3.0
2015-08-11T11:10:30.000000Z,6.390625,6.390625,3.0
2015-08-11T11:10:40.000000Z,6.390625,6.390625,3.0
2015-08-11T11:10:50.000000Z,6.390625,6.390625,8.0
2015-08-11T11:11:00.000000Z,6.390625,6.390625,1.0
2015-08-11T11:11:10.000000Z,6.390625,6.390625,6.0
2015-08-11T11:11:20.000000Z,6.390625,6.390625,42.0
2015-08-11T11:11:30.000000Z,6.390625,6.390625,2.0
2015-08-11T11:11:40.000000Z,6.390625,6.390625,3.0
2015-08-11T11:11:50.000000Z,6.390625,6.390625,1.0
2015-08-11T11:12:00.000000Z,6.390625,6.390625,3.0
2015-08-11T11:12:50.000000Z,6.390625,6.38671875,89.0
2015-08-11T11:13:00.000000Z,6.390625,6.38671875,98.0
2015-08-11T11:13:10.000000Z,6.390625,6.38671875,44.0
2015-08-11T11:13:20.000000Z,6.390625,6.38671875,16.0
2015-08-11T11:13:40.000000Z,6.390625,6.38671875,1.0
2015-08-11T11:13:50.000000Z,6.390625,6.38671875,2.0
2015-08-11T11:14:00.000000Z,6.390625,6.390625,109.0
2015-08-11T11:14:10.000000Z,6.390625,6.38671875,94.0
2015-08-11T11:14:20.000000Z,6.390625,6.390625,46.0
2015-08-11T11:14:30.000000Z,6.390625,6.390625,48.0
2015-08-11T11:14:40.000000Z,6.390625,6.38671875,64.0
2015-08-11T11:14:50.000000Z,6.390625,6.390625,17.0
2015-08-11T11:15:00.000000Z,6.390625,6.390625,28.0
2015-08-11T11:15:10.000000Z,6.390625,6.390625,1.0
2015-08-11T11:15:20.000000Z,6.390625,6.390625,4.0
2015-08-11T11:15:30.000000Z,6.390625,6.390625,8.0
2015-08-11T11:15:40.000000Z,6.390625,6.390625,22.0
2015-08-11T11:15:50.000000Z,6.390625,6.38671875,30.0
2015-08-11T11:16:00.000000Z,6.390625,6.38671875,3.0
2015-08-11T11:16:20.000000Z,6.390625,6.38671875,1.0
2015-08-11T11:16:30.000000Z,6.390625,6.390625,20.0
2015-08-11T11:16:40.000000Z,6.390625,6.390625,19.0
2015-08-11T11:17:00.000000Z,6.390625,6.390625,70.0
2015-08-11T11:17:10.000000Z,6.390625,6.38671875,103.0
2015-08-11T11:17:20.000000Z,6.390625,6.38671875,6.0
2015-08-11T11:17:30.000000Z,6.390625,6.38671875,7.0
2015-08-11T11:17:40.000000Z,6.390625,6.38671875,7.0
2015-08-11T11:17:50.000000Z,6.390625,6.38671875,19.0
2015-08-11T11:18:00.000000Z,6.390625,6.38671875,18.0
2015-08-11T11:18:10.000000Z,6.390625,6.38671875,14.0
2015-08-11T11:18:20.000000Z,6.390625,6.38671875,21.0
2015-08-11T11:18:30.000000Z,6.390625,6.38671875,25.0
2015-08-11T11:18:40.000000Z,6.38671875,6.38671875,65.0
2015-08-11T11:18:50.000000Z,6.390625,6.38671875,32.0
2015-08-11T11:19:00.000000Z,6.390625,6.38671875,25.0
2015-08-11T11:19:10.000000Z,6.390625,6.38671875,23.0
2015-08-11T11:19:20.000000Z,6.390625,6.38671875,6.0
2015-08-11T11:19:30.000000Z,6.390625,6.38671875,13.0
2015-08-11T11:19:40.000000Z,6.390625,6.38671875,10.0
2015-08-11T11:19:50.000000Z,6.390625,6.38671875,22.0
2015-08-11T11:20:00.000000Z,6.390625,6.38671875,13.0
2015-08-11T11:20:10.000000Z,6.390625,6.38671875,8.0
2015-08-11T11:20:20.000000Z,6.390625,6.38671875,12.0
2015-08-11T11:20:30.000000Z,6.390625,6.38671875,16.0
2015-08-11T11:20:40.000000Z,6.390625,6.38671875,10.0
2015-08-11T11:20:50.000000Z,6.390625,6.38671875,1.0
2015-08-11T11:21:00.000000Z,6.390625,6.38671875,26.0
2015-08-11T11:21:10.000000Z,6.390625,6.38671875,26.0
2015-08-11T11:21:20.000000Z,6.390625,6.38671875,11.0
2015-08-11T11:21:30.000000Z,6.390625,6.38671875,3.0
2015-08-11T11:21:40.000000Z,6.390625,6.38671875,10.0
2015-08-11T11:21:50.000000Z,6.390625,6.38671875,10.0
2015-08-11T11:22:10.000000Z,6.390625,6.38671875,1.0
2015-08-11T11:22:30.000000Z,6.390625,6.38671875,1.0
2015-08-11T11:22:40.000000Z,6.390625,6.38671875,13.0
2015-08-11T11:22:50.000000Z,6.390625,6.38671875,3.0
2015-08-11T11:23:00.000000Z,6.390625,6.38671875,4.0
2015-08-11T11:23:10.000000Z,6.390625,6.38671875,2.0
2015-08-11T11:23:20.000000Z,6.390625,6.38671875,1.0
2015-08-11T11:23:30.000000Z,6.390625,6.38671875,3.0
2015-08-11T11:23:40.000000Z,6.390625,6.38671875,1.0
2015-08-11T11:23:50.000000Z,6.390625,6.38671875,16.0
2015-08-11T11:24:00.000000Z,6.390625,6.38671875,15.0
2015-08-11T11:24:10.000000Z,6.390625,6.38671875,8.0
2015-08-11T11:24:20.000000Z,6.390625,6.38671875,15.0
2015-08-11T11:24:30.000000Z,6.390625,6.38671875,1.0
2015-08-11T11:25:00.000000Z,6.390625,6.38671875,13.0
2015-08-11T11:25:10.000000Z,6.390625,6.38671875,3.0
2015-08-11T11:25:50.000000Z,6.390625,6.38671875,10.0
2015-08-11T11:26:00.000000Z,6.390625,6.38671875,2.0
2015-08-11T11:26:10.000000Z,6.390625,6.38671875,1.0
2015-08-11T11:26:20.000000Z,6.390625,6.38671875,1.0
2015-08-11T11:26:30.000000Z,6.390625,6.38671875,4.0
2015-08-11T11:26:40.000000Z,6.390625,6.38671875,2.0
2015-08-11T11:26:50.000000Z,6.390625,6.38671875,1.0
2015-08-11T11:27:10.000000Z,6.390625,6.38671875,3.0
2015-08-11T11:27:30.000000Z,6.390625,6.38671875,1.0
2015-08-11T11:27:40.000000Z,6.390625,6.38671875,3.0
2015-08-11T11:27:50.000000Z,6.390625,6.38671875,1.0
2015-08-11T11:28:00.000000Z,6.390625,6.38671875,12.0
2015-08-11T11:28:10.000000Z,6.390625,6.38671875,4.0
2015-08-11T11:28:30.000000Z,6.390625,6.38671875,16.0
2015-08-11T11:28:40.000000Z,6.38671875,6.38671875,60.0
2015-08-11T11:28:50.000000Z,6.38671875,6.38671875,14.0
2015-08-11T11:29:00.000000Z,6.38671875,6.38671875,6.0
2015-08-11T11:29:10.000000Z,6.38671875,6.38671875,31.0
2015-08-11T11:29:20.000000Z,6.38671875,6.38671875,78.0
2015-08-11T11:29:30.000000Z,6.38671875,6.38671875,68.0
2015-08-11T11:29:40.000000Z,6.38671875,6.38671875,53.0
2015-08-11T11:29:50.000000Z,6.38671875,6.38671875,62.0
2015-08-11T11:30:00.000000Z,6.38671875,6.38671875,47.0
2015-08-11T11:30:20.000000Z,6.38671875,6.38671875,3.0
2015-08-11T11:30:30.000000Z,6.38671875,6.38671875,7.0
2015-08-11T11:30:40.000000Z,6.38671875,6.38671875,2.0
2015-08-11T11:30:50.000000Z,6.38671875,6.38671875,1.0
2015-08-11T11:31:00.000000Z,6.38671875,6.38671875,28.0
2015-08-11T11:31:10.000000Z,6.38671875,6.38671875,6.0
2015-08-11T11:31:20.000000Z,6.38671875,6.38671875,10.0
2015-08-11T11:31:30.000000Z,6.38671875,6.3828125,14.0
2015-08-11T11:31:40.000000Z,6.38671875,6.3828125,3.0
2015-08-11T11:31:50.000000Z,6.38671875,6.3828125,1.0
2015-08-11T11:32:00.000000Z,6.38671875,6.3828125,64.0
2015-08-11T11:32:10.000000Z,6.38671875,6.3828125,3.0
2015-08-11T11:32:20.000000Z,6.38671875,6.3828125,11.0
2015-08-11T11:32:30.000000Z,6.38671875,6.3828125,12.0
2015-08-11T11:32:40.000000Z,6.38671875,6.3828125,27.0
2015-08-11T11:32:50.000000Z,6.38671875,6.3828125,19.0
2015-08-11T11:33:00.000000Z,6.38671875,6.3828125,2.0
2015-08-11T11:33:10.000000Z,6.38671875,6.3828125,7.0
2015-08-11T11:33:20.000000Z,6.38671875,6.3828125,13.0
2015-08-11T11:33:30.000000Z,6.3828125,6.3828125,33.0
2015-08-11T11:33:40.000000Z,6.38671875,6.3828125,55.0
2015-08-11T11:33:50.000000Z,6.38671875,6.3828125,24.0
2015-08-11T11:34:00.000000Z,6.3828125,6.3828125,17.0
2015-08-11T11:34:10.000000Z,6.3828125,6.3828125,7.0
2015-08-11T11:34:20.000000Z,6.38671875,6.3828125,20.0
2015-08-11T11:34:30.000000Z,6.38671875,6.3828125,15.0
2015-08-11T11:34:40.000000Z,6.3828125,6.3828125,57.0
2015-08-11T11:34:50.000000Z,6.3828125,6.3828125,2.0
2015-08-11T11:35:00.000000Z,6.38671875,6.3828125,100.0
2015-08-11T11:35:10.000000Z,6.3828125,6.3828125,28.0
2015-08-11T11:35:20.000000Z,6.3828125,6.3828125,22.0
2015-08-11T11:35:40.000000Z,6.3828125,6.3828125,4.0
2015-08-11T11:35:50.000000Z,6.3828125,6.3828125,25.0
2015-08-11T11:36:00.000000Z,6.3828125,6.3828125,15.0
2015-08-11T11:36:10.000000Z,6.38671875,6.3828125,31.0
2015-08-11T11:36:20.000000Z,6.38671875,6.3828125,3.0
2015-08-11T11:36:30.000000Z,6.38671875,6.3828125,8.0
2015-08-11T11:36:40.000000Z,6.38671875,6.3828125,11.0
2015-08-11T11:36:50.000000Z,6.38671875,6.3828125,12.0
2015-08-11T11:37:00.000000Z,6.38671875,6.3828125,2.0
2015-08-11T11:37:10.000000Z,6.38671875,6.3828125,2.0
2015-08-11T11:37:30.000000Z,6.38671875,6.3828125,1.0
2015-08-11T11:37:50.000000Z,6.38671875,6.3828125,1.0
2015-08-11T11:38:00.000000Z,6.38671875,6.3828125,113.0
2015-08-11T11:38:10.000000Z,6.38671875,6.3828125,23.0
2015-08-11T11:38:20.000000Z,6.38671875,6.3828125,38.0
2015-08-11T11:38:30.000000Z,6.38671875,6.3828125,91.0
2015-08-11T11:38:40.000000Z,6.38671875,6.3828125,5.0
2015-08-11T11:38:50.000000Z,6.38671875,6.3828125,14.0
2015-08-11T11:39:10.000000Z,6.3828125,6.3828125,45.0
2015-08-11T11:39:20.000000Z,6.3828125,6.3828125,6.0
2015-08-11T11:39:30.000000Z,6.3828125,6.3828125,12.0
2015-08-11T11:39:40.000000Z,6.3828125,6.3828125,21.0
2015-08-11T11:39:50.000000Z,6.3828125,6.3828125,4.0
2015-08-11T11:40:00.000000Z,6.3828125,6.3828125,9.0
2015-08-11T11:40:10.000000Z,6.3828125,6.3828125,7.0
2015-08-11T11:40:20.000000Z,6.3828125,6.3828125,13.0
2015-08-11T11:40:30.000000Z,6.3828125,6.3828125,6.0
2015-08-11T11:40:40.000000Z,6.3828125,6.3828125,6.0
2015-08-11T11:40:50.000000Z,6.3828125,6.3828125,22.0
2015-08-11T11:41:00.000000Z,6.3828125,6.3828125,32.0
2015-08-11T11:41:10.000000Z,6.3828125,6.3828125,21.0
2015-08-11T11:41:20.000000Z,6.3828125,6.3828125,21.0
2015-08-11T11:41:30.000000Z,6.3828125,6.3828125,14.0
2015-08-11T11:41:40.000000Z,6.3828125,6.3828125,51.0
2015-08-11T11:41:50.000000Z,6.3828125,6.3828125,1.0
2015-08-11T11:42:00.000000Z,6.3828125,6.3828125,2.0
2015-08-11T11:42:30.000000Z,6.3828125,6.3828125,58.0
2015-08-11T11:42:40.000000Z,6.3828125,6.3828125,41.0
2015-08-11T11:42:50.000000Z,6.3828125,6.3828125,7.0
2015-08-11T11:43:00.000000Z,6.3828125,6.3828125,41.0
2015-08-11T11:43:10.000000Z,6.3828125,6.3828125,29.0
2015-08-11T11:43:20.000000Z,6.3828125,6.3828125,11.0
2015-08-11T11:43:30.000000Z,6.3828125,6.3828125,13.0
2015-08-11T11:43:40.000000Z,6.3828125,6.3828125,8.0
2015-08-11T11:43:50.000000Z,6.3828125,6.3828125,3.0
2015-08-11T11:44:00.000000Z,6.3828125,6.3828125,61.0
2015-08-11T11:44:10.000000Z,6.3828125,6.3828125,59.0
2015-08-11T11:44:20.000000Z,6.3828125,6.3828125,1.0
2015-08-11T11:44:30.000000Z,6.3828125,6.3828125,2.0
2015-08-11T11:44:40.000000Z,6.3828125,6.3828125,1.0
2015-08-11T11:44:50.000000Z,6.3828125,6.3828125,35.0
2015-08-11T11:45:00.000000Z,6.3828125,6.3828125,14.0
2015-08-11T11:45:10.000000Z,6.3828125,6.3828125,9.0
2015-08-11T11:45:20.000000Z,6.3828125,6.3828125,14.0
2015-08-11T11:45:30.000000Z,6.3828125,6.3828125,17.0
2015-08-11T11:45:40.000000Z,6.3828125,6.3828125,22.0
2015-08-11T11:45:50.000000Z,6.3828125,6.3828125,34.0
2015-08-11T11:46:00.000000Z,6.3828125,6.3828125,31.0
2015-08-11T11:46:10.000000Z,6.3828125,6.3828125,8.0
2015-08-11T11:46:20.000000Z,6.3828125,6.3828125,3.0
2015-08-11T11:46:30.000000Z,6.3828125,6.3828125,1.0
2015-08-11T11:47:20.000000Z,6.3828125,6.3828125,1.0
2015-08-11T11:48:10.000000Z,6.3828125,6.3828125,21.0
2015-08-11T11:48:20.000000Z,6.3828125,6.3828125,3.0
2015-08-11T11:48:30.000000Z,6.3828125,6.3828125,5.0
2015-08-11T11:48:40.000000Z,6.3828125,6.3828125,3.0
2015-08-11T11:48:50.000000Z,6.3828125,6.3828125,14.0
2015-08-11T11:49:00.000000Z,6.3828125,6.3828125,17.0
2015-08-11T11:49:10.000000Z,6.3828125,6.3828125,6.0
2015-08-11T11:49:20.000000Z,6.3828125,6.3828125,2.0
2015-08-11T11:49:30.000000Z,6.3828125,6.3828125,5.0
2015-08-11T11:49:40.000000Z,6.3828125,6.3828125,30.0
2015-08-11T11:49:50.000000Z,6.3828125,6.3828125,60.0
2015-08-11T11:50:00.000000Z,6.3828125,6.3828125,26.0
2015-08-11T11:50:10.000000Z,6.3828125,6.3828125,2.0
2015-08-11T11:50:20.000000Z,6.3828125,6.3828125,15.0
2015-08-11T11:50:30.000000Z,6.3828125,6.3828125,9.0
2015-08-11T11:50:40.000000Z,6.3828125,6.3828125,20.0
2015-08-11T11:50:50.000000Z,6.3828125,6.3828125,15.0
2015-08-11T11:51:00.000000Z,6.3828125,6.3828125,2.0
2015-08-11T11:51:30.000000Z,6.3828125,6.3828125,1.0
2015-08-11T11:52:00.000000Z,6.3828125,6.3828125,6.0
2015-08-11T11:52:10.000000Z,6.3828125,6.3828125,8.0
2015-08-11T11:52:20.000000Z,6.3828125,6.3828125,6.0
2015-08-11T11:52:30.000000Z,6.3828125,6.3828125,3.0
2015-08-11T11:52:40.000000Z,6.3828125,6.3828125,5.0
2015-08-11T11:52:50.000000Z,6.3828125,6.3828125,37.0
2015-08-11T11:53:00.000000Z,6.3828125,6.3828125,66.0
2015-08-11T11:53:10.000000Z,6.3828125,6.3828125,21.0
2015-08-11T11:53:20.000000Z,6.3828125,6.3828125,21.0
2015-08-11T11:53:30.000000Z,6.3828125,6.3828125,13.0
2015-08-11T11:53:40.000000Z,6.3828125,6.3828125,4.0
2015-08-11T11:53:50.000000Z,6.3828125,6.3828125,1.0
2015-08-11T11:54:00.000000Z,6.3828125,6.3828125,3.0
2015-08-11T11:54:10.000000Z,6.3828125,6.3828125,14.0
2015-08-11T11:54:20.000000Z,6.3828125,6.3828125,4.0
2015-08-11T11:54:30.000000Z,6.3828125,6.37890625,52.0
2015-08-11T11:54:40.000000Z,6.3828125,6.37890625,25.0
2015-08-11T11:54:50.000000Z,6.3828125,6.37890625,10.0
2015-08-11T11:55:00.000000Z,6.3828125,6.37890625,6.0
2015-08-11T11:55:10.000000Z,6.3828125,6.37890625,4.0
2015-08-11T11:55:20.000000Z,6.3828125,6.37890625,9.0
2015-08-11T11:55:30.000000Z,6.3828125,6.37890625,1.0
2015-08-11T11:55:40.000000Z,6.3828125,6.37890625,86.0
2015-08-11T11:55:50.000000Z,6.3828125,6.3828125,31.0
2015-08-11T11:56:00.000000Z,6.3828125,6.3828125,1.0
2015-08-11T11:56:10.000000Z,6.3828125,6.3828125,14.0
2015-08-11T11:56:20.000000Z,6.3828125,6.3828125,33.0
2015-08-11T11:56:30.000000Z,6.3828125,6.3828125,50.0
2015-08-11T11:56:40.000000Z,6.3828125,6.3828125,61.0
2015-08-11T11:56:50.000000Z,6.3828125,6.3828125,2.0
2015-08-11T11:57:00.000000Z,6.3828125,6.3828125,17.0
2015-08-11T11:57:10.000000Z,6.3828125,6.3828125,50.0
2015-08-11T11:57:20.000000Z,6.3828125,6.3828125,44.0
2015-08-11T11:57:30.000000Z,6.3828125,6.3828125,50.0
2015-08-11T11:57:40.000000Z,6.3828125,6.3828125,27.0
2015-08-11T11:57:50.000000Z,6.3828125,6.3828125,9.0
2015-08-11T11:58:00.000000Z,6.38671875,6.3828125,93.0
2015-08-11T11:58:10.000000Z,6.38671875,6.3828125,12.0
2015-08-11T11:58:20.000000Z,6.38671875,6.3828125,20.0
2015-08-11T11:58:30.000000Z,6.38671875,6.3828125,12.0
2015-08-11T11:58:40.000000Z,6.38671875,6.3828125,2.0
2015-08-11T11:59:00.000000Z,6.38671875,6.3828125,2.0
2015-08-11T11:59:10.000000Z,6.38671875,6.3828125,3.0
2015-08-11T11:59:20.000000Z,6.38671875,6.3828125,4.0
2015-08-11T11:59:30.000000Z,6.38671875,6.3828125,1.0
2015-08-11T11:59:40.000000Z,6.38671875,6.3828125,15.0
2015-08-11T11:59:50.000000Z,6.38671875,6.3828125,22.0
2015-08-11T12:00:00.000000Z,6.38671875,6.3828125,24.0
2015-08-11T12:00:10.000000Z,6.38671875,6.3828125,5.0
2015-08-11T12:00:20.000000Z,6.38671875,6.3828125,1.0
2015-08-11T12:00:40.000000Z,6.38671875,6.3828125,1.0
2015-08-11T12:01:00.000000Z,6.38671875,6.38671875,61.0
2015-08-11T12:01:10.000000Z,6.38671875,6.38671875,61.0
2015-08-11T12:01:20.000000Z,6.38671875,6.38671875,37.0
2015-08-11T12:01:30.000000Z,6.38671875,6.38671875,22.0
2015-08-11T12:01:40.000000Z,6.38671875,6.38671875,23.0
2015-08-11T12:01:50.000000Z,6.38671875,6.38671875,8.0
2015-08-11T12:02:00.000000Z,6.38671875,6.38671875,4.0
2015-08-11T12:02:10.000000Z,6.38671875,6.38671875,12.0
2015-08-11T12:02:20.000000Z,6.38671875,6.38671875,3.0
2015-08-11T12:02:30.000000Z,6.38671875,6.38671875,14.0
2015-08-11T12:02:40.000000Z,6.38671875,6.38671875,15.0
2015-08-11T12:02:50.000000Z,6.38671875,6.38671875,6.0
2015-08-11T12:03:20.000000Z,6.38671875,6.38671875,2.0
2015-08-11T12:03:30.000000Z,6.38671875,6.38671875,1.0
2015-08-11T12:03:40.000000Z,6.38671875,6.38671875,3.0
2015-08-11T12:03:50.000000Z,6.38671875,6.38671875,11.0
2015-08-11T12:04:00.000000Z,6.38671875,6.38671875,8.0
2015-08-11T12:04:10.000000Z,6.38671875,6.38671875,5.0
2015-08-11T12:04:20.000000Z,6.38671875,6.38671875,2.0
2015-08-11T12:04:30.000000Z,6.38671875,6.38671875,15.0
2015-08-11T12:04:40.000000Z,6.38671875,6.38671875,6.0
2015-08-11T12:04:50.000000Z,6.38671875,6.38671875,1.0
2015-08-11T12:05:00.000000Z,6.390625,6.38671875,72.0
2015-08-11T12:05:10.000000Z,6.390625,6.390625,70.0
2015-08-11T12:05:20.000000Z,6.390625,6.390625,24.0
2015-08-11T12:05:30.000000Z,6.390625,6.390625,85.0
2015-08-11T12:05:40.000000Z,6.390625,6.390625,70.0
2015-08-11T12:06:00.000000Z,6.390625,6.390625,7.0
2015-08-11T12:06:10.000000Z,6.390625,6.390625,3.0
2015-08-11T12:06:20.000000Z,6.390625,6.38671875,62.0
2015-08-11T12:06:30.000000Z,6.390625,6.38671875,4.0
2015-08-11T12:06:40.000000Z,6.390625,6.38671875,26.0
2015-08-11T12:06:50.000000Z,6.38671875,6.38671875,69.0
2015-08-11T12:07:00.000000Z,6.38671875,6.38671875,2.0
2015-08-11T12:07:10.000000Z,6.38671875,6.38671875,3.0
2015-08-11T12:07:20.000000Z,6.38671875,6.38671875,27.0
2015-08-11T12:07:30.000000Z,6.38671875,6.38671875,28.0
2015-08-11T12:07:40.000000Z,6.38671875,6.38671875,37.0
2015-08-11T12:07:50.000000Z,6.38671875,6.38671875,1.0
2015-08-11T12:08:00.000000Z,6.38671875,6.38671875,13.0
2015-08-11T12:08:10.000000Z,6.38671875,6.38671875,6.0
2015-08-11T12:08:20.000000Z,6.38671875,6.38671875,13.0
2015-08-11T12:08:30.000000Z,6.38671875,6.38671875,6.0
2015-08-11T12:08:40.000000Z,6.38671875,6.38671875,8.0
2015-08-11T12:08:50.000000Z,6.38671875,6.38671875,7.0
2015-08-11T12:09:00.000000Z,6.38671875,6.38671875,15.0
2015-08-11T12:09:10.000000Z,6.38671875,6.38671875,1.0
2015-08-11T12:09:30.000000Z,6.38671875,6.38671875,1.0
2015-08-11T12:09:40.000000Z,6.38671875,6.38671875,4.0
2015-08-11T12:09:50.000000Z,6.38671875,6.38671875,25.0
2015-08-11T12:10:00.000000Z,6.38671875,6.38671875,53.0
2015-08-11T12:10:10.000000Z,6.38671875,6.38671875,24.0
2015-08-11T12:10:30.000000Z,6.38671875,6.38671875,1.0
2015-08-11T12:10:40.000000Z,6.38671875,6.38671875,13.0
2015-08-11T12:10:50.000000Z,6.38671875,6.38671875,16.0
2015-08-11T12:11:00.000000Z,6.38671875,6.38671875,52.0
2015-08-11T12:11:10.000000Z,6.38671875,6.38671875,29.0
2015-08-11T12:11:20.000000Z,6.38671875,6.38671875,28.0
2015-08-11T12:11:30.000000Z,6.38671875,6.38671875,1.0
2015-08-11T12:11:40.000000Z,6.38671875,6.38671875,1.0
2015-08-11T12:11:50.000000Z,6.38671875,6.38671875,3.0
2015-08-11T12:12:00.000000Z,6.38671875,6.38671875,55.0
2015-08-11T12:12:10.000000Z,6.38671875,6.38671875,87.0
2015-08-11T12:12:20.000000Z,6.38671875,6.38671875,63.0
2015-08-11T12:12:30.000000Z,6.38671875,6.38671875,73.0
2015-08-11T12:12:40.000000Z,6.38671875,6.38671875,69.0
2015-08-11T12:12:50.000000Z,6.38671875,6.38671875,4.0
2015-08-11T12:13:00.000000Z,6.38671875,6.38671875,1.0
2015-08-11T12:13:10.000000Z,6.38671875,6.38671875,4.0
2015-08-11T12:13:20.000000Z,6.38671875,6.3828125,33.0
2015-08-11T12:13:30.000000Z,6.38671875,6.3828125,23.0
2015-08-11T12:13:40.000000Z,6.38671875,6.3828125,6.0
2015-08-11T12:13:50.000000Z,6.38671875,6.3828125,2.0
2015-08-11T12:14:10.000000Z,6.38671875,6.3828125,4.0
2015-08-11T12:14:20.000000Z,6.3828125,6.3828125,23.0
2015-08-11T12:14:30.000000Z,6.3828125,6.3828125,3.0
2015-08-11T12:14:40.000000Z,6.3828125,6.37890625,27.0
2015-08-11T12:14:50.000000Z,6.3828125,6.37890625,89.0
2015-08-11T12:15:00.000000Z,6.3828125,6.37890625,58.0
2015-08-11T12:15:10.000000Z,6.3828125,6.37890625,42.0
2015-08-11T12:15:20.000000Z,6.3828125,6.37890625,32.0
2015-08-11T12:15:30.000000Z,6.3828125,6.37890625,1.0
2015-08-11T12:15:40.000000Z,6.3828125,6.37890625,14.0
2015-08-11T12:15:50.000000Z,6.3828125,6.37890625,2.0
2015-08-11T12:16:00.000000Z,6.3828125,6.37890625,3.0
2015-08-11T12:16:10.000000Z,6.3828125,6.37890625,24.0
2015-08-11T12:16:20.000000Z,6.3828125,6.37890625,9.0
2015-08-11T12:16:30.000000Z,6.3828125,6.37890625,26.0
2015-08-11T12:16:40.000000Z,6.3828125,6.37890625,1.0
2015-08-11T12:16:50.000000Z,6.3828125,6.37890625,3.0
2015-08-11T12:17:00.000000Z,6.3828125,6.37890625,2.0
2015-08-11T12:17:10.000000Z,6.3828125,6.37890625,2.0
2015-08-11T12:17:20.000000Z,6.3828125,6.37890625,88.0
2015-08-11T12:17:30.000000Z,6.3828125,6.3828125,97.0
2015-08-11T12:17:40.000000Z,6.3828125,6.37890625,45.0
2015-08-11T12:17:50.000000Z,6.3828125,6.3828125,49.0
2015-08-11T12:18:00.000000Z,6.3828125,6.3828125,30.0
2015-08-11T12:18:10.000000Z,6.3828125,6.3828125,65.0
2015-08-11T12:18:20.000000Z,6.3828125,6.3828125,74.0
2015-08-11T12:18:30.000000Z,6.3828125,6.3828125,60.0
2015-08-11T12:18:40.000000Z,6.3828125,6.3828125,56.0
2015-08-11T12:18:50.000000Z,6.3828125,6.3828125,70.0
2015-08-11T12:19:00.000000Z,6.3828125,6.3828125,61.0
2015-08-11T12:19:10.000000Z,6.3828125,6.3828125,57.0
2015-08-11T12:19:20.000000Z,6.3828125,6.3828125,60.0
2015-08-11T12:19:30.000000Z,6.3828125,6.3828125,71.0
2015-08-11T12:19:40.000000Z,6.3828125,6.37890625,59.0
2015-08-11T12:19:50.000000Z,6.3828125,6.37890625,4.0
2015-08-11T12:20:00.000000Z,6.3828125,6.37890625,2.0
2015-08-11T12:20:10.000000Z,6.3828125,6.37890625,10.0
2015-08-11T12:20:20.000000Z,6.3828125,6.37890625,5.0
2015-08-11T12:20:30.000000Z,6.3828125,6.37890625,3.0
2015-08-11T12:20:40.000000Z,6.3828125,6.37890625,3.0
2015-08-11T12:20:50.000000Z,6.3828125,6.37890625,2.0
2015-08-11T12:21:00.000000Z,6.3828125,6.3828125,30.0
2015-08-11T12:21:10.000000Z,6.3828125,6.3828125,9.0
2015-08-11T12:21:20.000000Z,6.3828125,6.3828125,6.0
2015-08-11T12:21:30.000000Z,6.3828125,6.3828125,34.0
2015-08-11T12:21:40.000000Z,6.3828125,6.3828125,4.0
2015-08-11T12:22:00.000000Z,6.3828125,6.3828125,5.0
2015-08-11T12:22:10.000000Z,6.3828125,6.3828125,6.0
2015-08-11T12:22:20.000000Z,6.3828125,6.3828125,3.0
2015-08-11T12:22:40.000000Z,6.3828125,6.3828125,4.0
2015-08-11T12:23:10.000000Z,6.3828125,6.3828125,2.0
2015-08-11T12:23:20.000000Z,6.3828125,6.3828125,34.0
2015-08-11T12:23:30.000000Z,6.3828125,6.3828125,67.0
2015-08-11T12:23:40.000000Z,6.3828125,6.3828125,79.0
2015-08-11T12:23:50.000000Z,6.3828125,6.3828125,20.0
2015-08-11T12:24:00.000000Z,6.3828125,6.3828125,10.0
2015-08-11T12:24:10.000000Z,6.3828125,6.3828125,3.0
2015-08-11T12:24:20.000000Z,6.3828125,6.3828125,5.0
2015-08-11T12:24:30.000000Z,6.3828125,6.3828125,1.0
2015-08-11T12:24:40.000000Z,6.3828125,6.3828125,2.0
2015-08-11T12:24:50.000000Z,6.3828125,6.37890625,9.0
2015-08-11T12:25:00.000000Z,6.3828125,6.37890625,12.0
2015-08-11T12:25:10.000000Z,6.3828125,6.37890625,10.0
2015-08-11T12:25:20.000000Z,6.3828125,6.37890625,2.0
2015-08-11T12:25:30.000000Z,6.3828125,6.37890625,67.0
2015-08-11T12:25:40.000000Z,6.3828125,6.37890625,9.0
2015-08-11T12:25:50.000000Z,6.3828125,6.37890625,5.0
2015-08-11T12:26:00.000000Z,6.3828125,6.37890625,3.0
2015-08-11T12:26:10.000000Z,6.37890625,6.37890625,1.0
2015-08-11T12:26:20.000000Z,6.37890625,6.37890625,1.0
2015-08-11T12:26:30.000000Z,6.37890625,6.37890625,95.0
2015-08-11T12:26:40.000000Z,6.37890625,6.37890625,47.0
2015-08-11T12:26:50.000000Z,6.37890625,6.37890625,2.0
2015-08-11T12:27:00.000000Z,6.37890625,6.37890625,2.0
2015-08-11T12:27:10.000000Z,6.37890625,6.37890625,2.0
2015-08-11T12:27:20.000000Z,6.37890625,6.37890625,1.0
2015-08-11T12:27:30.000000Z,6.37890625,6.37890625,1.0
2015-08-11T12:27:40.000000Z,6.37890625,6.37890625,1.0
2015-08-11T12:28:10.000000Z,6.37890625,6.37890625,9.0
2015-08-11T12:28:30.000000Z,6.37890625,6.37890625,11.0
2015-08-11T12:28:40.000000Z,6.37890625,6.37890625,14.0
2015-08-11T12:28:50.000000Z,6.37890625,6.37890625,9.0
2015-08-11T12:29:00.000000Z,6.37890625,6.37890625,3.0
2015-08-11T12:29:10.000000Z,6.37890625,6.37890625,8.0
2015-08-11T12:29:20.000000Z,6.37890625,6.37890625,2.0
2015-08-11T12:29:30.000000Z,6.37890625,6.37890625,12.0
2015-08-11T12:29:40.000000Z,6.37890625,6.37890625,9.0
2015-08-11T12:29:50.000000Z,6.37890625,6.37890625,19.0
2015-08-11T12:30:00.000000Z,6.37890625,6.37890625,13.0
2015-08-11T12:30:10.000000Z,6.37890625,6.37890625,16.0
2015-08-11T12:30:20.000000Z,6.37890625,6.37890625,7.0
2015-08-11T12:30:30.000000Z,6.37890625,6.37890625,21.0
2015-08-11T12:30:40.000000Z,6.37890625,6.37890625,9.0
2015-08-11T12:30:50.000000Z,6.37890625,6.37890625,32.0
2015-08-11T12:31:00.000000Z,6.37890625,6.37890625,38.0
2015-08-11T12:31:10.000000Z,6.37890625,6.375,52.0
2015-08-11T12:31:20.000000Z,6.37890625,6.375,25.0
2015-08-11T12:31:40.000000Z,6.37890625,6.375,1.0
2015-08-11T12:31:50.000000Z,6.37890625,6.375,2.0
2015-08-11T12:32:00.000000Z,6.37890625,6.375,1.0
2015-08-11T12:32:10.000000Z,6.37890625,6.375,1.0
2015-08-11T12:32:20.000000Z,6.37890625,6.375,1.0
2015-08-11T12:32:30.000000Z,6.37890625,6.375,1.0
2015-08-11T12:32:40.000000Z,6.37890625,6.375,2.0
2015-08-11T12:32:50.000000Z,6.37890625,6.375,10.0
2015-08-11T12:33:00.000000Z,6.37890625,6.375,24.0
2015-08-11T12:33:10.000000Z,6.375,6.375,10.0
2015-08-11T12:33:20.000000Z,6.375,6.375,3.0
2015-08-11T12:33:30.000000Z,6.375,6.375,5.0
2015-08-11T12:33:40.000000Z,6.375,6.375,3.0
2015-08-11T12:33:50.000000Z,6.37890625,6.375,25.0
2015-08-11T12:34:00.000000Z,6.37890625,6.375,15.0
2015-08-11T12:34:10.000000Z,6.37890625,6.375,10.0
2015-08-11T12:34:20.000000Z,6.37890625,6.375,10.0
2015-08-11T12:34:30.000000Z,6.37890625,6.375,14.0
2015-08-11T12:34:40.000000Z,6.37890625,6.37890625,17.0
2015-08-11T12:34:50.000000Z,6.37890625,6.37890625,9.0
2015-08-11T12:35:00.000000Z,6.37890625,6.375,10.0
2015-08-11T12:35:10.000000Z,6.37890625,6.375,7.0
2015-08-11T12:35:20.000000Z,6.37890625,6.37890625,38.0
2015-08-11T12:35:30.000000Z,6.37890625,6.37890625,1.0
2015-08-11T12:35:40.000000Z,6.37890625,6.37890625,65.0
2015-08-11T12:35:50.000000Z,6.3828125,6.37890625,128.0
2015-08-11T12:36:00.000000Z,6.3828125,6.37890625,18.0
2015-08-11T12:36:10.000000Z,6.3828125,6.37890625,2.0
2015-08-11T12:36:20.000000Z,6.3828125,6.37890625,16.0
2015-08-11T12:36:40.000000Z,6.3828125,6.37890625,1.0
2015-08-11T12:36:50.000000Z,6.3828125,6.37890625,12.0
2015-08-11T12:37:00.000000Z,6.3828125,6.37890625,19.0
2015-08-11T12:37:10.000000Z,6.37890625,6.37890625,58.0
2015-08-11T12:37:20.000000Z,6.3828125,6.37890625,26.0
2015-08-11T12:37:40.000000Z,6.3828125,6.37890625,39.0
2015-08-11T12:37:50.000000Z,6.3828125,6.37890625,2.0
2015-08-11T12:38:00.000000Z,6.3828125,6.37890625,3.0
2015-08-11T12:38:10.000000Z,6.3828125,6.37890625,2.0
2015-08-11T12:38:20.000000Z,6.3828125,6.37890625,3.0
2015-08-11T12:38:30.000000Z,6.3828125,6.3828125,39.0
2015-08-11T12:38:40.000000Z,6.3828125,6.37890625,11.0
2015-08-11T12:38:50.000000Z,6.38671875,6.37890625,46.0
2015-08-11T12:39:00.000000Z,6.3828125,6.37890625,20.0
2015-08-11T12:39:10.000000Z,6.3828125,6.37890625,20.0
2015-08-11T12:39:20.000000Z,6.3828125,6.3828125,43.0
2015-08-11T12:39:30.000000Z,6.38671875,6.3828125,45.0
2015-08-11T12:39:40.000000Z,6.3828125,6.3828125,192.0
2015-08-11T12:39:50.000000Z,6.3828125,6.3828125,126.0
2015-08-11T12:40:00.000000Z,6.3828125,6.37890625,131.0
2015-08-11T12:40:10.000000Z,6.3828125,6.3828125,139.0
2015-08-11T12:40:20.000000Z,6.3828125,6.3828125,2.0
2015-08-11T12:40:30.000000Z,6.3828125,6.3828125,2.0
2015-08-11T12:40:40.000000Z,6.3828125,6.3828125,3.0
2015-08-11T12:40:50.000000Z,6.3828125,6.3828125,36.0
2015-08-11T12:41:00.000000Z,6.3828125,6.3828125,2.0
2015-08-11T12:41:10.000000Z,6.3828125,6.3828125,1.0
2015-08-11T12:41:20.000000Z,6.3828125,6.3828125,5.0
2015-08-11T12:41:40.000000Z,6.3828125,6.3828125,2.0
2015-08-11T12:41:50.000000Z,6.3828125,6.3828125,13.0
2015-08-11T12:42:00.000000Z,6.3828125,6.3828125,12.0
2015-08-11T12:42:10.000000Z,6.3828125,6.3828125,2.0
2015-08-11T12:42:30.000000Z,6.3828125,6.3828125,11.0
2015-08-11T12:42:40.000000Z,6.3828125,6.3828125,2.0
2015-08-11T12:42:50.000000Z,6.3828125,6.3828125,18.0
2015-08-11T12:43:10.000000Z,6.3828125,6.3828125,1.0
2015-08-11T12:43:20.000000Z,6.38671875,6.3828125,7.0
2015-08-11T12:43:30.000000Z,6.3828125,6.3828125,4.0
2015-08-11T12:43:40.000000Z,6.3828125,6.3828125,1.0
2015-08-11T12:43:50.000000Z,6.3828125,6.3828125,1.0
2015-08-11T12:44:00.000000Z,6.3828125,6.3828125,1.0
2015-08-11T12:44:30.000000Z,6.38671875,6.3828125,1.0
2015-08-11T12:44:40.000000Z,6.38671875,6.3828125,1.0
2015-08-11T12:44:50.000000Z,6.3828125,6.3828125,5.0
2015-08-11T12:45:10.000000Z,6.3828125,6.3828125,4.0
2015-08-11T12:45:20.000000Z,6.3828125,6.3828125,5.0
2015-08-11T12:45:50.000000Z,6.3828125,6.3828125,33.0
2015-08-11T12:46:00.000000Z,6.3828125,6.3828125,42.0
2015-08-11T12:46:10.000000Z,6.3828125,6.37890625,133.0
2015-08-11T12:46:20.000000Z,6.3828125,6.3828125,42.0
2015-08-11T12:46:30.000000Z,6.3828125,6.3828125,4.0
2015-08-11T12:46:40.000000Z,6.3828125,6.3828125,3.0
2015-08-11T12:46:50.000000Z,6.3828125,6.37890625,2.0
2015-08-11T12:47:00.000000Z,6.3828125,6.3828125,3.0
2015-08-11T12:47:10.000000Z,6.3828125,6.3828125,3.0
2015-08-11T12:47:20.000000Z,6.3828125,6.3828125,1.0
2015-08-11T12:47:40.000000Z,6.3828125,6.3828125,1.0
2015-08-11T12:47:50.000000Z,6.3828125,6.3828125,2.0
2015-08-11T12:48:00.000000Z,6.3828125,6.3828125,17.0
2015-08-11T12:48:10.000000Z,6.3828125,6.37890625,224.0
2015-08-11T12:48:20.000000Z,6.3828125,6.3828125,250.0
2015-08-11T12:48:30.000000Z,6.3828125,6.3828125,9.0
2015-08-11T12:48:40.000000Z,6.3828125,6.3828125,17.0
2015-08-11T12:48:50.000000Z,6.3828125,6.3828125,87.0
2015-08-11T12:49:00.000000Z,6.3828125,6.3828125,7.0
2015-08-11T12:49:10.000000Z,6.3828125,6.3828125,2.0
2015-08-11T12:49:20.000000Z,6.3828125,6.3828125,1.0
2015-08-11T12:49:30.000000Z,6.3828125,6.3828125,1.0
2015-08-11T12:49:40.000000Z,6.3828125,6.3828125,26.0
2015-08-11T12:49:50.000000Z,6.3828125,6.3828125,58.0
2015-08-11T12:50:00.000000Z,6.3828125,6.3828125,10.0
2015-08-11T12:50:10.000000Z,6.3828125,6.3828125,55.0
2015-08-11T12:50:20.000000Z,6.3828125,6.3828125,11.0
2015-08-11T12:50:30.000000Z,6.3828125,6.3828125,9.0
2015-08-11T12:50:40.000000Z,6.3828125,6.3828125,21.0
2015-08-11T12:50:50.000000Z,6.3828125,6.3828125,18.0
2015-08-11T12:51:00.000000Z,6.3828125,6.3828125,10.0
2015-08-11T12:51:10.000000Z,6.3828125,6.3828125,13.0
2015-08-11T12:51:20.000000Z,6.3828125,6.3828125,24.0
2015-08-11T12:51:30.000000Z,6.3828125,6.3828125,5.0
2015-08-11T12:51:40.000000Z,6.3828125,6.3828125,3.0
2015-08-11T12:51:50.000000Z,6.3828125,6.3828125,16.0
2015-08-11T12:52:00.000000Z,6.3828125,6.3828125,62.0
2015-08-11T12:52:10.000000Z,6.3828125,6.3828125,1.0
2015-08-11T12:52:20.000000Z,6.3828125,6.3828125,4.0
2015-08-11T12:52:30.000000Z,6.3828125,6.3828125,2.0
2015-08-11T12:52:40.000000Z,6.3828125,6.3828125,23.0
2015-08-11T12:53:00.000000Z,6.3828125,6.3828125,8.0
2015-08-11T12:53:20.000000Z,6.3828125,6.3828125,4.0
2015-08-11T12:53:30.000000Z,6.3828125,6.3828125,4.0
2015-08-11T12:53:40.000000Z,6.3828125,6.3828125,1.0
2015-08-11T12:54:00.000000Z,6.3828125,6.3828125,4.0
2015-08-11T12:54:10.000000Z,6.3828125,6.3828125,15.0
2015-08-11T12:54:20.000000Z,6.3828125,6.3828125,12.0
2015-08-11T12:54:30.000000Z,6.3828125,6.3828125,56.0
2015-08-11T12:54:40.000000Z,6.3828125,6.3828125,77.0
2015-08-11T12:54:50.000000Z,6.3828125,6.3828125,22.0
2015-08-11T12:55:00.000000Z,6.3828125,6.3828125,31.0
2015-08-11T12:55:10.000000Z,6.3828125,6.3828125,26.0
2015-08-11T12:55:20.000000Z,6.3828125,6.3828125,107.0
2015-08-11T12:55:30.000000Z,6.3828125,6.3828125,54.0
2015-08-11T12:55:40.000000Z,6.3828125,6.37890625,34.0
2015-08-11T12:55:50.000000Z,6.3828125,6.3828125,19.0
2015-08-11T12:56:00.000000Z,6.3828125,6.37890625,34.0
2015-08-11T12:56:10.000000Z,6.3828125,6.37890625,2.0
2015-08-11T12:56:20.000000Z,6.3828125,6.37890625,14.0
2015-08-11T12:56:30.000000Z,6.3828125,6.37890625,11.0
2015-08-11T12:56:40.000000Z,6.3828125,6.37890625,7.0
2015-08-11T12:56:50.000000Z,6.3828125,6.37890625,2.0
2015-08-11T12:57:00.000000Z,6.3828125,6.37890625,6.0
2015-08-11T12:57:10.000000Z,6.3828125,6.37890625,1.0
2015-08-11T12:57:20.000000Z,6.3828125,6.37890625,3.0
2015-08-11T12:57:30.000000Z,6.3828125,6.37890625,11.0
2015-08-11T12:57:40.000000Z,6.3828125,6.37890625,36.0
2015-08-11T12:57:50.000000Z,6.3828125,6.3828125,32.0
2015-08-11T12:58:00.000000Z,6.3828125,6.3828125,10.0
2015-08-11T12:58:10.000000Z,6.3828125,6.3828125,4.0
2015-08-11T12:58:20.000000Z,6.3828125,6.3828125,6.0
2015-08-11T12:58:40.000000Z,6.3828125,6.3828125,9.0
2015-08-11T12:59:00.000000Z,6.3828125,6.37890625,11.0
2015-08-11T12:59:10.000000Z,6.3828125,6.37890625,2.0
2015-08-11T12:59:30.000000Z,6.3828125,6.37890625,1.0
2015-08-11T12:59:40.000000Z,6.3828125,6.3828125,25.0
2015-08-11T12:59:50.000000Z,6.3828125,6.3828125,4.0
2015-08-11T13:00:00.000000Z,6.3828125,6.3828125,1.0
2015-08-11T13:00:10.000000Z,6.3828125,6.3828125,30.0
2015-08-11T13:00:20.000000Z,6.3828125,6.3828125,14.0
2015-08-11T13:00:30.000000Z,6.3828125,6.3828125,17.0
2015-08-11T13:00:40.000000Z,6.3828125,6.3828125,13.0
2015-08-11T13:00:50.000000Z,6.3828125,6.3828125,67.0
2015-08-11T13:01:00.000000Z,6.3828125,6.3828125,41.0
2015-08-11T13:01:10.000000Z,6.3828125,6.3828125,6.0
2015-08-11T13:01:20.000000Z,6.3828125,6.3828125,1.0
2015-08-11T13:01:30.000000Z,6.3828125,6.3828125,22.0
2015-08-11T13:01:40.000000Z,6.3828125,6.3828125,13.0
2015-08-11T13:01:50.000000Z,6.3828125,6.3828125,8.0
2015-08-11T13:02:00.000000Z,6.3828125,6.3828125,1.0
2015-08-11T13:02:10.000000Z,6.3828125,6.3828125,4.0
2015-08-11T13:02:20.000000Z,6.3828125,6.3828125,21.0
2015-08-11T13:02:30.000000Z,6.3828125,6.3828125,54.0
2015-08-11T13:02:40.000000Z,6.3828125,6.3828125,15.0
2015-08-11T13:02:50.000000Z,6.3828125,6.3828125,6.0
2015-08-11T13:03:00.000000Z,6.3828125,6.3828125,6.0
2015-08-11T13:03:10.000000Z,6.3828125,6.3828125,8.0
2015-08-11T13:03:20.000000Z,6.3828125,6.3828125,8.0
2015-08-11T13:03:30.000000Z,6.3828125,6.3828125,12.0
2015-08-11T13:03:40.000000Z,6.3828125,6.3828125,24.0
2015-08-11T13:03:50.000000Z,6.3828125,6.3828125,5.0
2015-08-11T13:04:00.000000Z,6.3828125,6.3828125,1.0
2015-08-11T13:04:10.000000Z,6.3828125,6.3828125,3.0
2015-08-11T13:04:20.000000Z,6.3828125,6.3828125,3.0
2015-08-11T13:04:30.000000Z,6.3828125,6.3828125,2.0
2015-08-11T13:05:10.000000Z,6.3828125,6.3828125,2.0
2015-08-11T13:05:20.000000Z,6.3828125,6.3828125,5.0
2015-08-11T13:05:30.000000Z,6.3828125,6.3828125,2.0
2015-08-11T13:05:40.000000Z,6.3828125,6.3828125,3.0
2015-08-11T13:05:50.000000Z,6.3828125,6.3828125,1.0
2015-08-11T13:06:00.000000Z,6.3828125,6.3828125,4.0
2015-08-11T13:06:10.000000Z,6.3828125,6.3828125,3.0
2015-08-11T13:06:20.000000Z,6.3828125,6.3828125,6.0
2015-08-11T13:06:30.000000Z,6.3828125,6.3828125,4.0
2015-08-11T13:06:40.000000Z,6.3828125,6.3828125,2.0
2015-08-11T13:06:50.000000Z,6.3828125,6.3828125,1.0
2015-08-11T13:07:10.000000Z,6.3828125,6.3828125,1.0
2015-08-11T13:07:20.000000Z,6.3828125,6.3828125,2.0
2015-08-11T13:07:30.000000Z,6.3828125,6.3828125,3.0
2015-08-11T13:07:40.000000Z,6.3828125,6.3828125,5.0
2015-08-11T13:07:50.000000Z,6.3828125,6.3828125,7.0
2015-08-11T13:08:00.000000Z,6.3828125,6.3828125,3.0
2015-08-11T13:08:10.000000Z,6.3828125,6.3828125,5.0
2015-08-11T13:08:20.000000Z,6.3828125,6.3828125,1.0
2015-08-11T13:08:30.000000Z,6.3828125,6.3828125,2.0
2015-08-11T13:08:50.000000Z,6.3828125,6.3828125,11.0
2015-08-11T13:09:00.000000Z,6.3828125,6.3828125,2.0
2015-08-11T13:09:20.000000Z,6.3828125,6.3828125,2.0
2015-08-11T13:09:30.000000Z,6.3828125,6.3828125,30.0
2015-08-11T13:09:40.000000Z,6.3828125,6.3828125,4.0
2015-08-11T13:09:50.000000Z,6.3828125,6.3828125,1.0
2015-08-11T13:10:20.000000Z,6.3828125,6.3828125,5.0
2015-08-11T13:10:30.000000Z,6.3828125,6.3828125,3.0
2015-08-11T13:10:40.000000Z,6.3828125,6.3828125,1.0
2015-08-11T13:10:50.000000Z,6.3828125,6.3828125,5.0
2015-08-11T13:11:00.000000Z,6.3828125,6.3828125,1.0
2015-08-11T13:11:20.000000Z,6.3828125,6.3828125,33.0
2015-08-11T13:11:30.000000Z,6.3828125,6.3828125,41.0
2015-08-11T13:11:40.000000Z,6.3828125,6.3828125,8.0
2015-08-11T13:11:50.000000Z,6.3828125,6.3828125,2.0
2015-08-11T13:12:00.000000Z,6.3828125,6.3828125,3.0
2015-08-11T13:12:10.000000Z,6.3828125,6.3828125,5.0
2015-08-11T13:12:20.000000Z,6.3828125,6.3828125,3.0
2015-08-11T13:12:30.000000Z,6.3828125,6.3828125,5.0
2015-08-11T13:12:40.000000Z,6.3828125,6.3828125,38.0
2015-08-11T13:12:50.000000Z,6.3828125,6.3828125,15.0
2015-08-11T13:13:00.000000Z,6.3828125,6.3828125,32.0
2015-08-11T13:13:10.000000Z,6.3828125,6.3828125,52.0
2015-08-11T13:13:20.000000Z,6.3828125,6.3828125,39.0
2015-08-11T13:13:30.000000Z,6.3828125,6.3828125,19.0
2015-08-11T13:13:40.000000Z,6.3828125,6.3828125,36.0
2015-08-11T13:13:50.000000Z,6.3828125,6.3828125,16.0
2015-08-11T13:14:00.000000Z,6.3828125,6.3828125,33.0
2015-08-11T13:14:10.000000Z,6.3828125,6.3828125,11.0
2015-08-11T13:14:30.000000Z,6.3828125,6.3828125,9.0
2015-08-11T13:14:40.000000Z,6.3828125,6.3828125,1.0
2015-08-11T13:14:50.000000Z,6.3828125,6.3828125,13.0
2015-08-11T13:15:00.000000Z,6.3828125,6.3828125,8.0
2015-08-11T13:15:10.000000Z,6.3828125,6.3828125,7.0
2015-08-11T13:15:20.000000Z,6.3828125,6.3828125,1.0
2015-08-11T13:15:30.000000Z,6.3828125,6.3828125,2.0
2015-08-11T13:15:40.000000Z,6.3828125,6.3828125,1.0
2015-08-11T13:16:00.000000Z,6.3828125,6.3828125,3.0
2015-08-11T13:16:10.000000Z,6.3828125,6.3828125,13.0
2015-08-11T13:16:30.000000Z,6.3828125,6.3828125,1.0
2015-08-11T13:16:40.000000Z,6.3828125,6.3828125,21.0
2015-08-11T13:16:50.000000Z,6.3828125,6.3828125,1.0
2015-08-11T13:17:00.000000Z,6.3828125,6.3828125,1.0
2015-08-11T13:17:20.000000Z,6.3828125,6.3828125,1.0
2015-08-11T13:18:30.000000Z,6.3828125,6.3828125,4.0
2015-08-11T13:18:40.000000Z,6.3828125,6.3828125,1.0
2015-08-11T13:18:50.000000Z,6.3828125,6.3828125,4.0
2015-08-11T13:19:00.000000Z,6.3828125,6.3828125,1.0
2015-08-11T13:19:10.000000Z,6.3828125,6.3828125,2.0
2015-08-11T13:19:20.000000Z,6.3828125,6.3828125,6.0
2015-08-11T13:19:30.000000Z,6.3828125,6.3828125,11.0
2015-08-11T13:19:40.000000Z,6.3828125,6.3828125,4.0
2015-08-11T13:19:50.000000Z,6.3828125,6.3828125,28.0
2015-08-11T13:20:10.000000Z,6.3828125,6.3828125,4.0
2015-08-11T13:20:30.000000Z,6.3828125,6.3828125,1.0
2015-08-11T13:20:40.000000Z,6.3828125,6.3828125,2.0
2015-08-11T13:21:00.000000Z,6.3828125,6.3828125,7.0
2015-08-11T13:21:10.000000Z,6.3828125,6.3828125,1.0
2015-08-11T13:21:20.000000Z,6.3828125,6.3828125,2.0
2015-08-11T13:21:30.000000Z,6.3828125,6.3828125,2.0
2015-08-11T13:21:40.000000Z,6.3828125,6.3828125,7.0
2015-08-11T13:21:50.000000Z,6.3828125,6.3828125,2.0
2015-08-11T13:22:00.000000Z,6.3828125,6.3828125,2.0
2015-08-11T13:22:20.000000Z,6.3828125,6.3828125,2.0
2015-08-11T13:22:50.000000Z,6.3828125,6.3828125,2.0
2015-08-11T13:23:00.000000Z,6.3828125,6.3828125,7.0
2015-08-11T13:23:20.000000Z,6.3828125,6.3828125,3.0
2015-08-11T13:23:30.000000Z,6.3828125,6.3828125,43.0
2015-08-11T13:23:40.000000Z,6.3828125,6.3828125,50.0
2015-08-11T13:23:50.000000Z,6.3828125,6.3828125,4.0
2015-08-11T13:24:00.000000Z,6.3828125,6.3828125,22.0
2015-08-11T13:24:10.000000Z,6.3828125,6.3828125,37.0
2015-08-11T13:24:20.000000Z,6.3828125,6.3828125,24.0
2015-08-11T13:24:30.000000Z,6.3828125,6.3828125,1.0
2015-08-11T13:24:40.000000Z,6.3828125,6.3828125,14.0
2015-08-11T13:24:50.000000Z,6.3828125,6.3828125,4.0
2015-08-11T13:25:00.000000Z,6.3828125,6.3828125,22.0
2015-08-11T13:25:10.000000Z,6.3828125,6.3828125,16.0
2015-08-11T13:25:20.000000Z,6.3828125,6.3828125,47.0
2015-08-11T13:25:30.000000Z,6.3828125,6.3828125,2.0
2015-08-11T13:25:40.000000Z,6.3828125,6.3828125,5.0
2015-08-11T13:25:50.000000Z,6.3828125,6.3828125,2.0
2015-08-11T13:26:00.000000Z,6.3828125,6.3828125,3.0
2015-08-11T13:26:10.000000Z,6.3828125,6.3828125,4.0
2015-08-11T13:26:30.000000Z,6.3828125,6.3828125,8.0
2015-08-11T13:26:40.000000Z,6.3828125,6.3828125,4.0
2015-08-11T13:27:40.000000Z,6.3828125,6.3828125,4.0
2015-08-11T13:28:30.000000Z,6.3828125,6.3828125,9.0
2015-08-11T13:28:40.000000Z,6.3828125,6.3828125,4.0
2015-08-11T13:28:50.000000Z,6.3828125,6.3828125,7.0
2015-08-11T13:29:00.000000Z,6.3828125,6.3828125,8.0
2015-08-11T13:29:10.000000Z,6.3828125,6.3828125,14.0
2015-08-11T13:29:20.000000Z,6.3828125,6.3828125,13.0
2015-08-11T13:29:30.000000Z,6.3828125,6.3828125,20.0
2015-08-11T13:29:40.000000Z,6.3828125,6.3828125,5.0
2015-08-11T13:29:50.000000Z,6.3828125,6.3828125,3.0
2015-08-11T13:30:00.000000Z,6.3828125,6.3828125,11.0
2015-08-11T13:30:20.000000Z,6.3828125,6.3828125,6.0
2015-08-11T13:30:30.000000Z,6.3828125,6.3828125,6.0
2015-08-11T13:30:40.000000Z,6.3828125,6.3828125,25.0
2015-08-11T13:30:50.000000Z,6.3828125,6.3828125,3.0
2015-08-11T13:31:00.000000Z,6.3828125,6.3828125,8.0
2015-08-11T13:31:10.000000Z,6.3828125,6.3828125,17.0
2015-08-11T13:31:20.000000Z,6.3828125,6.3828125,6.0
2015-08-11T13:31:30.000000Z,6.3828125,6.3828125,23.0
2015-08-11T13:31:40.000000Z,6.3828125,6.3828125,12.0
2015-08-11T13:31:50.000000Z,6.3828125,6.3828125,2.0
2015-08-11T13:32:00.000000Z,6.3828125,6.3828125,3.0
2015-08-11T13:32:10.000000Z,6.3828125,6.3828125,5.0
2015-08-11T13:32:20.000000Z,6.3828125,6.3828125,2.0
2015-08-11T13:32:30.000000Z,6.3828125,6.3828125,3.0
2015-08-11T13:32:40.000000Z,6.3828125,6.3828125,6.0
2015-08-11T13:32:50.000000Z,6.3828125,6.3828125,2.0
2015-08-11T13:33:00.000000Z,6.3828125,6.3828125,22.0
2015-08-11T13:33:10.000000Z,6.38671875,6.3828125,51.0
2015-08-11T13:33:20.000000Z,6.38671875,6.3828125,3.0
2015-08-11T13:33:30.000000Z,6.38671875,6.3828125,5.0
2015-08-11T13:33:40.000000Z,6.38671875,6.3828125,7.0
2015-08-11T13:33:50.000000Z,6.38671875,6.3828125,6.0
2015-08-11T13:34:00.000000Z,6.38671875,6.3828125,7.0
2015-08-11T13:34:10.000000Z,6.38671875,6.3828125,13.0
2015-08-11T13:34:20.000000Z,6.38671875,6.3828125,10.0
2015-08-11T13:34:30.000000Z,6.38671875,6.3828125,7.0
2015-08-11T13:34:40.000000Z,6.38671875,6.3828125,108.0
2015-08-11T13:34:50.000000Z,6.38671875,6.3828125,7.0
2015-08-11T13:35:00.000000Z,6.38671875,6.3828125,5.0
2015-08-11T13:35:10.000000Z,6.38671875,6.3828125,10.0
2015-08-11T13:35:20.000000Z,6.38671875,6.3828125,6.0
2015-08-11T13:35:30.000000Z,6.38671875,6.3828125,9.0
2015-08-11T13:35:40.000000Z,6.38671875,6.3828125,10.0
2015-08-11T13:35:50.000000Z,6.38671875,6.3828125,6.0
2015-08-11T13:36:00.000000Z,6.38671875,6.3828125,14.0
2015-08-11T13:36:10.000000Z,6.38671875,6.3828125,2.0
2015-08-11T13:36:20.000000Z,6.38671875,6.3828125,1.0
2015-08-11T13:36:30.000000Z,6.38671875,6.3828125,3.0
2015-08-11T13:36:40.000000Z,6.38671875,6.3828125,6.0
2015-08-11T13:36:50.000000Z,6.38671875,6.3828125,13.0
2015-08-11T13:37:00.000000Z,6.38671875,6.3828125,3.0
2015-08-11T13:37:10.000000Z,6.38671875,6.3828125,28.0
2015-08-11T13:37:30.000000Z,6.38671875,6.3828125,2.0
2015-08-11T13:37:50.000000Z,6.38671875,6.3828125,1.0
2015-08-11T13:38:00.000000Z,6.38671875,6.3828125,9.0
2015-08-11T13:38:10.000000Z,6.38671875,6.38671875,6.0
2015-08-11T13:38:20.000000Z,6.38671875,6.38671875,10.0
2015-08-11T13:38:30.000000Z,6.38671875,6.38671875,3.0
2015-08-11T13:38:40.000000Z,6.38671875,6.3828125,16.0
2015-08-11T13:39:00.000000Z,6.38671875,6.38671875,6.0
2015-08-11T13:39:10.000000Z,6.38671875,6.3828125,31.0
2015-08-11T13:39:20.000000Z,6.38671875,6.38671875,37.0
2015-08-11T13:39:30.000000Z,6.38671875,6.3828125,47.0
2015-08-11T13:39:40.000000Z,6.38671875,6.3828125,16.0
2015-08-11T13:39:50.000000Z,6.38671875,6.3828125,1.0
2015-08-11T13:40:00.000000Z,6.38671875,6.3828125,13.0
2015-08-11T13:40:10.000000Z,6.38671875,6.3828125,1.0
2015-08-11T13:40:20.000000Z,6.3828125,6.3828125,5.0
2015-08-11T13:40:30.000000Z,6.3828125,6.3828125,2.0
2015-08-11T13:40:40.000000Z,6.3828125,6.3828125,5.0
2015-08-11T13:40:50.000000Z,6.3828125,6.3828125,62.0
2015-08-11T13:41:00.000000Z,6.3828125,6.3828125,1.0
2015-08-11T13:41:10.000000Z,6.3828125,6.3828125,3.0
2015-08-11T13:41:30.000000Z,6.3828125,6.3828125,1.0
2015-08-11T13:41:40.000000Z,6.38671875,6.3828125,53.0
2015-08-11T13:42:10.000000Z,6.3828125,6.3828125,4.0
2015-08-11T13:42:30.000000Z,6.3828125,6.3828125,35.0
2015-08-11T13:42:40.000000Z,6.3828125,6.3828125,48.0
2015-08-11T13:42:50.000000Z,6.3828125,6.3828125,57.0
2015-08-11T13:43:00.000000Z,6.3828125,6.3828125,57.0
2015-08-11T13:43:10.000000Z,6.38671875,6.3828125,13.0
2015-08-11T13:43:20.000000Z,6.38671875,6.3828125,32.0
2015-08-11T13:43:30.000000Z,6.38671875,6.3828125,20.0
2015-08-11T13:43:40.000000Z,6.38671875,6.3828125,16.0
2015-08-11T13:44:10.000000Z,6.3828125,6.3828125,1.0
2015-08-11T13:44:20.000000Z,6.38671875,6.3828125,14.0
2015-08-11T13:44:30.000000Z,6.38671875,6.3828125,1.0
2015-08-11T13:44:40.000000Z,6.3828125,6.3828125,4.0
2015-08-11T13:44:50.000000Z,6.3828125,6.3828125,1.0
2015-08-11T13:45:00.000000Z,6.3828125,6.3828125,2.0
2015-08-11T13:45:10.000000Z,6.3828125,6.3828125,6.0
2015-08-11T13:45:20.000000Z,6.3828125,6.3828125,27.0
2015-08-11T13:45:30.000000Z,6.3828125,6.3828125,26.0
2015-08-11T13:45:40.000000Z,6.3828125,6.3828125,5.0
2015-08-11T13:45:50.000000Z,6.3828125,6.3828125,1.0
2015-08-11T13:46:00.000000Z,6.3828125,6.3828125,2.0
2015-08-11T13:46:10.000000Z,6.3828125,6.3828125,6.0
2015-08-11T13:46:20.000000Z,6.3828125,6.3828125,1.0
2015-08-11T13:46:30.000000Z,6.3828125,6.3828125,5.0
2015-08-11T13:46:40.000000Z,6.3828125,6.3828125,1.0
2015-08-11T13:46:50.000000Z,6.3828125,6.3828125,5.0
2015-08-11T13:47:00.000000Z,6.3828125,6.3828125,6.0
2015-08-11T13:47:10.000000Z,6.3828125,6.3828125,15.0
2015-08-11T13:47:30.000000Z,6.3828125,6.3828125,16.0
2015-08-11T13:47:40.000000Z,6.3828125,6.3828125,2.0
2015-08-11T13:47:50.000000Z,6.3828125,6.3828125,7.0
2015-08-11T13:48:00.000000Z,6.3828125,6.3828125,1.0
2015-08-11T13:48:10.000000Z,6.3828125,6.3828125,20.0
2015-08-11T13:48:20.000000Z,6.3828125,6.3828125,8.0
2015-08-11T13:48:30.000000Z,6.3828125,6.3828125,2.0
2015-08-11T13:48:40.000000Z,6.3828125,6.3828125,2.0
2015-08-11T13:48:50.000000Z,6.3828125,6.3828125,8.0
2015-08-11T13:49:00.000000Z,6.38671875,6.3828125,13.0
2015-08-11T13:49:10.000000Z,6.3828125,6.3828125,49.0
2015-08-11T13:49:20.000000Z,6.3828125,6.3828125,9.0
2015-08-11T13:49:30.000000Z,6.38671875,6.3828125,5.0
2015-08-11T13:49:40.000000Z,6.38671875,6.3828125,5.0
2015-08-11T13:49:50.000000Z,6.38671875,6.3828125,3.0
2015-08-11T13:50:00.000000Z,6.38671875,6.3828125,14.0
2015-08-11T13:50:10.000000Z,6.38671875,6.3828125,34.0
2015-08-11T13:50:20.000000Z,6.38671875,6.3828125,3.0
2015-08-11T13:50:40.000000Z,6.38671875,6.3828125,19.0
2015-08-11T13:50:50.000000Z,6.38671875,6.3828125,1.0
2015-08-11T13:51:10.000000Z,6.38671875,6.3828125,61.0
2015-08-11T13:51:20.000000Z,6.38671875,6.3828125,6.0
2015-08-11T13:51:30.000000Z,6.38671875,6.3828125,1.0
2015-08-11T13:51:40.000000Z,6.38671875,6.3828125,34.0
2015-08-11T13:51:50.000000Z,6.38671875,6.3828125,4.0
2015-08-11T13:52:10.000000Z,6.38671875,6.3828125,52.0
2015-08-11T13:52:20.000000Z,6.38671875,6.3828125,11.0
2015-08-11T13:52:30.000000Z,6.38671875,6.3828125,1.0
2015-08-11T13:52:40.000000Z,6.38671875,6.3828125,2.0
2015-08-11T13:52:50.000000Z,6.38671875,6.3828125,3.0
2015-08-11T13:53:00.000000Z,6.38671875,6.38671875,38.0
2015-08-11T13:53:10.000000Z,6.38671875,6.3828125,9.0
2015-08-11T13:53:20.000000Z,6.38671875,6.38671875,4.0
2015-08-11T13:53:30.000000Z,6.38671875,6.38671875,1.0
2015-08-11T13:53:40.000000Z,6.38671875,6.38671875,34.0
2015-08-11T13:53:50.000000Z,6.38671875,6.38671875,24.0
2015-08-11T13:54:00.000000Z,6.38671875,6.38671875,9.0
2015-08-11T13:54:10.000000Z,6.38671875,6.38671875,44.0
2015-08-11T13:54:20.000000Z,6.38671875,6.38671875,3.0
2015-08-11T13:54:30.000000Z,6.38671875,6.38671875,3.0
2015-08-11T13:54:40.000000Z,6.38671875,6.38671875,3.0
2015-08-11T13:54:50.000000Z,6.38671875,6.38671875,14.0
2015-08-11T13:55:00.000000Z,6.38671875,6.38671875,28.0
2015-08-11T13:55:10.000000Z,6.38671875,6.38671875,17.0
2015-08-11T13:55:20.000000Z,6.390625,6.38671875,29.0
2015-08-11T13:55:30.000000Z,6.390625,6.38671875,4.0
2015-08-11T13:55:40.000000Z,6.390625,6.38671875,59.0
2015-08-11T13:55:50.000000Z,6.390625,6.38671875,14.0
2015-08-11T13:56:00.000000Z,6.390625,6.38671875,26.0
2015-08-11T13:56:10.000000Z,6.390625,6.38671875,2.0
2015-08-11T13:56:20.000000Z,6.390625,6.38671875,3.0
2015-08-11T13:56:30.000000Z,6.390625,6.390625,75.0
2015-08-11T13:56:40.000000Z,6.390625,6.390625,4.0
2015-08-11T13:56:50.000000Z,6.390625,6.390625,1.0
2015-08-11T13:57:00.000000Z,6.390625,6.390625,20.0
2015-08-11T13:57:10.000000Z,6.390625,6.390625,3.0
2015-08-11T13:57:20.000000Z,6.390625,6.390625,10.0
2015-08-11T13:57:30.000000Z,6.390625,6.390625,3.0
2015-08-11T13:57:40.000000Z,6.390625,6.390625,2.0
2015-08-11T13:57:50.000000Z,6.390625,6.390625,6.0
2015-08-11T13:58:00.000000Z,6.390625,6.390625,50.0
2015-08-11T13:58:10.000000Z,6.390625,6.390625,59.0
2015-08-11T13:58:20.000000Z,6.390625,6.390625,100.0
2015-08-11T13:58:30.000000Z,6.390625,6.390625,98.0
2015-08-11T13:58:40.000000Z,6.390625,6.390625,77.0
2015-08-11T13:58:50.000000Z,6.390625,6.390625,13.0
2015-08-11T13:59:00.000000Z,6.390625,6.390625,11.0
2015-08-11T13:59:10.000000Z,6.390625,6.390625,46.0
2015-08-11T13:59:20.000000Z,6.390625,6.390625,17.0
2015-08-11T13:59:30.000000Z,6.390625,6.390625,1.0
2015-08-11T13:59:40.000000Z,6.390625,6.390625,12.0
2015-08-11T13:59:50.000000Z,6.390625,6.390625,16.0
2015-08-11T14:00:00.000000Z,6.390625,6.390625,11.0
2015-08-11T14:00:10.000000Z,6.390625,6.390625,34.0
2015-08-11T14:00:20.000000Z,6.390625,6.390625,1.0
2015-08-11T14:00:30.000000Z,6.390625,6.390625,5.0
2015-08-11T14:00:40.000000Z,6.390625,6.390625,1.0
2015-08-11T14:00:50.000000Z,6.390625,6.390625,2.0
2015-08-11T14:01:00.000000Z,6.390625,6.390625,5.0
2015-08-11T14:01:10.000000Z,6.390625,6.390625,1.0
2015-08-11T14:01:20.000000Z,6.390625,6.390625,10.0
2015-08-11T14:01:30.000000Z,6.390625,6.390625,36.0
2015-08-11T14:01:50.000000Z,6.390625,6.390625,1.0
2015-08-11T14:02:00.000000Z,6.390625,6.390625,16.0
2015-08-11T14:02:10.000000Z,6.390625,6.390625,3.0
2015-08-11T14:02:20.000000Z,6.39453125,6.390625,22.0
2015-08-11T14:02:30.000000Z,6.390625,6.390625,26.0
2015-08-11T14:02:40.000000Z,6.390625,6.390625,4.0
2015-08-11T14:02:50.000000Z,6.390625,6.390625,4.0
2015-08-11T14:03:00.000000Z,6.390625,6.390625,7.0
2015-08-11T14:03:10.000000Z,6.390625,6.390625,9.0
2015-08-11T14:03:20.000000Z,6.390625,6.390625,2.0
2015-08-11T14:03:30.000000Z,6.390625,6.390625,4.0
2015-08-11T14:03:40.000000Z,6.390625,6.390625,10.0
2015-08-11T14:03:50.000000Z,6.390625,6.390625,28.0
2015-08-11T14:04:00.000000Z,6.390625,6.390625,36.0
2015-08-11T14:04:10.000000Z,6.390625,6.390625,9.0
2015-08-11T14:04:30.000000Z,6.390625,6.390625,15.0
2015-08-11T14:04:40.000000Z,6.390625,6.390625,12.0
2015-08-11T14:04:50.000000Z,6.390625,6.390625,1.0
2015-08-11T14:05:00.000000Z,6.390625,6.390625,3.0
2015-08-11T14:05:10.000000Z,6.390625,6.390625,15.0
2015-08-11T14:05:20.000000Z,6.390625,6.390625,8.0
2015-08-11T14:05:30.000000Z,6.390625,6.390625,1.0
2015-08-11T14:05:40.000000Z,6.390625,6.390625,1.0
2015-08-11T14:05:50.000000Z,6.390625,6.390625,5.0
2015-08-11T14:06:10.000000Z,6.390625,6.390625,2.0
2015-08-11T14:06:20.000000Z,6.390625,6.390625,2.0
2015-08-11T14:06:30.000000Z,6.390625,6.390625,1.0
2015-08-11T14:06:50.000000Z,6.390625,6.390625,1.0
2015-08-11T14:07:10.000000Z,6.390625,6.390625,12.0
2015-08-11T14:07:20.000000Z,6.390625,6.390625,1.0
2015-08-11T14:07:30.000000Z,6.390625,6.390625,2.0
2015-08-11T14:07:40.000000Z,6.390625,6.390625,2.0
2015-08-11T14:07:50.000000Z,6.390625,6.390625,1.0
2015-08-11T14:08:00.000000Z,6.390625,6.390625,2.0
2015-08-11T14:08:10.000000Z,6.390625,6.390625,2.0
2015-08-11T14:08:20.000000Z,6.390625,6.390625,3.0
2015-08-11T14:08:30.000000Z,6.390625,6.390625,3.0
2015-08-11T14:08:40.000000Z,6.390625,6.390625,4.0
2015-08-11T14:08:50.000000Z,6.390625,6.390625,3.0
2015-08-11T14:09:10.000000Z,6.390625,6.390625,1.0
2015-08-11T14:09:20.000000Z,6.390625,6.390625,3.0
2015-08-11T14:09:30.000000Z,6.390625,6.390625,2.0
2015-08-11T14:09:40.000000Z,6.390625,6.390625,1.0
2015-08-11T14:09:50.000000Z,6.39453125,6.390625,23.0
2015-08-11T14:10:00.000000Z,6.39453125,6.390625,53.0
2015-08-11T14:10:10.000000Z,6.39453125,6.390625,2.0
2015-08-11T14:10:20.000000Z,6.39453125,6.390625,1.0
2015-08-11T14:10:30.000000Z,6.39453125,6.390625,4.0
2015-08-11T14:10:50.000000Z,6.39453125,6.390625,1.0
2015-08-11T14:11:00.000000Z,6.39453125,6.390625,14.0
2015-08-11T14:11:10.000000Z,6.39453125,6.390625,1.0
2015-08-11T14:11:20.000000Z,6.39453125,6.390625,2.0
2015-08-11T14:11:30.000000Z,6.39453125,6.390625,14.0
2015-08-11T14:11:40.000000Z,6.39453125,6.390625,8.0
2015-08-11T14:11:50.000000Z,6.39453125,6.390625,4.0
2015-08-11T14:12:00.000000Z,6.39453125,6.390625,3.0
2015-08-11T14:12:10.000000Z,6.39453125,6.390625,4.0
2015-08-11T14:12:20.000000Z,6.39453125,6.390625,10.0
2015-08-11T14:12:30.000000Z,6.39453125,6.390625,17.0
2015-08-11T14:12:40.000000Z,6.39453125,6.390625,13.0
2015-08-11T14:12:50.000000Z,6.39453125,6.390625,16.0
2015-08-11T14:13:00.000000Z,6.39453125,6.390625,3.0
2015-08-11T14:13:10.000000Z,6.39453125,6.390625,3.0
2015-08-11T14:13:20.000000Z,6.39453125,6.390625,1.0
2015-08-11T14:13:30.000000Z,6.39453125,6.390625,2.0
2015-08-11T14:13:40.000000Z,6.39453125,6.390625,1.0
2015-08-11T14:13:50.000000Z,6.39453125,6.39453125,81.0
2015-08-11T14:14:00.000000Z,6.39453125,6.39453125,1.0
2015-08-11T14:14:10.000000Z,6.39453125,6.39453125,3.0
2015-08-11T14:14:30.000000Z,6.39453125,6.39453125,3.0
2015-08-11T14:14:40.000000Z,6.39453125,6.39453125,5.0
2015-08-11T14:14:50.000000Z,6.39453125,6.39453125,1.0
2015-08-11T14:15:00.000000Z,6.39453125,6.39453125,6.0
2015-08-11T14:15:10.000000Z,6.39453125,6.39453125,2.0
2015-08-11T14:15:20.000000Z,6.39453125,6.39453125,1.0
2015-08-11T14:15:30.000000Z,6.39453125,6.39453125,1.0
2015-08-11T14:15:40.000000Z,6.39453125,6.39453125,3.0
2015-08-11T14:15:50.000000Z,6.39453125,6.39453125,4.0
2015-08-11T14:16:00.000000Z,6.39453125,6.39453125,17.0
2015-08-11T14:16:10.000000Z,6.39453125,6.390625,23.0
2015-08-11T14:16:20.000000Z,6.39453125,6.39453125,7.0
2015-08-11T14:16:30.000000Z,6.39453125,6.39453125,55.0
2015-08-11T14:16:40.000000Z,6.39453125,6.39453125,6.0
2015-08-11T14:16:50.000000Z,6.39453125,6.39453125,12.0
2015-08-11T14:17:00.000000Z,6.39453125,6.39453125,6.0
2015-08-11T14:17:10.000000Z,6.39453125,6.39453125,4.0
2015-08-11T14:17:30.000000Z,6.39453125,6.39453125,1.0
2015-08-11T14:17:40.000000Z,6.39453125,6.39453125,2.0
2015-08-11T14:17:50.000000Z,6.39453125,6.39453125,1.0
2015-08-11T14:18:00.000000Z,6.39453125,6.39453125,2.0
2015-08-11T14:18:10.000000Z,6.39453125,6.39453125,3.0
2015-08-11T14:18:20.000000Z,6.39453125,6.39453125,7.0
2015-08-11T14:18:30.000000Z,6.39453125,6.39453125,9.0
2015-08-11T14:18:50.000000Z,6.39453125,6.39453125,6.0
2015-08-11T14:19:00.000000Z,6.39453125,6.39453125,6.0
2015-08-11T14:19:10.000000Z,6.39453125,6.39453125,7.0
2015-08-11T14:19:20.000000Z,6.39453125,6.39453125,10.0
2015-08-11T14:19:30.000000Z,6.39453125,6.39453125,7.0
2015-08-11T14:19:40.000000Z,6.39453125,6.39453125,7.0
2015-08-11T14:19:50.000000Z,6.39453125,6.39453125,3.0
2015-08-11T14:20:00.000000Z,6.39453125,6.39453125,1.0
2015-08-11T14:20:10.000000Z,6.39453125,6.39453125,4.0
2015-08-11T14:20:20.000000Z,6.39453125,6.39453125,2.0
2015-08-11T14:20:30.000000Z,6.39453125,6.39453125,17.0
2015-08-11T14:20:40.000000Z,6.39453125,6.39453125,1.0
2015-08-11T14:20:50.000000Z,6.39453125,6.39453125,31.0
2015-08-11T14:21:00.000000Z,6.39453125,6.39453125,39.0
2015-08-11T14:21:10.000000Z,6.39453125,6.39453125,37.0
2015-08-11T14:21:20.000000Z,6.39453125,6.39453125,19.0
2015-08-11T14:21:30.000000Z,6.39453125,6.39453125,36.0
2015-08-11T14:21:40.000000Z,6.39453125,6.39453125,29.0
2015-08-11T14:21:50.000000Z,6.39453125,6.39453125,38.0
2015-08-11T14:22:00.000000Z,6.39453125,6.39453125,14.0
2015-08-11T14:22:10.000000Z,6.39453125,6.39453125,2.0
2015-08-11T14:22:20.000000Z,6.39453125,6.39453125,34.0
2015-08-11T14:22:30.000000Z,6.3984375,6.39453125,25.0
2015-08-11T14:22:40.000000Z,6.3984375,6.39453125,55.0
2015-08-11T14:22:50.000000Z,6.3984375,6.39453125,15.0
2015-08-11T14:23:00.000000Z,6.3984375,6.39453125,7.0
2015-08-11T14:23:10.000000Z,6.3984375,6.39453125,5.0
2015-08-11T14:23:20.000000Z,6.3984375,6.39453125,52.0
2015-08-11T14:23:30.000000Z,6.3984375,6.39453125,14.0
2015-08-11T14:23:40.000000Z,6.3984375,6.39453125,16.0
2015-08-11T14:23:50.000000Z,6.3984375,6.39453125,19.0
2015-08-11T14:24:00.000000Z,6.3984375,6.39453125,1.0
2015-08-11T14:24:10.000000Z,6.3984375,6.3984375,7.0
2015-08-11T14:24:20.000000Z,6.3984375,6.39453125,5.0
2015-08-11T14:24:30.000000Z,6.3984375,6.39453125,5.0
2015-08-11T14:24:40.000000Z,6.3984375,6.39453125,1.0
2015-08-11T14:24:50.000000Z,6.3984375,6.39453125,5.0
2015-08-11T14:25:00.000000Z,6.3984375,6.39453125,3.0
2015-08-11T14:25:10.000000Z,6.3984375,6.39453125,2.0
2015-08-11T14:25:20.000000Z,6.3984375,6.39453125,14.0
2015-08-11T14:25:30.000000Z,6.3984375,6.3984375,15.0
2015-08-11T14:25:40.000000Z,6.3984375,6.3984375,3.0
2015-08-11T14:25:50.000000Z,6.3984375,6.3984375,1.0
2015-08-11T14:26:10.000000Z,6.3984375,6.3984375,1.0
2015-08-11T14:26:20.000000Z,6.3984375,6.3984375,2.0
2015-08-11T14:26:30.000000Z,6.3984375,6.3984375,1.0
2015-08-11T14:26:50.000000Z,6.3984375,6.3984375,1.0
2015-08-11T14:27:00.000000Z,6.3984375,6.3984375,10.0
2015-08-11T14:27:10.000000Z,6.3984375,6.3984375,9.0
2015-08-11T14:27:20.000000Z,6.3984375,6.3984375,15.0
2015-08-11T14:27:30.000000Z,6.3984375,6.3984375,8.0
2015-08-11T14:27:40.000000Z,6.3984375,6.3984375,8.0
2015-08-11T14:27:50.000000Z,6.3984375,6.3984375,10.0
2015-08-11T14:28:00.000000Z,6.3984375,6.3984375,25.0
2015-08-11T14:28:10.000000Z,6.3984375,6.3984375,4.0
2015-08-11T14:28:20.000000Z,6.3984375,6.3984375,2.0
2015-08-11T14:28:30.000000Z,6.3984375,6.3984375,2.0
2015-08-11T14:28:40.000000Z,6.3984375,6.3984375,2.0
2015-08-11T14:29:00.000000Z,6.3984375,6.3984375,2.0
2015-08-11T14:29:20.000000Z,6.3984375,6.3984375,12.0
2015-08-11T14:29:40.000000Z,6.3984375,6.3984375,2.0
2015-08-11T14:30:00.000000Z,6.3984375,6.3984375,2.0
2015-08-11T14:30:10.000000Z,6.3984375,6.3984375,1.0
2015-08-11T14:30:20.000000Z,6.3984375,6.3984375,8.0
2015-08-11T14:30:30.000000Z,6.3984375,6.3984375,10.0
2015-08-11T14:30:40.000000Z,6.3984375,6.3984375,2.0
2015-08-11T14:30:50.000000Z,6.40234375,6.3984375,20.0
2015-08-11T14:31:00.000000Z,6.3984375,6.3984375,30.0
2015-08-11T14:31:10.000000Z,6.3984375,6.3984375,14.0
2015-08-11T14:31:20.000000Z,6.3984375,6.3984375,63.0
2015-08-11T14:31:30.000000Z,6.3984375,6.3984375,8.0
2015-08-11T14:31:50.000000Z,6.3984375,6.3984375,58.0
2015-08-11T14:32:00.000000Z,6.40234375,6.3984375,36.0
2015-08-11T14:32:10.000000Z,6.40234375,6.3984375,31.0
2015-08-11T14:32:20.000000Z,6.40234375,6.40234375,78.0
2015-08-11T14:32:30.000000Z,6.40625,6.40234375,63.0
2015-08-11T14:32:40.000000Z,6.40234375,6.40234375,47.0
2015-08-11T14:32:50.000000Z,6.40234375,6.40234375,19.0
2015-08-11T14:33:00.000000Z,6.40234375,6.40234375,24.0
2015-08-11T14:33:10.000000Z,6.40234375,6.40234375,49.0
2015-08-11T14:33:20.000000Z,6.40625,6.40234375,83.0
2015-08-11T14:33:30.000000Z,6.41015625,6.40625,94.0
2015-08-11T14:33:40.000000Z,6.41015625,6.40625,21.0
2015-08-11T14:33:50.000000Z,6.4140625,6.40625,45.0
2015-08-11T14:34:00.000000Z,6.40625,6.40625,94.0
2015-08-11T14:34:10.000000Z,6.40625,6.40625,58.0
2015-08-11T14:34:20.000000Z,6.40625,6.40625,67.0
2015-08-11T14:34:30.000000Z,6.41015625,6.40625,102.0
2015-08-11T14:34:40.000000Z,6.41015625,6.40625,5.0
2015-08-11T14:34:50.000000Z,6.41015625,6.40625,19.0
2015-08-11T14:35:00.000000Z,6.41015625,6.40625,22.0
2015-08-11T14:35:20.000000Z,6.41015625,6.40625,3.0
2015-08-11T14:35:30.000000Z,6.41015625,6.40625,15.0
2015-08-11T14:35:40.000000Z,6.41015625,6.40625,60.0
2015-08-11T14:35:50.000000Z,6.41015625,6.40625,9.0
2015-08-11T14:36:00.000000Z,6.4140625,6.41015625,131.0
2015-08-11T14:36:10.000000Z,6.41796875,6.40625,80.0
2015-08-11T14:36:20.000000Z,6.4140625,6.4140625,113.0
2015-08-11T14:36:30.000000Z,6.421875,6.4140625,157.0
2015-08-11T14:36:40.000000Z,6.41796875,6.41796875,85.0
2015-08-11T14:36:50.000000Z,6.421875,6.41796875,163.0
2015-08-11T14:37:00.000000Z,6.42578125,6.41796875,90.0
2015-08-11T14:37:10.000000Z,6.421875,6.41796875,98.0
2015-08-11T14:37:20.000000Z,6.43359375,6.42578125,155.0
2015-08-11T14:37:30.000000Z,6.43359375,6.4296875,106.0
2015-08-11T14:37:40.000000Z,6.43359375,6.4296875,90.0
2015-08-11T14:37:50.000000Z,6.44140625,6.4296875,80.0
2015-08-11T14:38:00.000000Z,6.4375,6.4296875,123.0
2015-08-11T14:38:10.000000Z,6.4375,6.43359375,36.0
2015-08-11T14:38:20.000000Z,6.43359375,6.4296875,65.0
2015-08-11T14:38:30.000000Z,6.43359375,6.4296875,131.0
2015-08-11T14:38:40.000000Z,6.4375,6.4296875,99.0
2015-08-11T14:38:50.000000Z,6.43359375,6.4296875,59.0
2015-08-11T14:39:00.000000Z,6.43359375,6.4296875,93.0
2015-08-11T14:39:10.000000Z,6.4296875,6.4296875,81.0
2015-08-11T14:39:20.000000Z,6.4296875,6.4296875,18.0
2015-08-11T14:39:30.000000Z,6.43359375,6.4296875,84.0
2015-08-11T14:39:40.000000Z,6.43359375,6.4296875,55.0
2015-08-11T14:39:50.000000Z,6.43359375,6.4296875,98.0
2015-08-11T14:40:00.000000Z,6.43359375,6.4296875,79.0
2015-08-11T14:40:10.000000Z,6.43359375,6.4296875,95.0
2015-08-11T14:40:20.000000Z,6.4296875,6.4296875,63.0
2015-08-11T14:40:30.000000Z,6.4296875,6.4296875,99.0
2015-08-11T14:40:40.000000Z,6.4296875,6.42578125,60.0
2015-08-11T14:40:50.000000Z,6.42578125,6.42578125,61.0
2015-08-11T14:41:00.000000Z,6.42578125,6.42578125,6.0
2015-08-11T14:41:10.000000Z,6.42578125,6.42578125,12.0
2015-08-11T14:41:20.000000Z,6.42578125,6.42578125,32.0
2015-08-11T14:41:30.000000Z,6.42578125,6.42578125,4.0
2015-08-11T14:41:40.000000Z,6.42578125,6.42578125,3.0
2015-08-11T14:41:50.000000Z,6.42578125,6.42578125,20.0
2015-08-11T14:42:00.000000Z,6.42578125,6.421875,30.0
2015-08-11T14:42:10.000000Z,6.42578125,6.421875,20.0
2015-08-11T14:42:20.000000Z,6.42578125,6.421875,8.0
2015-08-11T14:42:30.000000Z,6.42578125,6.421875,13.0
2015-08-11T14:42:40.000000Z,6.42578125,6.421875,4.0
2015-08-11T14:42:50.000000Z,6.42578125,6.421875,39.0
2015-08-11T14:43:00.000000Z,6.421875,6.421875,68.0
2015-08-11T14:43:10.000000Z,6.42578125,6.421875,71.0
2015-08-11T14:43:20.000000Z,6.42578125,6.421875,53.0
2015-08-11T14:43:30.000000Z,6.421875,6.421875,57.0
2015-08-11T14:43:40.000000Z,6.421875,6.41796875,101.0
2015-08-11T14:43:50.000000Z,6.421875,6.4140625,47.0
2015-08-11T14:44:00.000000Z,6.421875,6.41796875,50.0
2015-08-11T14:44:10.000000Z,6.421875,6.41796875,86.0
2015-08-11T14:44:20.000000Z,6.421875,6.41796875,84.0
2015-08-11T14:44:30.000000Z,6.421875,6.41796875,66.0
2015-08-11T14:44:40.000000Z,6.421875,6.41796875,66.0
2015-08-11T14:44:50.000000Z,6.421875,6.41796875,77.0
2015-08-11T14:45:00.000000Z,6.421875,6.41796875,23.0
2015-08-11T14:45:10.000000Z,6.421875,6.41796875,20.0
2015-08-11T14:45:20.000000Z,6.421875,6.41796875,19.0
2015-08-11T14:45:30.000000Z,6.41796875,6.41796875,77.0
2015-08-11T14:45:40.000000Z,6.41796875,6.41796875,88.0
2015-08-11T14:45:50.000000Z,6.41796875,6.41796875,7.0
2015-08-11T14:46:00.000000Z,6.41796875,6.41796875,2.0
2015-08-11T14:46:10.000000Z,6.41796875,6.41796875,2.0
2015-08-11T14:46:20.000000Z,6.41796875,6.41796875,61.0
2015-08-11T14:46:30.000000Z,6.421875,6.41796875,59.0
2015-08-11T14:46:40.000000Z,6.41796875,6.41796875,2.0
2015-08-11T14:46:50.000000Z,6.421875,6.41796875,9.0
2015-08-11T14:47:00.000000Z,6.421875,6.41796875,18.0
2015-08-11T14:47:10.000000Z,6.421875,6.41796875,6.0
2015-08-11T14:47:20.000000Z,6.41796875,6.41796875,24.0
2015-08-11T14:47:30.000000Z,6.41796875,6.41796875,13.0
2015-08-11T14:47:40.000000Z,6.41796875,6.41796875,9.0
2015-08-11T14:47:50.000000Z,6.41796875,6.41796875,2.0
2015-08-11T14:48:00.000000Z,6.41796875,6.41796875,55.0
2015-08-11T14:48:10.000000Z,6.41796875,6.41796875,12.0
2015-08-11T14:48:20.000000Z,6.41796875,6.41796875,14.0
2015-08-11T14:48:30.000000Z,6.41796875,6.41796875,6.0
2015-08-11T14:48:40.000000Z,6.41796875,6.41796875,8.0
2015-08-11T14:48:50.000000Z,6.41796875,6.41796875,45.0
2015-08-11T14:49:00.000000Z,6.41796875,6.41796875,85.0
2015-08-11T14:49:10.000000Z,6.41796875,6.41796875,28.0
2015-08-11T14:49:20.000000Z,6.41796875,6.41796875,35.0
2015-08-11T14:49:30.000000Z,6.41796875,6.41796875,52.0
2015-08-11T14:49:40.000000Z,6.41796875,6.41796875,14.0
2015-08-11T14:49:50.000000Z,6.41796875,6.41796875,1.0
2015-08-11T14:50:00.000000Z,6.41796875,6.41796875,1.0
2015-08-11T14:50:10.000000Z,6.41796875,6.41796875,4.0
2015-08-11T14:50:20.000000Z,6.41796875,6.41796875,35.0
2015-08-11T14:50:30.000000Z,6.41796875,6.41796875,18.0
2015-08-11T14:50:40.000000Z,6.41796875,6.41796875,46.0
2015-08-11T14:50:50.000000Z,6.41796875,6.41796875,40.0
2015-08-11T14:51:10.000000Z,6.41796875,6.41796875,3.0
2015-08-11T14:51:20.000000Z,6.41796875,6.41796875,5.0
2015-08-11T14:51:30.000000Z,6.41796875,6.41796875,5.0
2015-08-11T14:51:40.000000Z,6.41796875,6.41796875,10.0
2015-08-11T14:51:50.000000Z,6.41796875,6.41796875,1.0
2015-08-11T14:52:00.000000Z,6.41796875,6.41796875,3.0
2015-08-11T14:52:10.000000Z,6.41796875,6.41796875,1.0
2015-08-11T14:52:30.000000Z,6.41796875,6.41796875,22.0
2015-08-11T14:52:40.000000Z,6.41796875,6.41796875,18.0
2015-08-11T14:52:50.000000Z,6.41796875,6.41796875,4.0
2015-08-11T14:53:00.000000Z,6.41796875,6.41796875,11.0
2015-08-11T14:53:10.000000Z,6.41796875,6.41796875,2.0
2015-08-11T14:53:20.000000Z,6.41796875,6.41796875,14.0
2015-08-11T14:53:30.000000Z,6.41796875,6.41796875,5.0
2015-08-11T14:53:40.000000Z,6.41796875,6.41796875,3.0
2015-08-11T14:53:50.000000Z,6.41796875,6.41796875,3.0
2015-08-11T14:54:00.000000Z,6.41796875,6.41796875,1.0
2015-08-11T14:54:10.000000Z,6.421875,6.41796875,27.0
2015-08-11T14:54:20.000000Z,6.421875,6.41796875,7.0
2015-08-11T14:54:30.000000Z,6.421875,6.41796875,10.0
2015-08-11T14:54:40.000000Z,6.421875,6.421875,25.0
2015-08-11T14:54:50.000000Z,6.421875,6.421875,4.0
2015-08-11T14:55:00.000000Z,6.421875,6.421875,28.0
2015-08-11T14:55:10.000000Z,6.421875,6.421875,9.0
2015-08-11T14:55:20.000000Z,6.421875,6.421875,10.0
2015-08-11T14:55:30.000000Z,6.421875,6.421875,2.0
2015-08-11T14:55:40.000000Z,6.421875,6.421875,20.0
2015-08-11T14:55:50.000000Z,6.421875,6.421875,28.0
2015-08-11T14:56:00.000000Z,6.421875,6.421875,67.0
2015-08-11T14:56:20.000000Z,6.421875,6.421875,27.0
2015-08-11T14:56:30.000000Z,6.42578125,6.421875,43.0
2015-08-11T14:56:40.000000Z,6.42578125,6.421875,27.0
2015-08-11T14:56:50.000000Z,6.42578125,6.421875,13.0
2015-08-11T14:57:10.000000Z,6.421875,6.421875,8.0
2015-08-11T14:57:20.000000Z,6.42578125,6.42578125,72.0
2015-08-11T14:57:30.000000Z,6.42578125,6.42578125,22.0
2015-08-11T14:57:40.000000Z,6.42578125,6.42578125,33.0
2015-08-11T14:57:50.000000Z,6.42578125,6.42578125,8.0
2015-08-11T14:58:00.000000Z,6.4296875,6.42578125,41.0
2015-08-11T14:58:10.000000Z,6.4296875,6.42578125,4.0
2015-08-11T14:58:20.000000Z,6.4296875,6.42578125,45.0
2015-08-11T14:58:30.000000Z,6.4296875,6.42578125,57.0
2015-08-11T14:58:40.000000Z,6.4296875,6.42578125,66.0
2015-08-11T14:58:50.000000Z,6.4296875,6.4296875,9.0
2015-08-11T14:59:00.000000Z,6.4296875,6.4296875,4.0
2015-08-11T14:59:10.000000Z,6.4296875,6.4296875,8.0
2015-08-11T14:59:20.000000Z,6.4296875,6.4296875,16.0
2015-08-11T14:59:30.000000Z,6.4296875,6.4296875,2.0
2015-08-11T14:59:40.000000Z,6.4296875,6.4296875,11.0
2015-08-11T14:59:50.000000Z,6.4296875,6.4296875,1.0
2015-08-11T15:00:00.000000Z,6.4296875,6.4296875,13.0
2015-08-11T15:00:10.000000Z,6.4296875,6.4296875,31.0
2015-08-11T15:00:20.000000Z,6.4296875,6.4296875,13.0
2015-08-11T15:00:30.000000Z,6.4296875,6.4296875,1.0
2015-08-11T15:00:40.000000Z,6.4296875,6.4296875,17.0
2015-08-11T15:00:50.000000Z,6.4296875,6.4296875,39.0
2015-08-11T15:01:00.000000Z,6.4296875,6.4296875,5.0
2015-08-11T15:01:10.000000Z,6.4296875,6.4296875,4.0
2015-08-11T15:01:20.000000Z,6.4296875,6.4296875,7.0
2015-08-11T15:01:30.000000Z,6.4296875,6.4296875,14.0
2015-08-11T15:01:40.000000Z,6.4296875,6.4296875,3.0
2015-08-11T15:01:50.000000Z,6.4296875,6.4296875,6.0
2015-08-11T15:02:10.000000Z,6.4296875,6.4296875,4.0
2015-08-11T15:02:20.000000Z,6.4296875,6.4296875,35.0
2015-08-11T15:02:30.000000Z,6.4296875,6.4296875,10.0
2015-08-11T15:02:40.000000Z,6.4296875,6.4296875,1.0
2015-08-11T15:02:50.000000Z,6.4296875,6.4296875,25.0
2015-08-11T15:03:00.000000Z,6.4296875,6.4296875,8.0
2015-08-11T15:03:10.000000Z,6.4296875,6.4296875,2.0
2015-08-11T15:03:20.000000Z,6.4296875,6.4296875,2.0
2015-08-11T15:03:30.000000Z,6.4296875,6.4296875,11.0
2015-08-11T15:03:40.000000Z,6.4296875,6.42578125,65.0
2015-08-11T15:03:50.000000Z,6.4296875,6.42578125,27.0
2015-08-11T15:04:00.000000Z,6.4296875,6.42578125,32.0
2015-08-11T15:04:10.000000Z,6.42578125,6.42578125,2.0
2015-08-11T15:04:20.000000Z,6.42578125,6.42578125,5.0
2015-08-11T15:04:30.000000Z,6.4296875,6.42578125,10.0
2015-08-11T15:04:40.000000Z,6.42578125,6.42578125,37.0
2015-08-11T15:04:50.000000Z,6.42578125,6.42578125,24.0
2015-08-11T15:05:00.000000Z,6.42578125,6.42578125,14.0
2015-08-11T15:05:10.000000Z,6.42578125,6.42578125,3.0
2015-08-11T15:05:20.000000Z,6.42578125,6.42578125,7.0
2015-08-11T15:05:40.000000Z,6.42578125,6.42578125,6.0
2015-08-11T15:05:50.000000Z,6.42578125,6.42578125,1.0
2015-08-11T15:06:00.000000Z,6.42578125,6.42578125,1.0
2015-08-11T15:06:10.000000Z,6.42578125,6.42578125,1.0
2015-08-11T15:06:20.000000Z,6.42578125,6.42578125,71.0
2015-08-11T15:06:30.000000Z,6.4296875,6.42578125,15.0
2015-08-11T15:06:40.000000Z,6.42578125,6.42578125,24.0
2015-08-11T15:06:50.000000Z,6.42578125,6.42578125,8.0
2015-08-11T15:07:00.000000Z,6.42578125,6.42578125,8.0
2015-08-11T15:07:10.000000Z,6.42578125,6.42578125,7.0
2015-08-11T15:07:20.000000Z,6.42578125,6.42578125,2.0
2015-08-11T15:07:30.000000Z,6.42578125,6.42578125,10.0
2015-08-11T15:07:40.000000Z,6.42578125,6.42578125,1.0
2015-08-11T15:07:50.000000Z,6.4296875,6.42578125,38.0
2015-08-11T15:08:00.000000Z,6.4296875,6.42578125,12.0
2015-08-11T15:08:10.000000Z,6.4296875,6.42578125,9.0
2015-08-11T15:08:20.000000Z,6.4296875,6.42578125,10.0
2015-08-11T15:08:30.000000Z,6.4296875,6.42578125,9.0
2015-08-11T15:08:40.000000Z,6.4296875,6.42578125,23.0
2015-08-11T15:08:50.000000Z,6.4296875,6.42578125,6.0
2015-08-11T15:09:00.000000Z,6.4296875,6.42578125,1.0
2015-08-11T15:09:10.000000Z,6.4296875,6.42578125,1.0
2015-08-11T15:09:20.000000Z,6.4296875,6.42578125,17.0
2015-08-11T15:09:30.000000Z,6.4296875,6.42578125,1.0
2015-08-11T15:09:40.000000Z,6.4296875,6.42578125,3.0
2015-08-11T15:09:50.000000Z,6.4296875,6.42578125,8.0
2015-08-11T15:10:30.000000Z,6.4296875,6.42578125,9.0
2015-08-11T15:10:40.000000Z,6.4296875,6.42578125,5.0
2015-08-11T15:11:00.000000Z,6.4296875,6.42578125,13.0
2015-08-11T15:11:10.000000Z,6.4296875,6.42578125,6.0
2015-08-11T15:11:20.000000Z,6.4296875,6.42578125,5.0
2015-08-11T15:11:40.000000Z,6.4296875,6.42578125,2.0
2015-08-11T15:11:50.000000Z,6.4296875,6.42578125,7.0
2015-08-11T15:12:00.000000Z,6.42578125,6.42578125,86.0
2015-08-11T15:12:10.000000Z,6.42578125,6.42578125,14.0
2015-08-11T15:12:20.000000Z,6.42578125,6.42578125,3.0
2015-08-11T15:12:30.000000Z,6.42578125,6.42578125,2.0
2015-08-11T15:12:50.000000Z,6.42578125,6.42578125,3.0
2015-08-11T15:13:30.000000Z,6.42578125,6.42578125,1.0
2015-08-11T15:13:40.000000Z,6.42578125,6.42578125,1.0
2015-08-11T15:14:00.000000Z,6.42578125,6.42578125,13.0
2015-08-11T15:14:10.000000Z,6.42578125,6.42578125,26.0
2015-08-11T15:14:20.000000Z,6.42578125,6.42578125,19.0
2015-08-11T15:14:30.000000Z,6.42578125,6.42578125,7.0
2015-08-11T15:14:40.000000Z,6.42578125,6.42578125,9.0
2015-08-11T15:14:50.000000Z,6.42578125,6.42578125,3.0
2015-08-11T15:15:00.000000Z,6.42578125,6.42578125,3.0
2015-08-11T15:15:10.000000Z,6.42578125,6.42578125,10.0
2015-08-11T15:15:20.000000Z,6.42578125,6.42578125,4.0
2015-08-11T15:15:30.000000Z,6.42578125,6.42578125,5.0
2015-08-11T15:15:50.000000Z,6.42578125,6.42578125,1.0
2015-08-11T15:16:00.000000Z,6.42578125,6.42578125,1.0
2015-08-11T15:16:10.000000Z,6.42578125,6.42578125,2.0
2015-08-11T15:16:20.000000Z,6.42578125,6.42578125,24.0
2015-08-11T15:16:30.000000Z,6.42578125,6.42578125,3.0
2015-08-11T15:16:40.000000Z,6.42578125,6.42578125,13.0
2015-08-11T15:16:50.000000Z,6.42578125,6.42578125,1.0
2015-08-11T15:17:00.000000Z,6.42578125,6.42578125,11.0
2015-08-11T15:17:10.000000Z,6.42578125,6.42578125,4.0
2015-08-11T15:17:20.000000Z,6.42578125,6.42578125,3.0
2015-08-11T15:17:40.000000Z,6.42578125,6.42578125,7.0
2015-08-11T15:17:50.000000Z,6.42578125,6.42578125,1.0
2015-08-11T15:18:00.000000Z,6.42578125,6.42578125,3.0
2015-08-11T15:18:10.000000Z,6.42578125,6.42578125,1.0
2015-08-11T15:18:20.000000Z,6.42578125,6.42578125,9.0
2015-08-11T15:18:30.000000Z,6.42578125,6.42578125,1.0
2015-08-11T15:18:40.000000Z,6.42578125,6.42578125,1.0
2015-08-11T15:18:50.000000Z,6.42578125,6.42578125,3.0
2015-08-11T15:19:20.000000Z,6.42578125,6.42578125,3.0
2015-08-11T15:19:30.000000Z,6.42578125,6.42578125,4.0
2015-08-11T15:19:40.000000Z,6.42578125,6.42578125,2.0
2015-08-11T15:20:00.000000Z,6.42578125,6.42578125,1.0
2015-08-11T15:20:20.000000Z,6.42578125,6.42578125,1.0
2015-08-11T15:20:30.000000Z,6.42578125,6.42578125,1.0
2015-08-11T15:20:40.000000Z,6.42578125,6.42578125,1.0
2015-08-11T15:21:00.000000Z,6.42578125,6.42578125,5.0
2015-08-11T15:21:10.000000Z,6.42578125,6.42578125,1.0
2015-08-11T15:22:00.000000Z,6.42578125,6.42578125,2.0
2015-08-11T15:22:10.000000Z,6.42578125,6.42578125,8.0
2015-08-11T15:22:20.000000Z,6.42578125,6.42578125,23.0
2015-08-11T15:22:40.000000Z,6.42578125,6.42578125,5.0
2015-08-11T15:22:50.000000Z,6.42578125,6.42578125,1.0
2015-08-11T15:23:00.000000Z,6.42578125,6.42578125,4.0
2015-08-11T15:23:10.000000Z,6.42578125,6.42578125,4.0
2015-08-11T15:23:20.000000Z,6.42578125,6.42578125,2.0
