time,closeAsk,closeBid,volume
2015-08-06T20:27:10.000000Z,91.625,91.625,1.0
2015-08-06T20:28:00.000000Z,91.625,91.625,6.0
2015-08-06T20:28:05.000000Z,91.625,91.625,1.0
2015-08-06T20:28:45.000000Z,91.625,91.625,1.0
2015-08-06T20:28:50.000000Z,91.625,91.625,1.0
2015-08-06T20:29:00.000000Z,91.625,91.625,3.0
2015-08-06T20:29:10.000000Z,91.625,91.625,3.0
2015-08-06T20:29:20.000000Z,91.625,91.625,5.0
2015-08-06T20:29:30.000000Z,91.625,91.625,14.0
2015-08-06T20:29:40.000000Z,91.625,91.625,25.0
2015-08-06T20:29:45.000000Z,91.625,91.625,10.0
2015-08-06T20:29:50.000000Z,91.625,91.625,12.0
2015-08-06T20:29:55.000000Z,91.625,91.625,12.0
2015-08-06T20:30:00.000000Z,91.625,91.625,4.0
2015-08-06T20:30:10.000000Z,91.625,91.5625,25.0
2015-08-06T20:30:15.000000Z,91.625,91.5625,14.0
2015-08-06T20:30:20.000000Z,91.625,91.5625,7.0
2015-08-06T20:30:25.000000Z,91.625,91.5625,9.0
2015-08-06T20:30:30.000000Z,91.625,91.5625,15.0
2015-08-06T20:30:35.000000Z,91.625,91.5625,4.0
2015-08-06T20:30:40.000000Z,91.625,91.5625,2.0
2015-08-06T20:30:45.000000Z,91.625,91.5625,4.0
2015-08-06T20:30:50.000000Z,91.625,91.5625,3.0
2015-08-06T20:30:55.000000Z,91.625,91.5625,2.0
2015-08-06T20:31:00.000000Z,91.625,91.5625,4.0
2015-08-06T20:31:10.000000Z,91.625,91.5625,2.0
2015-08-06T20:31:15.000000Z,91.625,91.5625,4.0
2015-08-06T20:31:25.000000Z,91.625,91.5625,3.0
2015-08-06T20:31:30.000000Z,91.625,91.5625,8.0
2015-08-06T20:31:35.000000Z,91.625,91.5625,12.0
2015-08-06T20:31:40.000000Z,91.625,91.5625,5.0
2015-08-06T20:31:45.000000Z,91.625,91.5625,3.0
2015-08-06T20:31:50.000000Z,91.625,91.5625,8.0
2015-08-06T20:31:55.000000Z,91.625,91.5625,8.0
2015-08-06T20:32:00.000000Z,91.625,91.5625,4.0
2015-08-06T20:32:05.000000Z,91.625,91.5625,3.0
2015-08-06T20:32:10.000000Z,91.625,91.5625,3.0
2015-08-06T20:32:15.000000Z,91.625,91.5625,6.0
2015-08-06T20:32:20.000000Z,91.625,91.5625,4.0
2015-08-06T20:32:25.000000Z,91.625,91.5625,5.0
2015-08-06T20:32:30.000000Z,91.625,91.5625,8.0
2015-08-06T20:32:40.000000Z,91.625,91.5625,3.0
2015-08-06T20:32:45.000000Z,91.625,91.5625,2.0
2015-08-06T20:32:50.000000Z,91.625,91.5625,1.0
2015-08-06T20:33:00.000000Z,91.625,91.5625,4.0
2015-08-06T20:33:05.000000Z,91.625,91.5625,2.0
2015-08-06T20:33:25.000000Z,91.625,91.5625,1.0
2015-08-06T20:33:30.000000Z,91.625,91.5625,7.0
2015-08-06T20:33:35.000000Z,91.625,91.5625,5.0
2015-08-06T20:33:45.000000Z,91.625,91.5625,4.0
2015-08-06T20:33:50.000000Z,91.625,91.5625,5.0
2015-08-06T20:33:55.000000Z,91.625,91.5625,8.0
2015-08-06T20:34:05.000000Z,91.625,91.5625,2.0
2015-08-06T20:34:10.000000Z,91.625,91.5625,4.0
2015-08-06T20:34:15.000000Z,91.625,91.5625,11.0
2015-08-06T20:34:20.000000Z,91.625,91.5625,1.0
2015-08-06T20:34:25.000000Z,91.625,91.5625,3.0
2015-08-06T20:34:30.000000Z,91.625,91.5625,1.0
2015-08-06T20:34:35.000000Z,91.625,91.5625,7.0
2015-08-06T20:34:40.000000Z,91.625,91.5625,6.0
2015-08-06T20:34:50.000000Z,91.625,91.5625,4.0
2015-08-06T20:34:55.000000Z,91.625,91.5625,4.0
2015-08-06T20:35:05.000000Z,91.625,91.5625,1.0
2015-08-06T20:35:10.000000Z,91.625,91.5625,10.0
2015-08-06T20:35:15.000000Z,91.625,91.5625,4.0
2015-08-06T20:35:20.000000Z,91.625,91.5625,13.0
2015-08-06T20:35:25.000000Z,91.625,91.5625,3.0
2015-08-06T20:35:30.000000Z,91.625,91.5625,3.0
2015-08-06T20:35:35.000000Z,91.625,91.5625,2.0
2015-08-06T20:35:40.000000Z,91.625,91.5625,3.0
2015-08-06T20:35:45.000000Z,91.625,91.5625,13.0
2015-08-06T20:35:50.000000Z,91.625,91.5625,6.0
2015-08-06T20:35:55.000000Z,91.625,91.5625,2.0
2015-08-06T20:36:00.000000Z,91.625,91.5625,17.0
2015-08-06T20:36:05.000000Z,91.625,91.5625,1.0
2015-08-06T20:36:10.000000Z,91.625,91.5625,2.0
2015-08-06T20:36:15.000000Z,91.625,91.625,5.0
2015-08-06T20:36:20.000000Z,91.625,91.625,15.0
2015-08-06T20:36:25.000000Z,91.625,91.5625,7.0
2015-08-06T20:36:30.000000Z,91.625,91.5625,2.0
2015-08-06T20:36:35.000000Z,91.625,91.5625,12.0
2015-08-06T20:36:40.000000Z,91.625,91.5625,17.0
2015-08-06T20:36:45.000000Z,91.625,91.5625,8.0
2015-08-06T20:36:50.000000Z,91.625,91.625,17.0
2015-08-06T20:36:55.000000Z,91.625,91.625,6.0
2015-08-06T20:37:00.000000Z,91.625,91.625,5.0
2015-08-06T20:37:05.000000Z,91.625,91.625,9.0
2015-08-06T20:37:10.000000Z,91.625,91.625,3.0
2015-08-06T20:37:15.000000Z,91.625,91.625,2.0
2015-08-06T20:37:20.000000Z,91.625,91.625,7.0
2015-08-06T20:37:25.000000Z,91.625,91.625,2.0
2015-08-06T20:37:30.000000Z,91.625,91.625,6.0
2015-08-06T20:37:35.000000Z,91.625,91.625,1.0
2015-08-06T20:37:45.000000Z,91.625,91.625,9.0
2015-08-06T20:37:50.000000Z,91.625,91.625,7.0
2015-08-06T20:37:55.000000Z,91.625,91.625,11.0
2015-08-06T20:38:00.000000Z,91.625,91.625,16.0
2015-08-06T20:38:05.000000Z,91.625,91.625,20.0
2015-08-06T20:38:10.000000Z,91.625,91.625,3.0
2015-08-06T20:38:15.000000Z,91.625,91.625,2.0
2015-08-06T20:38:25.000000Z,91.625,91.625,15.0
2015-08-06T20:38:30.000000Z,91.625,91.625,14.0
2015-08-06T20:38:35.000000Z,91.625,91.625,11.0
2015-08-06T20:38:40.000000Z,91.6875,91.625,20.0
2015-08-06T20:38:45.000000Z,91.6875,91.625,5.0
2015-08-06T20:38:50.000000Z,91.625,91.625,18.0
2015-08-06T20:38:55.000000Z,91.625,91.625,19.0
2015-08-06T20:39:00.000000Z,91.625,91.625,10.0
2015-08-06T20:39:05.000000Z,91.625,91.625,22.0
2015-08-06T20:39:10.000000Z,91.625,91.625,11.0
2015-08-06T20:39:15.000000Z,91.625,91.625,6.0
2015-08-06T20:39:20.000000Z,91.625,91.625,3.0
2015-08-06T20:39:25.000000Z,91.625,91.625,7.0
2015-08-06T20:39:30.000000Z,91.625,91.625,1.0
2015-08-06T20:39:35.000000Z,91.625,91.625,5.0
2015-08-06T20:39:40.000000Z,91.625,91.625,5.0
2015-08-06T20:39:45.000000Z,91.625,91.625,10.0
2015-08-06T20:39:50.000000Z,91.625,91.625,4.0
2015-08-06T20:40:00.000000Z,91.625,91.625,2.0
2015-08-06T20:40:05.000000Z,91.625,91.625,1.0
2015-08-06T20:40:25.000000Z,91.625,91.625,11.0
2015-08-06T20:40:30.000000Z,91.625,91.625,8.0
2015-08-06T20:40:35.000000Z,91.625,91.625,12.0
2015-08-06T20:40:40.000000Z,91.625,91.625,11.0
2015-08-06T20:40:45.000000Z,91.625,91.625,3.0
2015-08-06T20:40:50.000000Z,91.625,91.625,6.0
2015-08-06T20:40:55.000000Z,91.625,91.625,5.0
2015-08-06T20:41:00.000000Z,91.625,91.625,15.0
2015-08-06T20:41:05.000000Z,91.625,91.625,6.0
2015-08-06T20:41:10.000000Z,91.625,91.625,16.0
2015-08-06T20:41:15.000000Z,91.625,91.625,13.0
2015-08-06T20:41:20.000000Z,91.625,91.625,17.0
2015-08-06T20:41:25.000000Z,91.625,91.625,12.0
2015-08-06T20:41:30.000000Z,91.625,91.625,20.0
2015-08-06T20:41:35.000000Z,91.625,91.625,24.0
2015-08-06T20:41:40.000000Z,91.625,91.625,31.0
2015-08-06T20:41:45.000000Z,91.625,91.625,3.0
2015-08-06T20:41:50.000000Z,91.625,91.625,7.0
2015-08-06T20:42:00.000000Z,91.625,91.625,10.0
2015-08-06T20:42:05.000000Z,91.625,91.625,13.0
2015-08-06T20:42:10.000000Z,91.625,91.625,3.0
2015-08-06T20:42:15.000000Z,91.625,91.625,4.0
2015-08-06T20:42:20.000000Z,91.625,91.625,3.0
2015-08-06T20:42:25.000000Z,91.625,91.625,6.0
2015-08-06T20:42:30.000000Z,91.625,91.625,5.0
2015-08-06T20:42:35.000000Z,91.625,91.625,7.0
2015-08-06T20:42:40.000000Z,91.625,91.625,15.0
2015-08-06T20:42:45.000000Z,91.625,91.625,9.0
2015-08-06T20:42:55.000000Z,91.625,91.625,1.0
2015-08-06T20:43:00.000000Z,91.625,91.625,3.0
2015-08-06T20:43:05.000000Z,91.625,91.625,6.0
2015-08-06T20:43:10.000000Z,91.625,91.625,10.0
2015-08-06T20:43:15.000000Z,91.625,91.625,20.0
2015-08-06T20:43:20.000000Z,91.625,91.625,11.0
2015-08-06T20:43:25.000000Z,91.625,91.625,6.0
2015-08-06T20:43:30.000000Z,91.625,91.625,11.0
2015-08-06T20:43:35.000000Z,91.625,91.625,6.0
2015-08-06T20:43:40.000000Z,91.625,91.625,8.0
2015-08-06T20:43:45.000000Z,91.625,91.625,4.0
2015-08-06T20:43:50.000000Z,91.625,91.625,12.0
2015-08-06T20:43:55.000000Z,91.625,91.625,7.0
2015-08-06T20:44:00.000000Z,91.625,91.625,3.0
2015-08-06T20:44:05.000000Z,91.625,91.625,3.0
2015-08-06T20:44:10.000000Z,91.625,91.625,4.0
2015-08-06T20:44:15.000000Z,91.625,91.625,5.0
2015-08-06T20:44:20.000000Z,91.625,91.625,11.0
2015-08-06T20:44:25.000000Z,91.625,91.625,3.0
2015-08-06T20:44:30.000000Z,91.625,91.625,1.0
2015-08-06T20:44:35.000000Z,91.625,91.625,1.0
2015-08-06T20:44:40.000000Z,91.625,91.625,7.0
2015-08-06T20:44:55.000000Z,91.625,91.625,2.0
2015-08-06T20:45:00.000000Z,91.625,91.625,4.0
2015-08-06T20:45:05.000000Z,91.625,91.625,3.0
2015-08-06T20:45:10.000000Z,91.625,91.625,1.0
2015-08-06T20:45:15.000000Z,91.625,91.625,5.0
2015-08-06T20:45:20.000000Z,91.625,91.625,4.0
2015-08-06T20:45:25.000000Z,91.625,91.625,1.0
2015-08-06T20:45:30.000000Z,91.625,91.625,7.0
2015-08-06T20:45:35.000000Z,91.625,91.625,2.0
2015-08-06T20:45:40.000000Z,91.625,91.625,12.0
2015-08-06T20:45:45.000000Z,91.625,91.625,13.0
2015-08-06T20:45:50.000000Z,91.625,91.625,4.0
2015-08-06T20:45:55.000000Z,91.625,91.625,4.0
2015-08-06T20:46:00.000000Z,91.625,91.625,5.0
2015-08-06T20:46:05.000000Z,91.625,91.625,1.0
2015-08-06T20:46:10.000000Z,91.625,91.625,11.0
2015-08-06T20:46:15.000000Z,91.625,91.625,5.0
2015-08-06T20:46:20.000000Z,91.625,91.625,5.0
2015-08-06T20:46:25.000000Z,91.625,91.625,21.0
2015-08-06T20:46:30.000000Z,91.625,91.625,16.0
2015-08-06T20:46:35.000000Z,91.625,91.625,5.0
2015-08-06T20:46:40.000000Z,91.625,91.625,17.0
2015-08-06T20:46:45.000000Z,91.625,91.625,16.0
2015-08-06T20:46:50.000000Z,91.625,91.625,28.0
2015-08-06T20:46:55.000000Z,91.625,91.625,20.0
2015-08-06T20:47:00.000000Z,91.625,91.625,26.0
2015-08-06T20:47:05.000000Z,91.625,91.625,36.0
2015-08-06T20:47:10.000000Z,91.625,91.625,1.0
2015-08-06T20:47:15.000000Z,91.625,91.625,9.0
2015-08-06T20:47:20.000000Z,91.625,91.625,7.0
2015-08-06T20:47:25.000000Z,91.625,91.625,10.0
2015-08-06T20:47:30.000000Z,91.625,91.625,9.0
2015-08-06T20:47:35.000000Z,91.625,91.625,6.0
2015-08-06T20:47:40.000000Z,91.625,91.625,5.0
2015-08-06T20:47:45.000000Z,91.625,91.625,9.0
2015-08-06T20:47:50.000000Z,91.625,91.625,6.0
2015-08-06T20:47:55.000000Z,91.625,91.625,4.0
2015-08-06T20:48:00.000000Z,91.625,91.625,9.0
2015-08-06T20:48:05.000000Z,91.625,91.625,1.0
2015-08-06T20:48:10.000000Z,91.625,91.625,5.0
2015-08-06T20:48:15.000000Z,91.625,91.625,2.0
2015-08-06T20:48:20.000000Z,91.625,91.625,14.0
2015-08-06T20:48:25.000000Z,91.625,91.625,2.0
2015-08-06T20:48:30.000000Z,91.625,91.5625,7.0
2015-08-06T20:48:35.000000Z,91.625,91.5625,2.0
2015-08-06T20:48:40.000000Z,91.625,91.625,17.0
2015-08-06T20:48:45.000000Z,91.625,91.5625,24.0
2015-08-06T20:48:55.000000Z,91.625,91.5625,10.0
2015-08-06T20:49:00.000000Z,91.625,91.5625,12.0
2015-08-06T20:49:05.000000Z,91.625,91.5625,26.0
2015-08-06T20:49:10.000000Z,91.625,91.5625,12.0
2015-08-06T20:49:15.000000Z,91.625,91.5625,8.0
2015-08-06T20:49:20.000000Z,91.625,91.5625,12.0
2015-08-06T20:49:25.000000Z,91.625,91.5625,13.0
2015-08-06T20:49:30.000000Z,91.625,91.5625,12.0
2015-08-06T20:49:35.000000Z,91.625,91.5625,3.0
2015-08-06T20:49:40.000000Z,91.625,91.5625,5.0
2015-08-06T20:49:45.000000Z,91.625,91.5625,6.0
2015-08-06T20:49:50.000000Z,91.625,91.5625,13.0
2015-08-06T20:49:55.000000Z,91.625,91.5625,5.0
2015-08-06T20:50:00.000000Z,91.625,91.5625,6.0
2015-08-06T20:50:05.000000Z,91.625,91.5625,2.0
2015-08-06T20:50:10.000000Z,91.625,91.5625,19.0
2015-08-06T20:50:15.000000Z,91.5625,91.5625,15.0
2015-08-06T20:50:20.000000Z,91.625,91.5625,13.0
2015-08-06T20:50:25.000000Z,91.625,91.5625,4.0
2015-08-06T20:50:30.000000Z,91.625,91.5625,14.0
2015-08-06T20:50:35.000000Z,91.625,91.5625,8.0
2015-08-06T20:50:40.000000Z,91.625,91.5625,15.0
2015-08-06T20:50:45.000000Z,91.625,91.5625,9.0
2015-08-06T20:50:50.000000Z,91.625,91.5625,9.0
2015-08-06T20:50:55.000000Z,91.625,91.5625,7.0
2015-08-06T20:51:00.000000Z,91.625,91.5625,9.0
2015-08-06T20:51:05.000000Z,91.625,91.5625,2.0
2015-08-06T20:51:10.000000Z,91.625,91.5625,1.0
2015-08-06T20:51:15.000000Z,91.625,91.5625,13.0
2015-08-06T20:51:20.000000Z,91.625,91.5625,1.0
2015-08-06T20:51:25.000000Z,91.625,91.5625,8.0
2015-08-06T20:51:30.000000Z,91.625,91.5625,5.0
2015-08-06T20:51:35.000000Z,91.625,91.5625,4.0
2015-08-06T20:51:40.000000Z,91.625,91.5625,40.0
2015-08-06T20:51:45.000000Z,91.625,91.5625,9.0
2015-08-06T20:51:50.000000Z,91.625,91.5625,26.0
2015-08-06T20:51:55.000000Z,91.625,91.5625,27.0
2015-08-06T20:52:00.000000Z,91.625,91.5625,19.0
2015-08-06T20:52:05.000000Z,91.625,91.5625,28.0
2015-08-06T20:52:10.000000Z,91.625,91.5625,25.0
2015-08-06T20:52:15.000000Z,91.625,91.5625,29.0
2015-08-06T20:52:20.000000Z,91.625,91.5625,13.0
2015-08-06T20:52:25.000000Z,91.625,91.5625,19.0
2015-08-06T20:52:30.000000Z,91.625,91.5625,12.0
2015-08-06T20:52:35.000000Z,91.625,91.625,28.0
2015-08-06T20:52:40.000000Z,91.625,91.5625,30.0
2015-08-06T20:52:45.000000Z,91.625,91.625,18.0
2015-08-06T20:52:50.000000Z,91.625,91.625,3.0
2015-08-06T20:52:55.000000Z,91.625,91.625,3.0
2015-08-06T20:53:00.000000Z,91.625,91.5625,17.0
2015-08-06T20:53:05.000000Z,91.625,91.5625,11.0
2015-08-06T20:53:10.000000Z,91.625,91.5625,3.0
2015-08-06T20:53:15.000000Z,91.625,91.5625,7.0
2015-08-06T20:53:20.000000Z,91.625,91.5625,9.0
2015-08-06T20:53:25.000000Z,91.625,91.5625,12.0
2015-08-06T20:53:30.000000Z,91.625,91.5625,11.0
2015-08-06T20:53:35.000000Z,91.625,91.5625,12.0
2015-08-06T20:53:40.000000Z,91.625,91.5625,14.0
2015-08-06T20:53:45.000000Z,91.625,91.5625,20.0
2015-08-06T20:53:50.000000Z,91.625,91.5625,14.0
2015-08-06T20:53:55.000000Z,91.625,91.5625,10.0
2015-08-06T20:54:00.000000Z,91.625,91.5625,19.0
2015-08-06T20:54:05.000000Z,91.625,91.5625,14.0
2015-08-06T20:54:10.000000Z,91.625,91.5625,6.0
2015-08-06T20:54:15.000000Z,91.625,91.5625,30.0
2015-08-06T20:54:20.000000Z,91.625,91.5625,3.0
2015-08-06T20:54:30.000000Z,91.625,91.5625,2.0
2015-08-06T20:54:35.000000Z,91.625,91.5625,2.0
2015-08-06T20:54:40.000000Z,91.625,91.5625,25.0
2015-08-06T20:54:45.000000Z,91.625,91.5625,16.0
2015-08-06T20:54:50.000000Z,91.625,91.5625,29.0
2015-08-06T20:54:55.000000Z,91.625,91.5625,4.0
2015-08-06T20:55:00.000000Z,91.625,91.5625,10.0
2015-08-06T20:55:05.000000Z,91.625,91.5625,9.0
2015-08-06T20:55:10.000000Z,91.625,91.5625,18.0
2015-08-06T20:55:15.000000Z,91.625,91.5625,12.0
2015-08-06T20:55:20.000000Z,91.625,91.5625,8.0
2015-08-06T20:55:25.000000Z,91.625,91.5625,7.0
2015-08-06T20:55:30.000000Z,91.625,91.5625,9.0
2015-08-06T20:55:35.000000Z,91.625,91.5625,1.0
2015-08-06T20:55:45.000000Z,91.625,91.5625,6.0
2015-08-06T20:55:50.000000Z,91.625,91.5625,5.0
2015-08-06T20:56:00.000000Z,91.625,91.5625,1.0
2015-08-06T20:56:05.000000Z,91.625,91.5625,24.0
2015-08-06T20:56:10.000000Z,91.625,91.5625,12.0
2015-08-06T20:56:15.000000Z,91.625,91.5625,16.0
2015-08-06T20:56:20.000000Z,91.625,91.5625,10.0
2015-08-06T20:56:25.000000Z,91.625,91.625,23.0
2015-08-06T20:56:30.000000Z,91.625,91.5625,26.0
2015-08-06T20:56:35.000000Z,91.625,91.5625,12.0
2015-08-06T20:56:40.000000Z,91.625,91.625,23.0
2015-08-06T20:56:45.000000Z,91.625,91.625,7.0
2015-08-06T20:56:50.000000Z,91.625,91.5625,26.0
2015-08-06T20:56:55.000000Z,91.625,91.5625,26.0
2015-08-06T20:57:00.000000Z,91.625,91.5625,30.0
2015-08-06T20:57:05.000000Z,91.625,91.5625,8.0
2015-08-06T20:57:10.000000Z,91.625,91.625,25.0
2015-08-06T20:57:15.000000Z,91.625,91.625,17.0
2015-08-06T20:57:20.000000Z,91.6875,91.625,28.0
2015-08-06T20:57:25.000000Z,91.625,91.5625,28.0
2015-08-06T20:57:30.000000Z,91.625,91.5625,12.0
2015-08-06T20:57:35.000000Z,91.625,91.625,41.0
2015-08-06T20:57:40.000000Z,91.625,91.625,47.0
2015-08-06T20:57:45.000000Z,91.625,91.625,7.0
2015-08-06T20:57:50.000000Z,91.6875,91.625,34.0
2015-08-06T20:57:55.000000Z,91.625,91.625,31.0
2015-08-06T20:58:00.000000Z,91.6875,91.625,20.0
2015-08-06T20:58:05.000000Z,91.6875,91.625,2.0
2015-08-06T20:58:10.000000Z,91.6875,91.625,1.0
2015-08-06T20:58:15.000000Z,91.6875,91.625,6.0
2015-08-06T20:58:20.000000Z,91.6875,91.625,3.0
2015-08-06T20:58:25.000000Z,91.6875,91.625,6.0
2015-08-06T20:58:30.000000Z,91.6875,91.625,27.0
2015-08-06T20:58:35.000000Z,91.625,91.625,13.0
2015-08-06T20:58:40.000000Z,91.6875,91.625,22.0
2015-08-06T20:58:45.000000Z,91.6875,91.625,22.0
2015-08-06T20:58:50.000000Z,91.6875,91.625,8.0
2015-08-06T20:58:55.000000Z,91.6875,91.625,10.0
2015-08-06T20:59:00.000000Z,91.6875,91.625,9.0
2015-08-06T20:59:05.000000Z,91.6875,91.625,3.0
2015-08-06T20:59:10.000000Z,91.6875,91.625,3.0
2015-08-06T20:59:15.000000Z,91.6875,91.625,4.0
2015-08-06T20:59:20.000000Z,91.6875,91.625,6.0
2015-08-06T20:59:25.000000Z,91.6875,91.625,3.0
2015-08-06T20:59:30.000000Z,91.6875,91.625,2.0
2015-08-06T20:59:40.000000Z,91.6875,91.625,4.0
2015-08-06T21:01:30.000000Z,91.6875,91.5625,1.0
2015-08-06T21:01:35.000000Z,91.6875,91.5625,1.0
2015-08-06T21:01:40.000000Z,91.6875,91.5625,1.0
2015-08-06T21:02:00.000000Z,91.6875,91.5625,6.0
2015-08-06T21:02:05.000000Z,91.6875,91.625,1.0
2015-08-06T21:02:10.000000Z,91.6875,91.5625,3.0
2015-08-06T21:02:15.000000Z,91.6875,91.5625,1.0
2015-08-06T21:02:20.000000Z,91.625,91.5625,1.0
2015-08-06T21:02:45.000000Z,91.625,91.5625,3.0
2015-08-06T21:04:15.000000Z,91.625,91.5625,1.0
2015-08-06T21:04:20.000000Z,91.625,91.5625,6.0
2015-08-06T21:04:25.000000Z,91.625,91.5625,1.0
2015-08-06T21:04:40.000000Z,91.625,91.5625,2.0
2015-08-06T21:05:10.000000Z,91.625,91.5625,1.0
2015-08-06T21:05:15.000000Z,91.625,91.5625,1.0
2015-08-06T21:05:30.000000Z,91.625,91.5625,4.0
2015-08-06T21:05:35.000000Z,91.625,91.5625,1.0
2015-08-06T21:05:55.000000Z,91.625,91.5625,1.0
2015-08-06T21:06:00.000000Z,91.625,91.5625,4.0
2015-08-06T21:06:05.000000Z,91.6875,91.5625,4.0
2015-08-06T21:06:10.000000Z,91.6875,91.5625,2.0
2015-08-06T21:06:15.000000Z,91.6875,91.5625,2.0
2015-08-06T21:06:20.000000Z,91.6875,91.5625,3.0
2015-08-06T21:06:30.000000Z,91.6875,91.5625,4.0
2015-08-06T21:06:40.000000Z,91.6875,91.5625,1.0
2015-08-06T21:06:50.000000Z,91.6875,91.5625,2.0
2015-08-06T21:07:10.000000Z,91.6875,91.5625,2.0
2015-08-06T21:07:25.000000Z,91.6875,91.5625,6.0
2015-08-06T21:07:30.000000Z,91.6875,91.5625,8.0
2015-08-06T21:07:35.000000Z,91.6875,91.5625,5.0
2015-08-06T21:07:40.000000Z,91.6875,91.5625,7.0
2015-08-06T21:07:45.000000Z,91.6875,91.5625,1.0
2015-08-06T21:07:55.000000Z,91.6875,91.5625,1.0
2015-08-06T21:08:00.000000Z,91.6875,91.5625,2.0
2015-08-06T21:08:05.000000Z,91.6875,91.5625,2.0
2015-08-06T21:08:15.000000Z,91.6875,91.5625,6.0
2015-08-06T21:08:20.000000Z,91.6875,91.5625,2.0
2015-08-06T21:08:30.000000Z,91.6875,91.5625,1.0
2015-08-06T21:08:35.000000Z,91.6875,91.5625,1.0
2015-08-06T21:08:40.000000Z,91.6875,91.5625,1.0
2015-08-06T21:08:45.000000Z,91.6875,91.5625,1.0
2015-08-06T21:08:50.000000Z,91.6875,91.5625,1.0
2015-08-06T21:08:55.000000Z,91.6875,91.5625,4.0
2015-08-06T21:09:00.000000Z,91.6875,91.5625,2.0
2015-08-06T21:09:05.000000Z,91.6875,91.5625,1.0
2015-08-06T21:09:10.000000Z,91.6875,91.5625,3.0
2015-08-06T21:09:15.000000Z,91.6875,91.5625,1.0
2015-08-06T21:09:20.000000Z,91.6875,91.5625,2.0
2015-08-06T21:09:25.000000Z,91.6875,91.5625,3.0
2015-08-06T21:09:30.000000Z,91.6875,91.5625,3.0
2015-08-06T21:09:35.000000Z,91.6875,91.5625,1.0
2015-08-06T21:09:40.000000Z,91.6875,91.5625,2.0
2015-08-06T21:09:45.000000Z,91.6875,91.5625,2.0
2015-08-06T21:09:50.000000Z,91.6875,91.5625,3.0
2015-08-06T21:09:55.000000Z,91.6875,91.5625,1.0
2015-08-06T21:10:00.000000Z,91.6875,91.5625,1.0
2015-08-06T21:10:40.000000Z,91.6875,91.5625,3.0
2015-08-06T21:10:45.000000Z,91.6875,91.5625,1.0
2015-08-06T21:10:55.000000Z,91.6875,91.5625,6.0
2015-08-06T21:11:00.000000Z,91.6875,91.5625,2.0
2015-08-06T21:11:05.000000Z,91.6875,91.5625,3.0
2015-08-06T21:11:25.000000Z,91.6875,91.5625,1.0
2015-08-06T21:11:30.000000Z,91.6875,91.5625,1.0
2015-08-06T21:11:40.000000Z,91.6875,91.5625,1.0
2015-08-06T21:11:45.000000Z,91.6875,91.5625,1.0
2015-08-06T21:11:50.000000Z,91.6875,91.5625,1.0
2015-08-06T21:11:55.000000Z,91.6875,91.5625,1.0
2015-08-06T21:12:15.000000Z,91.6875,91.5625,2.0
2015-08-06T21:12:30.000000Z,91.6875,91.5625,1.0
2015-08-06T21:12:35.000000Z,91.6875,91.5625,3.0
2015-08-06T21:12:40.000000Z,91.625,91.5625,5.0
2015-08-06T21:12:45.000000Z,91.6875,91.5625,2.0
2015-08-06T21:12:50.000000Z,91.625,91.5625,9.0
2015-08-06T21:12:55.000000Z,91.625,91.5625,5.0
2015-08-06T21:13:05.000000Z,91.625,91.5625,1.0
2015-08-06T21:13:10.000000Z,91.625,91.5625,8.0
2015-08-06T21:13:15.000000Z,91.625,91.5625,7.0
2015-08-06T21:13:20.000000Z,91.625,91.5625,2.0
2015-08-06T21:13:25.000000Z,91.625,91.5625,3.0
2015-08-06T21:13:30.000000Z,91.625,91.5625,2.0
2015-08-06T21:13:35.000000Z,91.625,91.5625,2.0
2015-08-06T21:13:40.000000Z,91.625,91.5625,1.0
2015-08-06T21:13:45.000000Z,91.625,91.5625,2.0
2015-08-06T21:13:50.000000Z,91.625,91.5625,2.0
2015-08-06T21:13:55.000000Z,91.625,91.5625,2.0
2015-08-06T21:14:00.000000Z,91.625,91.5625,2.0
2015-08-06T21:14:10.000000Z,91.625,91.5625,3.0
2015-08-06T21:14:15.000000Z,91.625,91.5625,2.0
2015-08-06T21:14:20.000000Z,91.625,91.5625,1.0
2015-08-06T21:14:25.000000Z,91.625,91.5625,1.0
2015-08-06T21:14:30.000000Z,91.625,91.5625,4.0
2015-08-06T21:14:40.000000Z,91.625,91.5625,2.0
2015-08-06T21:14:45.000000Z,91.625,91.5625,2.0
2015-08-06T21:14:50.000000Z,91.625,91.5625,1.0
2015-08-06T21:14:55.000000Z,91.625,91.5625,3.0
2015-08-06T21:15:10.000000Z,91.625,91.5625,1.0
2015-08-06T21:15:15.000000Z,91.625,91.5625,1.0
2015-08-06T21:15:20.000000Z,91.625,91.5625,3.0
2015-08-06T21:15:35.000000Z,91.625,91.5625,2.0
2015-08-06T21:15:40.000000Z,91.625,91.5625,2.0
2015-08-06T21:15:45.000000Z,91.625,91.5625,2.0
2015-08-06T21:15:50.000000Z,91.625,91.5625,4.0
2015-08-06T21:15:55.000000Z,91.625,91.5625,2.0
2015-08-06T21:16:10.000000Z,91.625,91.5625,1.0
2015-08-06T21:16:45.000000Z,91.625,91.5625,1.0
2015-08-06T21:18:05.000000Z,91.625,91.5625,1.0
2015-08-06T21:18:10.000000Z,91.625,91.5625,2.0
2015-08-06T21:18:20.000000Z,91.625,91.5625,2.0
2015-08-06T21:18:25.000000Z,91.625,91.5625,1.0
2015-08-06T21:18:35.000000Z,91.625,91.5625,1.0
2015-08-06T21:18:50.000000Z,91.625,91.5625,5.0
2015-08-06T21:19:15.000000Z,91.625,91.5625,2.0
2015-08-06T21:19:30.000000Z,91.625,91.5625,1.0
2015-08-06T21:19:45.000000Z,91.625,91.5625,2.0
2015-08-06T21:19:50.000000Z,91.625,91.5625,1.0
2015-08-06T21:19:55.000000Z,91.625,91.5625,4.0
2015-08-06T21:20:00.000000Z,91.625,91.5625,3.0
2015-08-06T21:20:30.000000Z,91.625,91.5625,1.0
2015-08-06T21:20:35.000000Z,91.625,91.5625,1.0
2015-08-06T21:20:40.000000Z,91.625,91.5625,1.0
2015-08-06T21:20:45.000000Z,91.625,91.5625,1.0
2015-08-06T21:20:50.000000Z,91.625,91.5625,2.0
2015-08-06T21:20:55.000000Z,91.625,91.5625,4.0
2015-08-06T21:21:00.000000Z,91.625,91.5625,2.0
2015-08-06T21:21:05.000000Z,91.625,91.5625,1.0
2015-08-06T21:21:15.000000Z,91.625,91.5625,1.0
2015-08-06T21:21:25.000000Z,91.625,91.5625,3.0
2015-08-06T21:21:30.000000Z,91.625,91.5625,1.0
2015-08-06T21:21:45.000000Z,91.625,91.5625,1.0
2015-08-06T21:22:15.000000Z,91.625,91.5625,1.0
2015-08-06T21:22:20.000000Z,91.625,91.5625,1.0
2015-08-06T21:22:25.000000Z,91.625,91.5625,1.0
2015-08-06T21:22:30.000000Z,91.625,91.5625,3.0
2015-08-06T21:22:35.000000Z,91.625,91.5625,1.0
2015-08-06T21:22:40.000000Z,91.625,91.5625,2.0
2015-08-06T21:22:45.000000Z,91.625,91.625,2.0
2015-08-06T21:22:50.000000Z,91.625,91.625,2.0
2015-08-06T21:23:05.000000Z,91.625,91.625,1.0
2015-08-06T21:23:10.000000Z,91.625,91.625,1.0
2015-08-06T21:23:15.000000Z,91.625,91.625,1.0
2015-08-06T21:23:20.000000Z,91.625,91.625,1.0
2015-08-06T21:23:25.000000Z,91.625,91.625,1.0
2015-08-06T21:23:35.000000Z,91.625,91.625,1.0
2015-08-06T21:23:50.000000Z,91.625,91.5625,4.0
2015-08-06T21:23:55.000000Z,91.625,91.5625,1.0
2015-08-06T21:24:00.000000Z,91.625,91.5625,2.0
2015-08-06T21:24:10.000000Z,91.625,91.5625,1.0
2015-08-06T21:24:20.000000Z,91.625,91.5625,5.0
2015-08-06T21:24:25.000000Z,91.625,91.5625,2.0
2015-08-06T21:24:35.000000Z,91.625,91.5625,1.0
2015-08-06T21:25:00.000000Z,91.625,91.5625,1.0
2015-08-06T21:25:10.000000Z,91.625,91.5625,1.0
2015-08-06T21:25:20.000000Z,91.625,91.5625,1.0
2015-08-06T21:25:30.000000Z,91.625,91.5625,1.0
2015-08-06T21:25:40.000000Z,91.625,91.5625,1.0
2015-08-06T21:25:45.000000Z,91.625,91.5625,1.0
2015-08-06T21:26:10.000000Z,91.625,91.5625,2.0
2015-08-06T21:26:30.000000Z,91.625,91.5625,1.0
2015-08-06T21:26:35.000000Z,91.625,91.5625,1.0
2015-08-06T21:26:40.000000Z,91.625,91.5625,2.0
2015-08-06T21:27:20.000000Z,91.625,91.5625,2.0
2015-08-06T21:27:30.000000Z,91.625,91.5625,1.0
2015-08-06T21:27:45.000000Z,91.625,91.5625,3.0
2015-08-06T21:28:20.000000Z,91.625,91.5625,1.0
2015-08-06T21:28:25.000000Z,91.625,91.5625,1.0
2015-08-06T21:29:25.000000Z,91.625,91.5625,3.0
2015-08-06T21:29:30.000000Z,91.625,91.5625,7.0
2015-08-06T21:29:35.000000Z,91.625,91.5625,1.0
2015-08-06T21:29:45.000000Z,91.625,91.5625,5.0
2015-08-06T21:29:50.000000Z,91.625,91.5625,2.0
2015-08-06T21:30:10.000000Z,91.625,91.5625,3.0
2015-08-06T21:30:25.000000Z,91.625,91.5625,2.0
2015-08-06T21:30:40.000000Z,91.625,91.5625,2.0
2015-08-06T21:30:45.000000Z,91.625,91.5625,1.0
2015-08-06T21:30:50.000000Z,91.625,91.5625,2.0
2015-08-06T21:30:55.000000Z,91.625,91.5625,1.0
2015-08-06T21:31:00.000000Z,91.625,91.5625,3.0
2015-08-06T21:31:10.000000Z,91.625,91.5625,2.0
2015-08-06T21:31:20.000000Z,91.625,91.5625,2.0
2015-08-06T21:31:25.000000Z,91.625,91.5625,1.0
2015-08-06T21:31:30.000000Z,91.625,91.5625,3.0
2015-08-06T21:31:40.000000Z,91.625,91.5625,9.0
2015-08-06T21:31:55.000000Z,91.625,91.5625,3.0
2015-08-06T21:32:00.000000Z,91.625,91.5625,2.0
2015-08-06T21:32:05.000000Z,91.625,91.5625,2.0
2015-08-06T21:32:10.000000Z,91.625,91.5625,1.0
2015-08-06T21:32:15.000000Z,91.625,91.5625,1.0
2015-08-06T21:32:25.000000Z,91.625,91.5625,4.0
2015-08-06T21:32:30.000000Z,91.625,91.5625,1.0
2015-08-06T21:32:35.000000Z,91.625,91.5625,1.0
2015-08-06T21:32:40.000000Z,91.625,91.5625,1.0
2015-08-06T21:33:15.000000Z,91.625,91.5625,1.0
2015-08-06T21:33:30.000000Z,91.625,91.5625,4.0
2015-08-06T21:33:35.000000Z,91.625,91.5625,1.0
2015-08-06T21:33:40.000000Z,91.625,91.5625,4.0
2015-08-06T21:33:45.000000Z,91.625,91.5625,6.0
2015-08-06T21:33:55.000000Z,91.625,91.5625,4.0
2015-08-06T21:34:00.000000Z,91.625,91.5625,3.0
2015-08-06T21:34:10.000000Z,91.625,91.5625,1.0
2015-08-06T21:34:15.000000Z,91.625,91.5625,1.0
2015-08-06T21:34:20.000000Z,91.625,91.5625,1.0
2015-08-06T21:34:25.000000Z,91.625,91.5625,3.0
2015-08-06T21:34:30.000000Z,91.625,91.5625,4.0
2015-08-06T21:34:40.000000Z,91.625,91.5625,2.0
2015-08-06T21:34:45.000000Z,91.625,91.5625,2.0
2015-08-06T21:34:50.000000Z,91.625,91.5625,4.0
2015-08-06T21:34:55.000000Z,91.625,91.5625,7.0
2015-08-06T21:35:05.000000Z,91.625,91.5625,3.0
2015-08-06T21:35:15.000000Z,91.625,91.5625,1.0
2015-08-06T21:35:30.000000Z,91.625,91.5625,5.0
2015-08-06T21:35:35.000000Z,91.625,91.5625,3.0
2015-08-06T21:35:40.000000Z,91.625,91.5625,1.0
2015-08-06T21:35:55.000000Z,91.625,91.5625,1.0
2015-08-06T21:36:00.000000Z,91.625,91.5625,1.0
2015-08-06T21:36:05.000000Z,91.625,91.5625,9.0
2015-08-06T21:36:15.000000Z,91.625,91.5625,1.0
2015-08-06T21:36:20.000000Z,91.625,91.5625,2.0
2015-08-06T21:36:30.000000Z,91.625,91.5625,4.0
2015-08-06T21:36:35.000000Z,91.625,91.5625,1.0
2015-08-06T21:36:40.000000Z,91.625,91.5625,1.0
2015-08-06T21:36:45.000000Z,91.625,91.5625,1.0
2015-08-06T21:36:50.000000Z,91.625,91.5625,1.0
2015-08-06T21:36:55.000000Z,91.625,91.5625,1.0
2015-08-06T21:37:00.000000Z,91.625,91.5625,4.0
2015-08-06T21:37:05.000000Z,91.625,91.5625,2.0
2015-08-06T21:37:10.000000Z,91.625,91.5625,3.0
2015-08-06T21:37:15.000000Z,91.625,91.5625,13.0
2015-08-06T21:37:20.000000Z,91.625,91.5625,2.0
2015-08-06T21:37:25.000000Z,91.625,91.5625,5.0
2015-08-06T21:37:35.000000Z,91.625,91.5625,4.0
2015-08-06T21:37:55.000000Z,91.625,91.5625,10.0
2015-08-06T21:38:00.000000Z,91.625,91.5625,2.0
2015-08-06T21:38:05.000000Z,91.625,91.5625,6.0
2015-08-06T21:38:10.000000Z,91.625,91.5625,1.0
2015-08-06T21:38:15.000000Z,91.625,91.5625,6.0
2015-08-06T21:38:20.000000Z,91.625,91.5625,3.0
2015-08-06T21:38:25.000000Z,91.625,91.5625,2.0
2015-08-06T21:38:30.000000Z,91.625,91.5625,2.0
2015-08-06T21:38:35.000000Z,91.625,91.5625,1.0
2015-08-06T21:38:40.000000Z,91.625,91.625,11.0
2015-08-06T21:38:45.000000Z,91.625,91.625,5.0
2015-08-06T21:38:50.000000Z,91.625,91.625,1.0
2015-08-06T21:39:00.000000Z,91.625,91.625,9.0
2015-08-06T21:39:05.000000Z,91.625,91.625,6.0
2015-08-06T21:39:10.000000Z,91.625,91.625,9.0
2015-08-06T21:39:15.000000Z,91.625,91.625,3.0
2015-08-06T21:39:20.000000Z,91.625,91.625,2.0
2015-08-06T21:39:25.000000Z,91.625,91.625,4.0
2015-08-06T21:39:30.000000Z,91.625,91.625,5.0
2015-08-06T21:39:35.000000Z,91.625,91.5625,6.0
2015-08-06T21:39:40.000000Z,91.625,91.5625,4.0
2015-08-06T21:39:45.000000Z,91.625,91.5625,5.0
2015-08-06T21:39:50.000000Z,91.625,91.5625,14.0
2015-08-06T21:39:55.000000Z,91.625,91.5625,10.0
2015-08-06T21:40:05.000000Z,91.625,91.5625,5.0
2015-08-06T21:40:15.000000Z,91.625,91.5625,1.0
2015-08-06T21:40:20.000000Z,91.625,91.5625,1.0
2015-08-06T21:40:25.000000Z,91.625,91.5625,1.0
2015-08-06T21:40:30.000000Z,91.625,91.5625,1.0
2015-08-06T21:40:35.000000Z,91.625,91.625,2.0
2015-08-06T21:40:40.000000Z,91.625,91.5625,8.0
2015-08-06T21:40:45.000000Z,91.625,91.5625,4.0
2015-08-06T21:40:50.000000Z,91.625,91.5625,8.0
2015-08-06T21:40:55.000000Z,91.625,91.5625,1.0
2015-08-06T21:41:00.000000Z,91.625,91.5625,2.0
2015-08-06T21:41:05.000000Z,91.625,91.5625,10.0
2015-08-06T21:41:10.000000Z,91.625,91.5625,7.0
2015-08-06T21:41:15.000000Z,91.625,91.5625,5.0
2015-08-06T21:41:20.000000Z,91.625,91.5625,8.0
2015-08-06T21:41:25.000000Z,91.625,91.5625,4.0
2015-08-06T21:41:30.000000Z,91.625,91.5625,3.0
2015-08-06T21:41:35.000000Z,91.625,91.5625,5.0
2015-08-06T21:41:40.000000Z,91.625,91.5625,4.0
2015-08-06T21:41:45.000000Z,91.625,91.5625,7.0
2015-08-06T21:41:50.000000Z,91.625,91.5625,1.0
2015-08-06T21:41:55.000000Z,91.625,91.5625,1.0
2015-08-06T21:42:00.000000Z,91.625,91.5625,3.0
2015-08-06T21:42:20.000000Z,91.625,91.5625,1.0
2015-08-06T21:42:35.000000Z,91.625,91.5625,1.0
2015-08-06T21:42:40.000000Z,91.625,91.5625,11.0
2015-08-06T21:42:45.000000Z,91.625,91.5625,2.0
2015-08-06T21:42:50.000000Z,91.625,91.5625,1.0
2015-08-06T21:43:00.000000Z,91.625,91.5625,2.0
2015-08-06T21:43:10.000000Z,91.625,91.5625,8.0
2015-08-06T21:43:15.000000Z,91.625,91.5625,10.0
2015-08-06T21:43:20.000000Z,91.625,91.5625,5.0
2015-08-06T21:43:25.000000Z,91.625,91.625,28.0
2015-08-06T21:43:30.000000Z,91.625,91.625,6.0
2015-08-06T21:43:35.000000Z,91.625,91.625,2.0
2015-08-06T21:43:45.000000Z,91.625,91.625,1.0
2015-08-06T21:43:50.000000Z,91.625,91.625,1.0
2015-08-06T21:43:55.000000Z,91.625,91.625,4.0
2015-08-06T21:44:00.000000Z,91.625,91.625,3.0
2015-08-06T21:44:05.000000Z,91.625,91.625,2.0
2015-08-06T21:44:15.000000Z,91.625,91.625,3.0
2015-08-06T21:44:20.000000Z,91.625,91.625,4.0
2015-08-06T21:44:30.000000Z,91.625,91.625,2.0
2015-08-06T21:44:35.000000Z,91.625,91.625,2.0
2015-08-06T21:44:40.000000Z,91.625,91.625,25.0
2015-08-06T21:44:45.000000Z,91.625,91.625,3.0
2015-08-06T21:44:50.000000Z,91.625,91.625,1.0
2015-08-06T21:44:55.000000Z,91.625,91.625,2.0
2015-08-06T21:45:05.000000Z,91.625,91.625,20.0
2015-08-06T21:45:10.000000Z,91.625,91.625,5.0
2015-08-06T21:45:15.000000Z,91.625,91.625,5.0
2015-08-06T21:45:20.000000Z,91.625,91.625,6.0
2015-08-06T21:45:25.000000Z,91.625,91.625,3.0
2015-08-06T21:45:35.000000Z,91.625,91.5625,2.0
2015-08-06T21:45:45.000000Z,91.625,91.5625,2.0
2015-08-06T21:45:55.000000Z,91.625,91.5625,1.0
2015-08-06T21:46:00.000000Z,91.625,91.5625,1.0
2015-08-06T21:46:10.000000Z,91.625,91.5625,1.0
2015-08-06T21:46:15.000000Z,91.625,91.5625,1.0
2015-08-06T21:46:20.000000Z,91.625,91.5625,2.0
2015-08-06T21:46:40.000000Z,91.625,91.5625,1.0
2015-08-06T21:47:00.000000Z,91.625,91.5625,1.0
2015-08-06T21:47:05.000000Z,91.625,91.5625,1.0
2015-08-06T21:47:10.000000Z,91.625,91.5625,2.0
2015-08-06T21:47:15.000000Z,91.625,91.5625,1.0
2015-08-06T21:47:35.000000Z,91.625,91.5625,1.0
2015-08-06T21:47:45.000000Z,91.625,91.5625,5.0
2015-08-06T21:47:50.000000Z,91.625,91.5625,4.0
2015-08-06T21:47:55.000000Z,91.625,91.5625,4.0
2015-08-06T21:48:00.000000Z,91.625,91.5625,1.0
2015-08-06T21:48:10.000000Z,91.625,91.5625,1.0
2015-08-06T21:48:15.000000Z,91.625,91.5625,1.0
2015-08-06T21:48:20.000000Z,91.625,91.5625,4.0
2015-08-06T21:48:25.000000Z,91.625,91.5625,7.0
2015-08-06T21:48:30.000000Z,91.625,91.5625,2.0
2015-08-06T21:48:35.000000Z,91.625,91.5625,1.0
2015-08-06T21:48:40.000000Z,91.625,91.5625,6.0
2015-08-06T21:48:50.000000Z,91.625,91.5625,1.0
2015-08-06T21:48:55.000000Z,91.625,91.5625,1.0
2015-08-06T21:49:20.000000Z,91.625,91.5625,1.0
2015-08-06T21:49:25.000000Z,91.625,91.5625,1.0
2015-08-06T21:49:35.000000Z,91.625,91.5625,2.0
2015-08-06T21:49:40.000000Z,91.625,91.5625,1.0
2015-08-06T21:49:45.000000Z,91.625,91.5625,1.0
2015-08-06T21:49:50.000000Z,91.625,91.5625,2.0
2015-08-06T21:49:55.000000Z,91.625,91.5625,6.0
2015-08-06T21:50:00.000000Z,91.625,91.5625,8.0
2015-08-06T21:50:10.000000Z,91.625,91.5625,3.0
2015-08-06T21:50:15.000000Z,91.625,91.5625,2.0
2015-08-06T21:50:20.000000Z,91.625,91.5625,1.0
2015-08-06T21:50:25.000000Z,91.625,91.5625,1.0
2015-08-06T21:50:35.000000Z,91.625,91.5625,1.0
2015-08-06T21:50:50.000000Z,91.625,91.5625,2.0
2015-08-06T21:51:00.000000Z,91.625,91.5625,1.0
2015-08-06T21:51:05.000000Z,91.625,91.5625,1.0
2015-08-06T21:51:10.000000Z,91.625,91.5625,1.0
2015-08-06T21:51:15.000000Z,91.625,91.5625,1.0
2015-08-06T21:51:25.000000Z,91.625,91.5625,1.0
2015-08-06T21:51:30.000000Z,91.625,91.5625,1.0
2015-08-06T21:51:35.000000Z,91.625,91.5625,6.0
2015-08-06T21:51:40.000000Z,91.625,91.5625,3.0
2015-08-06T21:51:55.000000Z,91.625,91.5625,1.0
2015-08-06T21:52:00.000000Z,91.625,91.5625,1.0
2015-08-06T21:52:05.000000Z,91.625,91.5625,3.0
2015-08-06T21:52:10.000000Z,91.625,91.5625,2.0
2015-08-06T21:52:15.000000Z,91.625,91.5625,1.0
2015-08-06T21:52:20.000000Z,91.625,91.5625,1.0
2015-08-06T21:52:35.000000Z,91.625,91.5625,2.0
2015-08-06T21:52:40.000000Z,91.625,91.5625,1.0
2015-08-06T21:52:45.000000Z,91.625,91.5625,1.0
2015-08-06T21:52:50.000000Z,91.625,91.5625,1.0
2015-08-06T21:53:15.000000Z,91.625,91.5625,1.0
2015-08-06T21:53:20.000000Z,91.625,91.5625,1.0
2015-08-06T21:53:25.000000Z,91.625,91.5625,1.0
2015-08-06T21:53:40.000000Z,91.625,91.5625,1.0
2015-08-06T21:54:05.000000Z,91.625,91.5625,1.0
2015-08-06T21:54:10.000000Z,91.625,91.5625,1.0
2015-08-06T21:54:15.000000Z,91.625,91.5625,1.0
2015-08-06T21:54:35.000000Z,91.625,91.5625,4.0
2015-08-06T21:54:40.000000Z,91.625,91.5625,2.0
2015-08-06T21:54:45.000000Z,91.625,91.5625,1.0
2015-08-06T21:54:50.000000Z,91.625,91.5625,1.0
2015-08-06T21:54:55.000000Z,91.625,91.5625,2.0
2015-08-06T21:55:00.000000Z,91.625,91.5625,2.0
2015-08-06T21:55:05.000000Z,91.625,91.5625,1.0
2015-08-06T21:55:10.000000Z,91.625,91.5625,1.0
2015-08-06T21:55:15.000000Z,91.625,91.5625,2.0
2015-08-06T21:55:30.000000Z,91.625,91.5625,1.0
2015-08-06T21:55:35.000000Z,91.625,91.5625,1.0
2015-08-06T21:55:50.000000Z,91.625,91.5625,2.0
2015-08-06T21:56:05.000000Z,91.625,91.5625,3.0
2015-08-06T21:56:15.000000Z,91.625,91.5625,1.0
2015-08-06T21:56:20.000000Z,91.625,91.5625,1.0
2015-08-06T21:56:30.000000Z,91.625,91.5625,1.0
2015-08-06T21:56:40.000000Z,91.625,91.5625,1.0
2015-08-06T21:56:45.000000Z,91.625,91.5625,2.0
2015-08-06T21:56:50.000000Z,91.625,91.5625,3.0
2015-08-06T21:57:00.000000Z,91.625,91.5625,14.0
2015-08-06T21:57:05.000000Z,91.625,91.5625,1.0
2015-08-06T21:57:10.000000Z,91.625,91.5625,2.0
2015-08-06T21:57:15.000000Z,91.625,91.5625,6.0
2015-08-06T21:57:20.000000Z,91.625,91.5625,2.0
2015-08-06T21:57:25.000000Z,91.625,91.5625,5.0
2015-08-06T21:57:30.000000Z,91.625,91.5625,2.0
2015-08-06T21:57:35.000000Z,91.625,91.5625,1.0
2015-08-06T21:57:45.000000Z,91.625,91.5625,2.0
2015-08-06T21:57:50.000000Z,91.625,91.5625,1.0
2015-08-06T21:57:55.000000Z,91.625,91.5625,1.0
2015-08-06T21:58:00.000000Z,91.625,91.5625,4.0
2015-08-06T21:58:05.000000Z,91.625,91.5625,4.0
2015-08-06T21:58:10.000000Z,91.625,91.5625,2.0
2015-08-06T21:58:15.000000Z,91.625,91.5625,4.0
2015-08-06T21:58:20.000000Z,91.625,91.5625,15.0
2015-08-06T21:58:25.000000Z,91.625,91.5625,28.0
2015-08-06T21:58:30.000000Z,91.625,91.5625,19.0
2015-08-06T21:58:35.000000Z,91.625,91.5625,5.0
2015-08-06T21:58:40.000000Z,91.625,91.5625,4.0
2015-08-06T21:58:45.000000Z,91.625,91.5625,4.0
2015-08-06T21:58:50.000000Z,91.625,91.5625,6.0
2015-08-06T21:58:55.000000Z,91.625,91.5625,4.0
2015-08-06T21:59:00.000000Z,91.625,91.5625,13.0
2015-08-06T21:59:05.000000Z,91.625,91.5625,1.0
2015-08-06T21:59:15.000000Z,91.625,91.5625,5.0
2015-08-06T21:59:20.000000Z,91.625,91.5625,6.0
2015-08-06T21:59:35.000000Z,91.625,91.5625,10.0
2015-08-06T21:59:40.000000Z,91.625,91.5625,9.0
2015-08-06T21:59:45.000000Z,91.625,91.5625,8.0
2015-08-06T21:59:50.000000Z,91.625,91.5625,7.0
2015-08-06T21:59:55.000000Z,91.625,91.5625,3.0
2015-08-06T22:00:00.000000Z,91.625,91.5625,2.0
2015-08-06T22:00:05.000000Z,91.625,91.5625,2.0
2015-08-06T22:00:10.000000Z,91.625,91.5625,8.0
2015-08-06T22:00:15.000000Z,91.625,91.5625,14.0
2015-08-06T22:00:25.000000Z,91.625,91.5625,6.0
2015-08-06T22:00:30.000000Z,91.625,91.5625,2.0
2015-08-06T22:00:35.000000Z,91.625,91.5625,4.0
2015-08-06T22:00:40.000000Z,91.625,91.5625,2.0
2015-08-06T22:00:45.000000Z,91.625,91.5625,2.0
2015-08-06T22:00:50.000000Z,91.625,91.5625,2.0
2015-08-06T22:00:55.000000Z,91.625,91.5625,5.0
2015-08-06T22:01:00.000000Z,91.625,91.5625,1.0
2015-08-06T22:01:05.000000Z,91.625,91.5625,1.0
2015-08-06T22:01:10.000000Z,91.625,91.5625,1.0
2015-08-06T22:01:15.000000Z,91.625,91.5625,3.0
2015-08-06T22:01:20.000000Z,91.625,91.5625,6.0
2015-08-06T22:01:25.000000Z,91.625,91.5625,2.0
2015-08-06T22:01:30.000000Z,91.625,91.5625,2.0
2015-08-06T22:01:35.000000Z,91.625,91.5625,1.0
2015-08-06T22:01:40.000000Z,91.625,91.5625,2.0
2015-08-06T22:01:45.000000Z,91.625,91.5625,10.0
2015-08-06T22:01:50.000000Z,91.625,91.5625,2.0
2015-08-06T22:01:55.000000Z,91.625,91.5625,4.0
2015-08-06T22:02:00.000000Z,91.625,91.5625,9.0
2015-08-06T22:02:05.000000Z,91.625,91.5625,1.0
2015-08-06T22:02:10.000000Z,91.625,91.5625,4.0
2015-08-06T22:02:15.000000Z,91.625,91.5625,10.0
2015-08-06T22:02:25.000000Z,91.625,91.5625,1.0
2015-08-06T22:02:30.000000Z,91.625,91.5625,1.0
2015-08-06T22:02:35.000000Z,91.625,91.5625,6.0
2015-08-06T22:02:40.000000Z,91.625,91.5625,2.0
2015-08-06T22:02:45.000000Z,91.625,91.5625,12.0
2015-08-06T22:02:50.000000Z,91.625,91.5625,6.0
2015-08-06T22:02:55.000000Z,91.625,91.5625,4.0
2015-08-06T22:03:00.000000Z,91.625,91.5625,2.0
2015-08-06T22:03:05.000000Z,91.625,91.5625,1.0
2015-08-06T22:03:10.000000Z,91.625,91.5625,6.0
2015-08-06T22:03:15.000000Z,91.625,91.625,15.0
2015-08-06T22:03:20.000000Z,91.625,91.625,1.0
2015-08-06T22:03:25.000000Z,91.625,91.625,6.0
2015-08-06T22:03:35.000000Z,91.625,91.625,2.0
2015-08-06T22:03:40.000000Z,91.625,91.625,7.0
2015-08-06T22:03:45.000000Z,91.625,91.625,6.0
2015-08-06T22:03:50.000000Z,91.625,91.625,18.0
2015-08-06T22:03:55.000000Z,91.625,91.625,12.0
2015-08-06T22:04:00.000000Z,91.625,91.625,1.0
2015-08-06T22:04:05.000000Z,91.625,91.625,4.0
2015-08-06T22:04:10.000000Z,91.625,91.625,11.0
2015-08-06T22:04:20.000000Z,91.625,91.625,3.0
2015-08-06T22:04:25.000000Z,91.625,91.5625,9.0
2015-08-06T22:04:30.000000Z,91.625,91.5625,4.0
2015-08-06T22:04:35.000000Z,91.625,91.5625,13.0
2015-08-06T22:04:40.000000Z,91.625,91.5625,1.0
2015-08-06T22:04:45.000000Z,91.625,91.625,26.0
2015-08-06T22:04:50.000000Z,91.625,91.625,3.0
2015-08-06T22:04:55.000000Z,91.625,91.625,5.0
2015-08-06T22:05:00.000000Z,91.625,91.625,3.0
2015-08-06T22:05:05.000000Z,91.625,91.625,5.0
2015-08-06T22:05:10.000000Z,91.625,91.625,4.0
2015-08-06T22:05:15.000000Z,91.625,91.625,9.0
2015-08-06T22:05:20.000000Z,91.625,91.625,6.0
2015-08-06T22:05:25.000000Z,91.625,91.625,6.0
2015-08-06T22:05:30.000000Z,91.625,91.625,1.0
2015-08-06T22:05:35.000000Z,91.625,91.625,6.0
2015-08-06T22:05:40.000000Z,91.625,91.625,5.0
2015-08-06T22:05:45.000000Z,91.625,91.625,11.0
2015-08-06T22:05:55.000000Z,91.625,91.625,1.0
2015-08-06T22:06:00.000000Z,91.625,91.625,2.0
2015-08-06T22:06:05.000000Z,91.625,91.625,9.0
2015-08-06T22:06:10.000000Z,91.625,91.625,4.0
2015-08-06T22:06:15.000000Z,91.625,91.625,10.0
2015-08-06T22:06:20.000000Z,91.625,91.625,2.0
2015-08-06T22:06:25.000000Z,91.625,91.625,11.0
2015-08-06T22:06:30.000000Z,91.625,91.625,4.0
2015-08-06T22:06:35.000000Z,91.625,91.625,6.0
2015-08-06T22:06:40.000000Z,91.625,91.625,1.0
2015-08-06T22:06:45.000000Z,91.625,91.625,3.0
2015-08-06T22:06:50.000000Z,91.625,91.625,3.0
2015-08-06T22:06:55.000000Z,91.625,91.625,2.0
2015-08-06T22:07:00.000000Z,91.625,91.625,2.0
2015-08-06T22:07:05.000000Z,91.625,91.625,5.0
2015-08-06T22:07:10.000000Z,91.625,91.625,9.0
2015-08-06T22:07:15.000000Z,91.625,91.625,3.0
2015-08-06T22:07:20.000000Z,91.625,91.625,3.0
2015-08-06T22:07:25.000000Z,91.625,91.625,13.0
2015-08-06T22:07:30.000000Z,91.625,91.625,11.0
2015-08-06T22:07:35.000000Z,91.625,91.625,10.0
2015-08-06T22:07:40.000000Z,91.625,91.625,5.0
2015-08-06T22:07:45.000000Z,91.625,91.625,2.0
2015-08-06T22:07:50.000000Z,91.625,91.625,10.0
2015-08-06T22:07:55.000000Z,91.625,91.625,7.0
2015-08-06T22:08:00.000000Z,91.625,91.625,6.0
2015-08-06T22:08:05.000000Z,91.625,91.625,4.0
2015-08-06T22:08:10.000000Z,91.625,91.625,1.0
2015-08-06T22:08:15.000000Z,91.625,91.625,9.0
2015-08-06T22:08:20.000000Z,91.625,91.625,10.0
2015-08-06T22:08:25.000000Z,91.625,91.625,6.0
2015-08-06T22:08:30.000000Z,91.625,91.625,6.0
2015-08-06T22:08:35.000000Z,91.625,91.625,7.0
2015-08-06T22:08:40.000000Z,91.625,91.625,1.0
2015-08-06T22:08:45.000000Z,91.625,91.625,15.0
2015-08-06T22:08:50.000000Z,91.625,91.625,6.0
2015-08-06T22:08:55.000000Z,91.625,91.625,10.0
2015-08-06T22:09:00.000000Z,91.625,91.625,3.0
2015-08-06T22:09:05.000000Z,91.625,91.625,7.0
2015-08-06T22:09:10.000000Z,91.625,91.625,3.0
2015-08-06T22:09:15.000000Z,91.625,91.625,33.0
2015-08-06T22:09:20.000000Z,91.625,91.625,3.0
2015-08-06T22:09:25.000000Z,91.625,91.625,4.0
2015-08-06T22:09:30.000000Z,91.625,91.625,5.0
2015-08-06T22:09:40.000000Z,91.625,91.625,2.0
2015-08-06T22:09:45.000000Z,91.625,91.625,3.0
2015-08-06T22:09:50.000000Z,91.625,91.625,6.0
2015-08-06T22:09:55.000000Z,91.625,91.625,11.0
2015-08-06T22:10:00.000000Z,91.625,91.625,7.0
2015-08-06T22:10:05.000000Z,91.625,91.625,11.0
2015-08-06T22:10:10.000000Z,91.625,91.625,7.0
2015-08-06T22:10:15.000000Z,91.625,91.625,6.0
2015-08-06T22:10:20.000000Z,91.625,91.625,5.0
2015-08-06T22:10:25.000000Z,91.625,91.625,4.0
2015-08-06T22:10:30.000000Z,91.625,91.5625,1.0
2015-08-06T22:10:40.000000Z,91.625,91.625,12.0
2015-08-06T22:10:45.000000Z,91.625,91.625,22.0
2015-08-06T22:10:50.000000Z,91.625,91.625,18.0
2015-08-06T22:10:55.000000Z,91.625,91.625,12.0
2015-08-06T22:11:00.000000Z,91.625,91.625,1.0
2015-08-06T22:11:05.000000Z,91.625,91.625,6.0
2015-08-06T22:11:10.000000Z,91.625,91.625,4.0
2015-08-06T22:11:15.000000Z,91.625,91.625,4.0
2015-08-06T22:11:20.000000Z,91.625,91.625,1.0
2015-08-06T22:11:30.000000Z,91.625,91.625,2.0
2015-08-06T22:11:35.000000Z,91.625,91.625,5.0
2015-08-06T22:11:40.000000Z,91.625,91.625,16.0
2015-08-06T22:11:45.000000Z,91.625,91.625,3.0
2015-08-06T22:11:50.000000Z,91.625,91.625,4.0
2015-08-06T22:11:55.000000Z,91.625,91.625,4.0
2015-08-06T22:12:00.000000Z,91.625,91.625,5.0
2015-08-06T22:12:05.000000Z,91.625,91.625,1.0
2015-08-06T22:12:10.000000Z,91.625,91.625,4.0
2015-08-06T22:12:20.000000Z,91.625,91.625,3.0
2015-08-06T22:12:25.000000Z,91.625,91.625,1.0
2015-08-06T22:12:30.000000Z,91.625,91.625,1.0
2015-08-06T22:12:45.000000Z,91.625,91.625,4.0
2015-08-06T22:12:50.000000Z,91.625,91.625,19.0
2015-08-06T22:12:55.000000Z,91.625,91.625,3.0
2015-08-06T22:13:00.000000Z,91.625,91.625,1.0
2015-08-06T22:13:05.000000Z,91.625,91.5625,12.0
2015-08-06T22:13:10.000000Z,91.625,91.5625,6.0
2015-08-06T22:13:15.000000Z,91.625,91.5625,3.0
2015-08-06T22:13:20.000000Z,91.625,91.625,8.0
2015-08-06T22:13:25.000000Z,91.625,91.625,2.0
2015-08-06T22:13:30.000000Z,91.625,91.5625,21.0
2015-08-06T22:13:35.000000Z,91.625,91.5625,14.0
2015-08-06T22:13:40.000000Z,91.625,91.5625,1.0
2015-08-06T22:13:45.000000Z,91.625,91.5625,10.0
2015-08-06T22:13:55.000000Z,91.625,91.5625,18.0
2015-08-06T22:14:10.000000Z,91.625,91.5625,33.0
2015-08-06T22:14:15.000000Z,91.625,91.5625,1.0
2015-08-06T22:14:20.000000Z,91.625,91.5625,4.0
2015-08-06T22:14:25.000000Z,91.625,91.5625,3.0
2015-08-06T22:14:30.000000Z,91.625,91.5625,22.0
2015-08-06T22:14:35.000000Z,91.625,91.5625,9.0
2015-08-06T22:14:40.000000Z,91.625,91.5625,2.0
2015-08-06T22:14:45.000000Z,91.625,91.5625,4.0
2015-08-06T22:14:50.000000Z,91.625,91.5625,1.0
2015-08-06T22:14:55.000000Z,91.625,91.5625,1.0
2015-08-06T22:15:00.000000Z,91.625,91.5625,2.0
2015-08-06T22:15:15.000000Z,91.625,91.5625,2.0
2015-08-06T22:15:20.000000Z,91.625,91.5625,1.0
2015-08-06T22:15:25.000000Z,91.625,91.5625,1.0
2015-08-06T22:15:30.000000Z,91.625,91.5625,1.0
2015-08-06T22:15:35.000000Z,91.625,91.5625,1.0
2015-08-06T22:15:40.000000Z,91.625,91.5625,4.0
2015-08-06T22:15:45.000000Z,91.625,91.5625,17.0
2015-08-06T22:15:50.000000Z,91.625,91.5625,50.0
2015-08-06T22:15:55.000000Z,91.625,91.5625,11.0
2015-08-06T22:16:00.000000Z,91.625,91.5625,4.0
2015-08-06T22:16:05.000000Z,91.625,91.5625,1.0
2015-08-06T22:16:10.000000Z,91.625,91.5625,2.0
2015-08-06T22:16:15.000000Z,91.625,91.5625,1.0
2015-08-06T22:16:20.000000Z,91.625,91.5625,5.0
2015-08-06T22:16:30.000000Z,91.625,91.625,2.0
2015-08-06T22:16:55.000000Z,91.625,91.5625,2.0
2015-08-06T22:17:00.000000Z,91.625,91.5625,1.0
2015-08-06T22:17:05.000000Z,91.625,91.5625,4.0
2015-08-06T22:17:10.000000Z,91.625,91.625,7.0
2015-08-06T22:17:15.000000Z,91.625,91.625,1.0
2015-08-06T22:17:35.000000Z,91.625,91.625,1.0
2015-08-06T22:17:40.000000Z,91.625,91.625,3.0
2015-08-06T22:17:45.000000Z,91.625,91.625,1.0
2015-08-06T22:18:25.000000Z,91.625,91.625,2.0
2015-08-06T22:18:30.000000Z,91.625,91.625,3.0
2015-08-06T22:18:35.000000Z,91.625,91.625,2.0
2015-08-06T22:18:45.000000Z,91.625,91.625,1.0
2015-08-06T22:18:50.000000Z,91.625,91.625,3.0
2015-08-06T22:19:00.000000Z,91.625,91.5625,1.0
2015-08-06T22:19:05.000000Z,91.625,91.5625,2.0
2015-08-06T22:19:10.000000Z,91.625,91.625,3.0
2015-08-06T22:19:20.000000Z,91.625,91.625,3.0
2015-08-06T22:19:35.000000Z,91.625,91.625,1.0
2015-08-06T22:19:55.000000Z,91.625,91.625,4.0
2015-08-06T22:20:00.000000Z,91.625,91.625,11.0
2015-08-06T22:20:05.000000Z,91.625,91.625,1.0
2015-08-06T22:20:10.000000Z,91.625,91.625,2.0
2015-08-06T22:20:15.000000Z,91.625,91.625,1.0
2015-08-06T22:20:20.000000Z,91.625,91.625,1.0
2015-08-06T22:20:25.000000Z,91.625,91.625,5.0
2015-08-06T22:20:30.000000Z,91.625,91.625,5.0
2015-08-06T22:20:35.000000Z,91.625,91.625,2.0
2015-08-06T22:20:40.000000Z,91.625,91.625,2.0
2015-08-06T22:20:45.000000Z,91.625,91.625,2.0
2015-08-06T22:21:00.000000Z,91.625,91.625,11.0
2015-08-06T22:21:05.000000Z,91.625,91.625,5.0
2015-08-06T22:21:10.000000Z,91.625,91.625,10.0
2015-08-06T22:21:15.000000Z,91.625,91.625,4.0
2015-08-06T22:21:20.000000Z,91.625,91.625,4.0
2015-08-06T22:21:30.000000Z,91.625,91.625,4.0
2015-08-06T22:21:35.000000Z,91.625,91.625,3.0
2015-08-06T22:21:40.000000Z,91.625,91.625,9.0
2015-08-06T22:21:45.000000Z,91.625,91.625,5.0
2015-08-06T22:21:50.000000Z,91.625,91.625,7.0
2015-08-06T22:21:55.000000Z,91.625,91.625,3.0
2015-08-06T22:22:00.000000Z,91.625,91.625,9.0
2015-08-06T22:22:10.000000Z,91.625,91.625,8.0
2015-08-06T22:22:15.000000Z,91.625,91.625,4.0
2015-08-06T22:22:25.000000Z,91.625,91.625,1.0
2015-08-06T22:22:30.000000Z,91.625,91.625,4.0
2015-08-06T22:22:35.000000Z,91.625,91.625,6.0
2015-08-06T22:22:40.000000Z,91.625,91.625,2.0
2015-08-06T22:22:50.000000Z,91.625,91.625,1.0
2015-08-06T22:22:55.000000Z,91.625,91.625,2.0
2015-08-06T22:23:05.000000Z,91.625,91.625,2.0
2015-08-06T22:23:15.000000Z,91.625,91.625,1.0
2015-08-06T22:23:30.000000Z,91.625,91.625,6.0
2015-08-06T22:23:35.000000Z,91.625,91.625,1.0
2015-08-06T22:23:40.000000Z,91.625,91.625,1.0
2015-08-06T22:24:05.000000Z,91.625,91.625,2.0
2015-08-06T22:24:15.000000Z,91.625,91.625,4.0
2015-08-06T22:24:20.000000Z,91.625,91.625,4.0
2015-08-06T22:24:25.000000Z,91.625,91.625,3.0
2015-08-06T22:24:30.000000Z,91.625,91.625,1.0
2015-08-06T22:24:35.000000Z,91.625,91.625,2.0
2015-08-06T22:24:45.000000Z,91.625,91.625,3.0
2015-08-06T22:24:50.000000Z,91.625,91.625,5.0
2015-08-06T22:25:00.000000Z,91.625,91.625,4.0
2015-08-06T22:25:15.000000Z,91.625,91.625,4.0
2015-08-06T22:25:20.000000Z,91.625,91.625,5.0
2015-08-06T22:25:25.000000Z,91.625,91.625,2.0
2015-08-06T22:25:30.000000Z,91.625,91.625,3.0
2015-08-06T22:25:40.000000Z,91.625,91.625,1.0
2015-08-06T22:25:45.000000Z,91.625,91.625,3.0
2015-08-06T22:26:05.000000Z,91.625,91.625,1.0
2015-08-06T22:26:10.000000Z,91.625,91.625,1.0
2015-08-06T22:26:25.000000Z,91.625,91.625,1.0
2015-08-06T22:26:30.000000Z,91.625,91.625,2.0
2015-08-06T22:26:35.000000Z,91.625,91.625,1.0
2015-08-06T22:26:40.000000Z,91.625,91.625,2.0
2015-08-06T22:26:45.000000Z,91.625,91.625,1.0
2015-08-06T22:26:55.000000Z,91.625,91.625,1.0
2015-08-06T22:27:00.000000Z,91.625,91.625,2.0
2015-08-06T22:27:05.000000Z,91.625,91.625,1.0
2015-08-06T22:27:20.000000Z,91.625,91.625,1.0
2015-08-06T22:27:25.000000Z,91.625,91.625,1.0
2015-08-06T22:28:20.000000Z,91.625,91.625,4.0
2015-08-06T22:28:25.000000Z,91.625,91.625,2.0
2015-08-06T22:28:35.000000Z,91.625,91.625,4.0
2015-08-06T22:28:40.000000Z,91.625,91.625,5.0
2015-08-06T22:28:45.000000Z,91.625,91.625,8.0
2015-08-06T22:28:55.000000Z,91.625,91.625,1.0
2015-08-06T22:29:00.000000Z,91.625,91.625,17.0
2015-08-06T22:29:05.000000Z,91.625,91.625,26.0
2015-08-06T22:29:10.000000Z,91.625,91.625,4.0
2015-08-06T22:29:15.000000Z,91.625,91.625,7.0
2015-08-06T22:29:20.000000Z,91.625,91.625,1.0
2015-08-06T22:29:50.000000Z,91.625,91.625,2.0
2015-08-06T22:30:10.000000Z,91.625,91.625,2.0
2015-08-06T22:30:25.000000Z,91.625,91.625,4.0
2015-08-06T22:30:30.000000Z,91.625,91.625,3.0
2015-08-06T22:30:35.000000Z,91.625,91.625,5.0
2015-08-06T22:30:55.000000Z,91.625,91.5625,14.0
2015-08-06T22:31:00.000000Z,91.625,91.5625,13.0
2015-08-06T22:31:15.000000Z,91.625,91.5625,2.0
2015-08-06T22:31:20.000000Z,91.625,91.5625,1.0
2015-08-06T22:31:25.000000Z,91.625,91.5625,1.0
2015-08-06T22:31:40.000000Z,91.625,91.5625,2.0
2015-08-06T22:31:50.000000Z,91.625,91.5625,1.0
2015-08-06T22:32:00.000000Z,91.625,91.5625,10.0
2015-08-06T22:32:05.000000Z,91.625,91.5625,1.0
2015-08-06T22:32:15.000000Z,91.625,91.5625,1.0
2015-08-06T22:32:30.000000Z,91.625,91.5625,1.0
2015-08-06T22:32:35.000000Z,91.625,91.5625,2.0
2015-08-06T22:32:45.000000Z,91.625,91.5625,1.0
2015-08-06T22:32:50.000000Z,91.625,91.5625,2.0
2015-08-06T22:32:55.000000Z,91.625,91.5625,2.0
2015-08-06T22:33:05.000000Z,91.625,91.5625,1.0
2015-08-06T22:33:20.000000Z,91.625,91.5625,1.0
2015-08-06T22:33:30.000000Z,91.625,91.5625,1.0
2015-08-06T22:33:35.000000Z,91.625,91.5625,1.0
2015-08-06T22:33:50.000000Z,91.625,91.5625,1.0
2015-08-06T22:34:10.000000Z,91.625,91.5625,1.0
2015-08-06T22:34:30.000000Z,91.625,91.5625,1.0
2015-08-06T22:34:35.000000Z,91.625,91.5625,2.0
2015-08-06T22:34:40.000000Z,91.625,91.5625,1.0
2015-08-06T22:34:55.000000Z,91.625,91.5625,5.0
2015-08-06T22:35:00.000000Z,91.625,91.5625,1.0
2015-08-06T22:35:05.000000Z,91.625,91.5625,8.0
2015-08-06T22:35:10.000000Z,91.625,91.5625,1.0
2015-08-06T22:35:35.000000Z,91.625,91.5625,1.0
2015-08-06T22:35:45.000000Z,91.625,91.5625,1.0
2015-08-06T22:35:50.000000Z,91.625,91.5625,7.0
2015-08-06T22:35:55.000000Z,91.625,91.5625,1.0
2015-08-06T22:36:00.000000Z,91.625,91.5625,2.0
2015-08-06T22:36:05.000000Z,91.625,91.5625,5.0
2015-08-06T22:36:10.000000Z,91.625,91.5625,1.0
2015-08-06T22:36:15.000000Z,91.625,91.5625,3.0
2015-08-06T22:36:20.000000Z,91.625,91.5625,2.0
2015-08-06T22:36:25.000000Z,91.625,91.5625,1.0
2015-08-06T22:36:30.000000Z,91.625,91.5625,2.0
2015-08-06T22:36:40.000000Z,91.625,91.5625,1.0
2015-08-06T22:36:45.000000Z,91.625,91.5625,1.0
2015-08-06T22:36:55.000000Z,91.625,91.5625,1.0
2015-08-06T22:37:05.000000Z,91.625,91.5625,3.0
2015-08-06T22:37:10.000000Z,91.625,91.5625,1.0
2015-08-06T22:37:20.000000Z,91.625,91.5625,8.0
2015-08-06T22:37:25.000000Z,91.625,91.5625,4.0
2015-08-06T22:37:30.000000Z,91.625,91.5625,8.0
2015-08-06T22:37:35.000000Z,91.625,91.5625,2.0
2015-08-06T22:37:40.000000Z,91.625,91.5625,5.0
2015-08-06T22:37:45.000000Z,91.625,91.5625,2.0
2015-08-06T22:37:50.000000Z,91.625,91.5625,8.0
2015-08-06T22:37:55.000000Z,91.625,91.5625,1.0
2015-08-06T22:38:00.000000Z,91.625,91.5625,5.0
2015-08-06T22:38:05.000000Z,91.625,91.5625,2.0
2015-08-06T22:38:10.000000Z,91.625,91.5625,8.0
2015-08-06T22:38:15.000000Z,91.625,91.5625,3.0
2015-08-06T22:38:20.000000Z,91.625,91.5625,7.0
2015-08-06T22:38:25.000000Z,91.625,91.5625,1.0
2015-08-06T22:38:30.000000Z,91.625,91.5625,1.0
2015-08-06T22:38:45.000000Z,91.625,91.5625,2.0
2015-08-06T22:39:00.000000Z,91.625,91.5625,10.0
2015-08-06T22:39:05.000000Z,91.625,91.5625,2.0
2015-08-06T22:39:10.000000Z,91.625,91.5625,7.0
2015-08-06T22:39:20.000000Z,91.625,91.5625,2.0
2015-08-06T22:39:25.000000Z,91.625,91.5625,1.0
2015-08-06T22:39:30.000000Z,91.625,91.5625,3.0
2015-08-06T22:39:40.000000Z,91.625,91.5625,3.0
2015-08-06T22:39:45.000000Z,91.625,91.5625,1.0
2015-08-06T22:39:50.000000Z,91.5625,91.5625,3.0
2015-08-06T22:39:55.000000Z,91.625,91.5625,5.0
2015-08-06T22:40:00.000000Z,91.625,91.5625,3.0
2015-08-06T22:40:20.000000Z,91.625,91.5625,3.0
2015-08-06T22:40:25.000000Z,91.5625,91.5625,7.0
2015-08-06T22:40:35.000000Z,91.625,91.5625,1.0
2015-08-06T22:40:40.000000Z,91.5625,91.5625,4.0
2015-08-06T22:41:20.000000Z,91.625,91.5625,14.0
2015-08-06T22:41:30.000000Z,91.625,91.5625,3.0
2015-08-06T22:41:50.000000Z,91.625,91.5625,1.0
2015-08-06T22:41:55.000000Z,91.625,91.5625,1.0
2015-08-06T22:42:00.000000Z,91.625,91.5625,6.0
2015-08-06T22:42:25.000000Z,91.625,91.5625,2.0
2015-08-06T22:42:30.000000Z,91.625,91.5625,2.0
2015-08-06T22:42:45.000000Z,91.625,91.5625,5.0
2015-08-06T22:42:50.000000Z,91.625,91.5625,2.0
2015-08-06T22:43:05.000000Z,91.625,91.5625,5.0
2015-08-06T22:43:10.000000Z,91.625,91.5625,1.0
2015-08-06T22:43:15.000000Z,91.625,91.5625,3.0
2015-08-06T22:43:25.000000Z,91.625,91.5625,2.0
2015-08-06T22:43:30.000000Z,91.625,91.5625,6.0
2015-08-06T22:43:35.000000Z,91.625,91.5625,1.0
2015-08-06T22:43:40.000000Z,91.625,91.5625,7.0
2015-08-06T22:43:45.000000Z,91.5625,91.5625,10.0
2015-08-06T22:43:50.000000Z,91.5625,91.5625,7.0
2015-08-06T22:43:55.000000Z,91.5625,91.5625,6.0
2015-08-06T22:44:00.000000Z,91.625,91.5625,5.0
2015-08-06T22:44:05.000000Z,91.625,91.5625,3.0
2015-08-06T22:44:10.000000Z,91.625,91.5625,1.0
2015-08-06T22:44:20.000000Z,91.625,91.5625,1.0
2015-08-06T22:44:30.000000Z,91.625,91.5625,4.0
2015-08-06T22:44:35.000000Z,91.625,91.5625,1.0
2015-08-06T22:44:45.000000Z,91.625,91.5625,1.0
2015-08-06T22:44:50.000000Z,91.625,91.5625,1.0
2015-08-06T22:45:15.000000Z,91.625,91.5625,1.0
2015-08-06T22:45:20.000000Z,91.625,91.5625,1.0
2015-08-06T22:45:25.000000Z,91.625,91.5625,2.0
2015-08-06T22:45:30.000000Z,91.625,91.5625,2.0
2015-08-06T22:45:35.000000Z,91.625,91.5625,1.0
2015-08-06T22:46:20.000000Z,91.5625,91.5625,1.0
2015-08-06T22:46:25.000000Z,91.625,91.5625,1.0
2015-08-06T22:46:35.000000Z,91.625,91.5625,1.0
2015-08-06T22:46:40.000000Z,91.625,91.5625,3.0
2015-08-06T22:47:55.000000Z,91.625,91.5625,2.0
2015-08-06T22:48:20.000000Z,91.625,91.5625,1.0
2015-08-06T22:49:00.000000Z,91.625,91.5625,1.0
2015-08-06T22:49:05.000000Z,91.5625,91.5625,8.0
2015-08-06T22:49:10.000000Z,91.5625,91.5625,8.0
2015-08-06T22:49:15.000000Z,91.5625,91.5625,2.0
2015-08-06T22:49:25.000000Z,91.5625,91.5625,1.0
2015-08-06T22:49:55.000000Z,91.5625,91.5625,1.0
2015-08-06T22:50:00.000000Z,91.5625,91.5625,1.0
2015-08-06T22:50:10.000000Z,91.5625,91.5625,1.0
2015-08-06T22:50:15.000000Z,91.5625,91.5625,1.0
2015-08-06T22:51:05.000000Z,91.5625,91.5625,4.0
2015-08-06T22:51:10.000000Z,91.5625,91.5625,3.0
2015-08-06T22:51:15.000000Z,91.5625,91.5625,2.0
2015-08-06T22:51:25.000000Z,91.5625,91.5625,5.0
2015-08-06T22:51:30.000000Z,91.5625,91.5625,2.0
2015-08-06T22:51:35.000000Z,91.5625,91.5625,1.0
2015-08-06T22:51:40.000000Z,91.5625,91.5625,1.0
2015-08-06T22:51:45.000000Z,91.5625,91.5625,1.0
2015-08-06T22:52:05.000000Z,91.5625,91.5625,1.0
2015-08-06T22:52:10.000000Z,91.5625,91.5625,1.0
2015-08-06T22:52:30.000000Z,91.5625,91.5625,5.0
2015-08-06T22:52:35.000000Z,91.5625,91.5625,1.0
2015-08-06T22:52:40.000000Z,91.5625,91.5625,1.0
2015-08-06T22:52:45.000000Z,91.5625,91.5625,5.0
2015-08-06T22:52:55.000000Z,91.5625,91.5625,5.0
2015-08-06T22:53:00.000000Z,91.5625,91.5625,1.0
2015-08-06T22:53:05.000000Z,91.5625,91.5625,12.0
2015-08-06T22:53:10.000000Z,91.5625,91.5625,1.0
2015-08-06T22:53:15.000000Z,91.5625,91.5625,1.0
2015-08-06T22:53:35.000000Z,91.5625,91.5625,1.0
2015-08-06T22:53:40.000000Z,91.5625,91.5625,3.0
2015-08-06T22:53:45.000000Z,91.5625,91.5625,2.0
2015-08-06T22:54:00.000000Z,91.5625,91.5625,3.0
2015-08-06T22:54:10.000000Z,91.5625,91.5625,1.0
2015-08-06T22:54:15.000000Z,91.5625,91.5625,1.0
2015-08-06T22:55:20.000000Z,91.5625,91.5625,1.0
2015-08-06T22:55:30.000000Z,91.5625,91.5625,1.0
2015-08-06T22:55:40.000000Z,91.5625,91.5625,1.0
2015-08-06T22:55:50.000000Z,91.5625,91.5625,1.0
2015-08-06T22:56:00.000000Z,91.5625,91.5625,4.0
2015-08-06T22:56:05.000000Z,91.5625,91.5625,6.0
2015-08-06T22:56:10.000000Z,91.5625,91.5625,2.0
2015-08-06T22:56:20.000000Z,91.5625,91.5625,2.0
2015-08-06T22:56:25.000000Z,91.5625,91.5625,2.0
2015-08-06T22:57:00.000000Z,91.625,91.5625,1.0
2015-08-06T22:57:05.000000Z,91.5625,91.5625,8.0
2015-08-06T22:57:15.000000Z,91.5625,91.5625,1.0
2015-08-06T22:57:20.000000Z,91.5625,91.5625,1.0
2015-08-06T22:57:25.000000Z,91.5625,91.5625,5.0
2015-08-06T22:58:00.000000Z,91.5625,91.5625,2.0
2015-08-06T22:58:15.000000Z,91.5625,91.5625,1.0
2015-08-06T22:58:30.000000Z,91.5625,91.5625,1.0
2015-08-06T22:58:40.000000Z,91.5625,91.5625,5.0
2015-08-06T22:58:45.000000Z,91.5625,91.5625,1.0
2015-08-06T22:59:00.000000Z,91.5625,91.5625,1.0
2015-08-06T22:59:05.000000Z,91.5625,91.5625,2.0
2015-08-06T22:59:10.000000Z,91.5625,91.5625,1.0
2015-08-06T22:59:20.000000Z,91.5625,91.5625,1.0
2015-08-06T22:59:25.000000Z,91.5625,91.5625,1.0
2015-08-06T22:59:30.000000Z,91.5625,91.5625,3.0
2015-08-06T22:59:45.000000Z,91.5625,91.5625,3.0
2015-08-06T22:59:55.000000Z,91.5625,91.5625,3.0
2015-08-06T23:00:00.000000Z,91.5625,91.5625,5.0
2015-08-06T23:00:05.000000Z,91.625,91.5625,6.0
2015-08-06T23:00:10.000000Z,91.625,91.5625,3.0
2015-08-06T23:00:15.000000Z,91.5625,91.5625,3.0
2015-08-06T23:00:20.000000Z,91.625,91.5625,8.0
2015-08-06T23:00:25.000000Z,91.625,91.5625,1.0
2015-08-06T23:00:30.000000Z,91.625,91.5625,1.0
2015-08-06T23:00:35.000000Z,91.625,91.5625,8.0
2015-08-06T23:00:40.000000Z,91.625,91.5625,4.0
2015-08-06T23:00:45.000000Z,91.625,91.5625,6.0
2015-08-06T23:00:50.000000Z,91.625,91.5625,2.0
2015-08-06T23:00:55.000000Z,91.625,91.5625,4.0
2015-08-06T23:01:00.000000Z,91.625,91.5625,1.0
2015-08-06T23:01:05.000000Z,91.625,91.5625,4.0
2015-08-06T23:01:10.000000Z,91.5625,91.5625,5.0
2015-08-06T23:01:15.000000Z,91.5625,91.5625,9.0
2015-08-06T23:01:20.000000Z,91.5625,91.5625,10.0
2015-08-06T23:01:25.000000Z,91.5625,91.5625,3.0
2015-08-06T23:01:40.000000Z,91.5625,91.5625,1.0
2015-08-06T23:01:45.000000Z,91.5625,91.5625,3.0
2015-08-06T23:01:50.000000Z,91.5625,91.5625,6.0
2015-08-06T23:01:55.000000Z,91.625,91.5625,3.0
2015-08-06T23:02:00.000000Z,91.5625,91.5625,3.0
2015-08-06T23:02:05.000000Z,91.625,91.5625,6.0
2015-08-06T23:02:10.000000Z,91.625,91.5625,1.0
2015-08-06T23:02:15.000000Z,91.625,91.5625,2.0
2015-08-06T23:02:20.000000Z,91.625,91.5625,1.0
2015-08-06T23:02:30.000000Z,91.625,91.5625,1.0
2015-08-06T23:02:40.000000Z,91.625,91.5625,1.0
2015-08-06T23:02:50.000000Z,91.625,91.5625,3.0
2015-08-06T23:03:00.000000Z,91.5625,91.5625,6.0
2015-08-06T23:03:05.000000Z,91.625,91.5625,13.0
2015-08-06T23:03:10.000000Z,91.625,91.5625,3.0
2015-08-06T23:03:40.000000Z,91.625,91.5625,8.0
2015-08-06T23:03:45.000000Z,91.625,91.5625,1.0
2015-08-06T23:03:50.000000Z,91.625,91.5625,6.0
2015-08-06T23:04:05.000000Z,91.625,91.5625,1.0
2015-08-06T23:04:10.000000Z,91.625,91.5625,5.0
2015-08-06T23:04:15.000000Z,91.625,91.5625,1.0
2015-08-06T23:04:30.000000Z,91.625,91.5625,1.0
2015-08-06T23:04:35.000000Z,91.625,91.5625,4.0
2015-08-06T23:04:40.000000Z,91.625,91.5625,1.0
2015-08-06T23:04:45.000000Z,91.625,91.5625,9.0
2015-08-06T23:04:50.000000Z,91.625,91.5625,2.0
2015-08-06T23:04:55.000000Z,91.625,91.5625,3.0
2015-08-06T23:05:00.000000Z,91.625,91.5625,2.0
2015-08-06T23:05:05.000000Z,91.625,91.5625,4.0
2015-08-06T23:05:10.000000Z,91.625,91.5625,2.0
2015-08-06T23:05:15.000000Z,91.625,91.5625,1.0
2015-08-06T23:05:40.000000Z,91.625,91.5625,5.0
2015-08-06T23:05:45.000000Z,91.625,91.5625,1.0
2015-08-06T23:05:55.000000Z,91.625,91.5625,1.0
2015-08-06T23:06:00.000000Z,91.625,91.5625,1.0
2015-08-06T23:06:05.000000Z,91.625,91.5625,1.0
2015-08-06T23:06:10.000000Z,91.625,91.5625,6.0
2015-08-06T23:06:15.000000Z,91.625,91.5625,2.0
2015-08-06T23:06:20.000000Z,91.625,91.625,11.0
2015-08-06T23:06:25.000000Z,91.625,91.625,2.0
2015-08-06T23:06:30.000000Z,91.625,91.625,1.0
2015-08-06T23:06:35.000000Z,91.625,91.625,1.0
2015-08-06T23:06:40.000000Z,91.625,91.625,3.0
2015-08-06T23:06:55.000000Z,91.625,91.625,1.0
2015-08-06T23:07:00.000000Z,91.625,91.625,3.0
2015-08-06T23:07:05.000000Z,91.625,91.625,3.0
2015-08-06T23:07:10.000000Z,91.625,91.625,2.0
2015-08-06T23:07:20.000000Z,91.625,91.625,2.0
2015-08-06T23:07:25.000000Z,91.625,91.625,2.0
2015-08-06T23:07:30.000000Z,91.625,91.625,3.0
2015-08-06T23:07:35.000000Z,91.625,91.625,1.0
2015-08-06T23:07:45.000000Z,91.625,91.625,2.0
2015-08-06T23:07:50.000000Z,91.625,91.5625,6.0
2015-08-06T23:07:55.000000Z,91.625,91.5625,2.0
2015-08-06T23:08:00.000000Z,91.625,91.5625,2.0
2015-08-06T23:08:05.000000Z,91.625,91.5625,1.0
2015-08-06T23:08:15.000000Z,91.625,91.5625,4.0
2015-08-06T23:08:40.000000Z,91.625,91.5625,2.0
2015-08-06T23:08:50.000000Z,91.625,91.5625,1.0
2015-08-06T23:08:55.000000Z,91.625,91.5625,2.0
2015-08-06T23:09:00.000000Z,91.625,91.5625,1.0
2015-08-06T23:09:10.000000Z,91.625,91.5625,2.0
2015-08-06T23:09:20.000000Z,91.625,91.5625,1.0
2015-08-06T23:09:25.000000Z,91.625,91.5625,11.0
2015-08-06T23:09:30.000000Z,91.625,91.625,7.0
2015-08-06T23:09:35.000000Z,91.625,91.625,1.0
2015-08-06T23:10:00.000000Z,91.625,91.625,1.0
2015-08-06T23:10:15.000000Z,91.625,91.5625,8.0
2015-08-06T23:10:25.000000Z,91.625,91.5625,18.0
2015-08-06T23:10:30.000000Z,91.625,91.5625,3.0
2015-08-06T23:10:45.000000Z,91.625,91.5625,5.0
2015-08-06T23:10:55.000000Z,91.625,91.5625,7.0
2015-08-06T23:11:00.000000Z,91.625,91.5625,1.0
2015-08-06T23:11:05.000000Z,91.625,91.5625,3.0
2015-08-06T23:11:10.000000Z,91.625,91.5625,2.0
2015-08-06T23:11:15.000000Z,91.625,91.5625,1.0
2015-08-06T23:11:20.000000Z,91.625,91.5625,2.0
2015-08-06T23:11:25.000000Z,91.625,91.5625,4.0
2015-08-06T23:11:30.000000Z,91.625,91.5625,1.0
2015-08-06T23:11:35.000000Z,91.625,91.5625,1.0
2015-08-06T23:11:50.000000Z,91.625,91.5625,1.0
2015-08-06T23:11:55.000000Z,91.625,91.5625,1.0
2015-08-06T23:12:00.000000Z,91.625,91.5625,6.0
2015-08-06T23:12:05.000000Z,91.625,91.5625,1.0
2015-08-06T23:12:20.000000Z,91.625,91.5625,1.0
2015-08-06T23:12:25.000000Z,91.625,91.5625,1.0
2015-08-06T23:12:40.000000Z,91.625,91.5625,2.0
2015-08-06T23:12:45.000000Z,91.625,91.5625,1.0
2015-08-06T23:13:05.000000Z,91.625,91.5625,2.0
2015-08-06T23:13:10.000000Z,91.625,91.5625,12.0
2015-08-06T23:13:20.000000Z,91.625,91.5625,2.0
2015-08-06T23:13:30.000000Z,91.625,91.625,9.0
2015-08-06T23:13:35.000000Z,91.625,91.625,2.0
2015-08-06T23:13:40.000000Z,91.625,91.625,1.0
2015-08-06T23:13:45.000000Z,91.625,91.625,3.0
2015-08-06T23:13:50.000000Z,91.625,91.625,7.0
2015-08-06T23:13:55.000000Z,91.625,91.625,4.0
2015-08-06T23:14:00.000000Z,91.625,91.625,5.0
2015-08-06T23:14:05.000000Z,91.625,91.625,5.0
2015-08-06T23:14:10.000000Z,91.625,91.625,2.0
2015-08-06T23:14:20.000000Z,91.625,91.625,3.0
2015-08-06T23:14:25.000000Z,91.625,91.625,1.0
2015-08-06T23:14:30.000000Z,91.625,91.625,2.0
2015-08-06T23:14:35.000000Z,91.625,91.625,3.0
2015-08-06T23:14:45.000000Z,91.625,91.625,2.0
2015-08-06T23:14:50.000000Z,91.625,91.625,3.0
2015-08-06T23:14:55.000000Z,91.625,91.625,4.0
2015-08-06T23:15:00.000000Z,91.625,91.625,5.0
2015-08-06T23:15:05.000000Z,91.625,91.625,2.0
2015-08-06T23:15:15.000000Z,91.625,91.625,1.0
2015-08-06T23:15:20.000000Z,91.625,91.625,6.0
2015-08-06T23:15:25.000000Z,91.625,91.625,1.0
2015-08-06T23:15:40.000000Z,91.625,91.5625,6.0
2015-08-06T23:15:45.000000Z,91.625,91.5625,9.0
2015-08-06T23:15:50.000000Z,91.625,91.5625,9.0
2015-08-06T23:16:00.000000Z,91.625,91.5625,1.0
2015-08-06T23:16:05.000000Z,91.625,91.5625,6.0
2015-08-06T23:16:10.000000Z,91.625,91.5625,9.0
2015-08-06T23:16:15.000000Z,91.625,91.5625,6.0
2015-08-06T23:16:30.000000Z,91.625,91.5625,15.0
2015-08-06T23:16:35.000000Z,91.625,91.5625,2.0
2015-08-06T23:16:40.000000Z,91.625,91.5625,3.0
2015-08-06T23:16:45.000000Z,91.625,91.5625,1.0
2015-08-06T23:16:55.000000Z,91.625,91.5625,1.0
2015-08-06T23:17:00.000000Z,91.625,91.5625,6.0
2015-08-06T23:17:05.000000Z,91.625,91.5625,3.0
2015-08-06T23:17:10.000000Z,91.625,91.5625,4.0
2015-08-06T23:17:15.000000Z,91.625,91.5625,3.0
2015-08-06T23:17:20.000000Z,91.625,91.5625,3.0
2015-08-06T23:17:30.000000Z,91.625,91.5625,3.0
2015-08-06T23:17:35.000000Z,91.625,91.5625,10.0
2015-08-06T23:17:40.000000Z,91.625,91.5625,1.0
2015-08-06T23:17:45.000000Z,91.625,91.5625,2.0
2015-08-06T23:17:50.000000Z,91.625,91.5625,11.0
2015-08-06T23:18:00.000000Z,91.625,91.625,9.0
2015-08-06T23:18:05.000000Z,91.625,91.625,1.0
2015-08-06T23:18:10.000000Z,91.625,91.625,5.0
2015-08-06T23:18:15.000000Z,91.625,91.625,5.0
2015-08-06T23:18:20.000000Z,91.625,91.625,5.0
2015-08-06T23:18:25.000000Z,91.625,91.625,5.0
2015-08-06T23:18:30.000000Z,91.625,91.625,7.0
2015-08-06T23:18:35.000000Z,91.625,91.625,2.0
2015-08-06T23:18:40.000000Z,91.625,91.625,2.0
2015-08-06T23:18:45.000000Z,91.625,91.625,13.0
2015-08-06T23:18:50.000000Z,91.625,91.625,2.0
2015-08-06T23:18:55.000000Z,91.625,91.625,4.0
2015-08-06T23:19:00.000000Z,91.625,91.625,5.0
2015-08-06T23:19:20.000000Z,91.625,91.625,5.0
2015-08-06T23:19:25.000000Z,91.625,91.625,1.0
2015-08-06T23:19:30.000000Z,91.625,91.625,1.0
2015-08-06T23:19:35.000000Z,91.625,91.625,3.0
2015-08-06T23:19:40.000000Z,91.625,91.625,2.0
2015-08-06T23:19:50.000000Z,91.625,91.625,1.0
2015-08-06T23:19:55.000000Z,91.625,91.625,1.0
2015-08-06T23:20:00.000000Z,91.625,91.625,3.0
2015-08-06T23:20:10.000000Z,91.625,91.625,1.0
2015-08-06T23:20:15.000000Z,91.625,91.625,3.0
2015-08-06T23:20:25.000000Z,91.625,91.5625,9.0
2015-08-06T23:20:30.000000Z,91.625,91.5625,1.0
2015-08-06T23:20:50.000000Z,91.625,91.5625,8.0
2015-08-06T23:20:55.000000Z,91.625,91.5625,3.0
2015-08-06T23:21:00.000000Z,91.625,91.5625,1.0
2015-08-06T23:21:05.000000Z,91.625,91.625,8.0
2015-08-06T23:21:25.000000Z,91.625,91.625,5.0
2015-08-06T23:21:30.000000Z,91.625,91.625,2.0
2015-08-06T23:21:40.000000Z,91.625,91.625,1.0
2015-08-06T23:21:45.000000Z,91.625,91.625,3.0
2015-08-06T23:21:50.000000Z,91.625,91.625,1.0
2015-08-06T23:21:55.000000Z,91.625,91.625,11.0
2015-08-06T23:22:00.000000Z,91.625,91.625,17.0
2015-08-06T23:22:05.000000Z,91.625,91.625,6.0
2015-08-06T23:22:10.000000Z,91.625,91.625,4.0
2015-08-06T23:22:25.000000Z,91.625,91.625,6.0
2015-08-06T23:22:30.000000Z,91.625,91.625,7.0
2015-08-06T23:22:35.000000Z,91.625,91.625,8.0
2015-08-06T23:22:40.000000Z,91.625,91.625,4.0
2015-08-06T23:22:45.000000Z,91.625,91.625,11.0
2015-08-06T23:22:50.000000Z,91.625,91.625,1.0
2015-08-06T23:23:05.000000Z,91.625,91.625,4.0
2015-08-06T23:23:10.000000Z,91.625,91.625,2.0
2015-08-06T23:23:20.000000Z,91.625,91.625,3.0
2015-08-06T23:23:25.000000Z,91.625,91.625,6.0
2015-08-06T23:23:30.000000Z,91.625,91.625,3.0
2015-08-06T23:23:35.000000Z,91.625,91.625,9.0
2015-08-06T23:23:40.000000Z,91.625,91.625,5.0
2015-08-06T23:23:55.000000Z,91.625,91.625,25.0
2015-08-06T23:24:00.000000Z,91.625,91.625,7.0
2015-08-06T23:24:05.000000Z,91.625,91.5625,11.0
2015-08-06T23:24:10.000000Z,91.625,91.5625,9.0
2015-08-06T23:24:15.000000Z,91.625,91.5625,5.0
2015-08-06T23:24:20.000000Z,91.625,91.5625,17.0
2015-08-06T23:24:25.000000Z,91.625,91.5625,18.0
2015-08-06T23:24:30.000000Z,91.625,91.5625,5.0
2015-08-06T23:24:35.000000Z,91.625,91.5625,1.0
2015-08-06T23:24:40.000000Z,91.625,91.5625,1.0
2015-08-06T23:24:45.000000Z,91.625,91.5625,9.0
2015-08-06T23:24:50.000000Z,91.625,91.5625,7.0
2015-08-06T23:24:55.000000Z,91.625,91.5625,6.0
2015-08-06T23:25:05.000000Z,91.625,91.5625,2.0
2015-08-06T23:25:10.000000Z,91.625,91.5625,8.0
2015-08-06T23:25:15.000000Z,91.625,91.5625,4.0
2015-08-06T23:25:20.000000Z,91.625,91.5625,8.0
2015-08-06T23:25:25.000000Z,91.625,91.5625,5.0
2015-08-06T23:25:30.000000Z,91.625,91.5625,4.0
2015-08-06T23:25:35.000000Z,91.625,91.5625,3.0
2015-08-06T23:25:45.000000Z,91.625,91.5625,2.0
2015-08-06T23:25:50.000000Z,91.625,91.5625,1.0
2015-08-06T23:25:55.000000Z,91.625,91.5625,5.0
2015-08-06T23:26:00.000000Z,91.625,91.5625,1.0
2015-08-06T23:26:15.000000Z,91.625,91.5625,3.0
2015-08-06T23:26:20.000000Z,91.625,91.5625,2.0
2015-08-06T23:26:25.000000Z,91.625,91.5625,1.0
2015-08-06T23:26:30.000000Z,91.625,91.5625,2.0
2015-08-06T23:26:40.000000Z,91.625,91.5625,5.0
2015-08-06T23:26:55.000000Z,91.625,91.5625,3.0
2015-08-06T23:27:00.000000Z,91.625,91.5625,7.0
2015-08-06T23:27:05.000000Z,91.625,91.5625,1.0
2015-08-06T23:27:10.000000Z,91.625,91.5625,6.0
2015-08-06T23:27:15.000000Z,91.625,91.5625,22.0
2015-08-06T23:27:20.000000Z,91.625,91.5625,12.0
2015-08-06T23:27:25.000000Z,91.625,91.5625,5.0
2015-08-06T23:27:30.000000Z,91.625,91.5625,2.0
2015-08-06T23:27:35.000000Z,91.625,91.5625,3.0
2015-08-06T23:27:45.000000Z,91.625,91.5625,2.0
2015-08-06T23:27:55.000000Z,91.625,91.5625,10.0
2015-08-06T23:28:00.000000Z,91.625,91.5625,5.0
2015-08-06T23:28:05.000000Z,91.625,91.5625,3.0
2015-08-06T23:28:15.000000Z,91.625,91.5625,8.0
2015-08-06T23:28:20.000000Z,91.625,91.5625,3.0
2015-08-06T23:28:25.000000Z,91.625,91.5625,1.0
2015-08-06T23:28:30.000000Z,91.625,91.5625,4.0
2015-08-06T23:28:35.000000Z,91.625,91.5625,3.0
2015-08-06T23:28:45.000000Z,91.625,91.5625,3.0
2015-08-06T23:28:50.000000Z,91.625,91.625,9.0
2015-08-06T23:28:55.000000Z,91.625,91.625,4.0
2015-08-06T23:29:10.000000Z,91.625,91.625,3.0
2015-08-06T23:29:15.000000Z,91.625,91.625,2.0
2015-08-06T23:29:20.000000Z,91.625,91.625,1.0
2015-08-06T23:29:25.000000Z,91.625,91.625,1.0
2015-08-06T23:29:35.000000Z,91.625,91.625,6.0
2015-08-06T23:29:40.000000Z,91.625,91.625,1.0
2015-08-06T23:29:45.000000Z,91.625,91.625,2.0
2015-08-06T23:29:55.000000Z,91.625,91.625,2.0
2015-08-06T23:30:00.000000Z,91.625,91.625,5.0
2015-08-06T23:30:05.000000Z,91.625,91.625,5.0
2015-08-06T23:30:10.000000Z,91.625,91.625,2.0
2015-08-06T23:30:35.000000Z,91.625,91.625,1.0
2015-08-06T23:30:55.000000Z,91.625,91.625,1.0
2015-08-06T23:31:00.000000Z,91.625,91.625,4.0
2015-08-06T23:31:10.000000Z,91.625,91.625,2.0
2015-08-06T23:31:15.000000Z,91.625,91.625,1.0
2015-08-06T23:31:20.000000Z,91.625,91.625,8.0
2015-08-06T23:31:25.000000Z,91.625,91.625,11.0
2015-08-06T23:31:30.000000Z,91.625,91.625,1.0
2015-08-06T23:31:35.000000Z,91.625,91.625,1.0
2015-08-06T23:31:40.000000Z,91.625,91.625,1.0
2015-08-06T23:31:50.000000Z,91.625,91.625,3.0
2015-08-06T23:31:55.000000Z,91.625,91.625,1.0
2015-08-06T23:32:00.000000Z,91.625,91.5625,5.0
2015-08-06T23:32:10.000000Z,91.625,91.5625,1.0
2015-08-06T23:32:25.000000Z,91.625,91.5625,13.0
2015-08-06T23:32:50.000000Z,91.625,91.5625,7.0
2015-08-06T23:32:55.000000Z,91.625,91.5625,1.0
2015-08-06T23:33:00.000000Z,91.625,91.5625,12.0
2015-08-06T23:33:05.000000Z,91.625,91.5625,3.0
2015-08-06T23:33:10.000000Z,91.625,91.5625,1.0
2015-08-06T23:33:25.000000Z,91.625,91.5625,1.0
2015-08-06T23:33:35.000000Z,91.625,91.625,1.0
2015-08-06T23:33:40.000000Z,91.625,91.625,6.0
2015-08-06T23:33:45.000000Z,91.625,91.625,3.0
2015-08-06T23:33:55.000000Z,91.625,91.625,3.0
2015-08-06T23:34:00.000000Z,91.625,91.5625,13.0
2015-08-06T23:34:05.000000Z,91.625,91.5625,4.0
2015-08-06T23:34:10.000000Z,91.625,91.5625,6.0
2015-08-06T23:34:15.000000Z,91.625,91.5625,2.0
2015-08-06T23:34:30.000000Z,91.625,91.5625,3.0
2015-08-06T23:34:40.000000Z,91.625,91.5625,2.0
2015-08-06T23:34:45.000000Z,91.625,91.625,1.0
2015-08-06T23:34:55.000000Z,91.625,91.625,9.0
2015-08-06T23:35:00.000000Z,91.625,91.625,6.0
2015-08-06T23:35:05.000000Z,91.625,91.625,2.0
2015-08-06T23:35:10.000000Z,91.625,91.625,1.0
2015-08-06T23:35:15.000000Z,91.625,91.625,2.0
2015-08-06T23:35:20.000000Z,91.625,91.625,1.0
2015-08-06T23:35:25.000000Z,91.625,91.625,2.0
2015-08-06T23:35:30.000000Z,91.625,91.625,1.0
2015-08-06T23:35:35.000000Z,91.625,91.625,5.0
2015-08-06T23:35:40.000000Z,91.625,91.625,10.0
2015-08-06T23:35:45.000000Z,91.625,91.625,4.0
2015-08-06T23:35:50.000000Z,91.625,91.625,2.0
2015-08-06T23:35:55.000000Z,91.625,91.5625,12.0
2015-08-06T23:36:00.000000Z,91.625,91.5625,14.0
2015-08-06T23:36:05.000000Z,91.625,91.5625,12.0
2015-08-06T23:36:10.000000Z,91.625,91.5625,3.0
2015-08-06T23:36:15.000000Z,91.625,91.5625,6.0
2015-08-06T23:36:20.000000Z,91.625,91.5625,11.0
2015-08-06T23:36:25.000000Z,91.625,91.5625,3.0
2015-08-06T23:36:30.000000Z,91.5625,91.5625,9.0
2015-08-06T23:36:35.000000Z,91.5625,91.5625,4.0
2015-08-06T23:36:40.000000Z,91.5625,91.5625,2.0
2015-08-06T23:36:45.000000Z,91.5625,91.5625,1.0
2015-08-06T23:36:50.000000Z,91.5625,91.5625,3.0
2015-08-06T23:36:55.000000Z,91.5625,91.5625,2.0
2015-08-06T23:37:00.000000Z,91.5625,91.5625,2.0
2015-08-06T23:37:05.000000Z,91.5625,91.5625,7.0
2015-08-06T23:37:10.000000Z,91.5625,91.5625,1.0
2015-08-06T23:37:15.000000Z,91.5625,91.5625,9.0
2015-08-06T23:37:20.000000Z,91.5625,91.5625,1.0
2015-08-06T23:37:25.000000Z,91.5625,91.5625,1.0
2015-08-06T23:37:40.000000Z,91.625,91.5625,5.0
2015-08-06T23:37:55.000000Z,91.625,91.5625,1.0
2015-08-06T23:38:00.000000Z,91.625,91.5625,8.0
2015-08-06T23:38:05.000000Z,91.625,91.5625,7.0
2015-08-06T23:38:10.000000Z,91.625,91.5625,2.0
2015-08-06T23:38:15.000000Z,91.625,91.5625,10.0
2015-08-06T23:38:20.000000Z,91.625,91.5625,8.0
2015-08-06T23:38:25.000000Z,91.625,91.5625,9.0
2015-08-06T23:38:30.000000Z,91.625,91.5625,3.0
2015-08-06T23:38:35.000000Z,91.625,91.5625,5.0
2015-08-06T23:38:50.000000Z,91.625,91.5625,2.0
2015-08-06T23:38:55.000000Z,91.625,91.5625,1.0
2015-08-06T23:39:05.000000Z,91.625,91.5625,13.0
2015-08-06T23:39:10.000000Z,91.625,91.5625,3.0
2015-08-06T23:39:35.000000Z,91.625,91.5625,2.0
2015-08-06T23:39:40.000000Z,91.625,91.5625,3.0
2015-08-06T23:39:45.000000Z,91.625,91.5625,2.0
2015-08-06T23:39:50.000000Z,91.625,91.5625,11.0
2015-08-06T23:39:55.000000Z,91.625,91.5625,3.0
2015-08-06T23:40:00.000000Z,91.625,91.5625,8.0
2015-08-06T23:40:05.000000Z,91.625,91.5625,9.0
2015-08-06T23:40:10.000000Z,91.625,91.5625,10.0
2015-08-06T23:40:15.000000Z,91.625,91.5625,7.0
2015-08-06T23:40:20.000000Z,91.625,91.5625,5.0
2015-08-06T23:40:25.000000Z,91.625,91.5625,4.0
2015-08-06T23:40:30.000000Z,91.625,91.625,2.0
2015-08-06T23:40:35.000000Z,91.625,91.625,2.0
2015-08-06T23:40:40.000000Z,91.625,91.625,1.0
2015-08-06T23:40:45.000000Z,91.625,91.5625,5.0
2015-08-06T23:40:50.000000Z,91.625,91.5625,1.0
2015-08-06T23:40:55.000000Z,91.625,91.5625,1.0
2015-08-06T23:41:10.000000Z,91.625,91.5625,1.0
2015-08-06T23:41:25.000000Z,91.625,91.5625,7.0
2015-08-06T23:41:30.000000Z,91.625,91.5625,1.0
2015-08-06T23:41:50.000000Z,91.625,91.5625,3.0
2015-08-06T23:41:55.000000Z,91.625,91.5625,1.0
2015-08-06T23:42:00.000000Z,91.625,91.5625,5.0
2015-08-06T23:42:10.000000Z,91.625,91.5625,1.0
2015-08-06T23:42:50.000000Z,91.625,91.5625,2.0
2015-08-06T23:42:55.000000Z,91.625,91.5625,3.0
2015-08-06T23:43:00.000000Z,91.625,91.5625,2.0
2015-08-06T23:43:05.000000Z,91.625,91.5625,1.0
2015-08-06T23:43:10.000000Z,91.625,91.5625,2.0
2015-08-06T23:43:20.000000Z,91.625,91.5625,3.0
2015-08-06T23:43:25.000000Z,91.625,91.5625,4.0
2015-08-06T23:43:35.000000Z,91.625,91.5625,3.0
2015-08-06T23:43:40.000000Z,91.625,91.5625,1.0
2015-08-06T23:43:45.000000Z,91.625,91.5625,5.0
2015-08-06T23:43:50.000000Z,91.625,91.5625,3.0
2015-08-06T23:43:55.000000Z,91.625,91.5625,1.0
2015-08-06T23:44:05.000000Z,91.5625,91.5625,1.0
2015-08-06T23:44:20.000000Z,91.5625,91.5625,2.0
2015-08-06T23:44:30.000000Z,91.5625,91.5625,2.0
2015-08-06T23:44:35.000000Z,91.625,91.5625,5.0
2015-08-06T23:44:40.000000Z,91.625,91.5625,1.0
2015-08-06T23:44:50.000000Z,91.625,91.5625,1.0
2015-08-06T23:45:05.000000Z,91.625,91.5625,5.0
2015-08-06T23:45:15.000000Z,91.625,91.5625,1.0
2015-08-06T23:45:40.000000Z,91.625,91.5625,2.0
2015-08-06T23:45:50.000000Z,91.625,91.5625,3.0
2015-08-06T23:45:55.000000Z,91.625,91.5625,1.0
2015-08-06T23:46:00.000000Z,91.625,91.5625,13.0
2015-08-06T23:46:05.000000Z,91.625,91.625,9.0
2015-08-06T23:46:10.000000Z,91.625,91.5625,17.0
2015-08-06T23:46:15.000000Z,91.625,91.5625,1.0
2015-08-06T23:46:20.000000Z,91.625,91.5625,7.0
2015-08-06T23:46:30.000000Z,91.625,91.5625,10.0
2015-08-06T23:46:40.000000Z,91.625,91.5625,2.0
2015-08-06T23:46:45.000000Z,91.625,91.5625,4.0
2015-08-06T23:46:55.000000Z,91.625,91.5625,2.0
2015-08-06T23:47:00.000000Z,91.625,91.5625,8.0
2015-08-06T23:47:05.000000Z,91.625,91.5625,3.0
2015-08-06T23:47:15.000000Z,91.625,91.5625,1.0
2015-08-06T23:47:20.000000Z,91.625,91.5625,1.0
2015-08-06T23:47:25.000000Z,91.625,91.5625,2.0
2015-08-06T23:47:30.000000Z,91.625,91.625,22.0
2015-08-06T23:47:35.000000Z,91.625,91.625,7.0
2015-08-06T23:47:45.000000Z,91.625,91.625,1.0
2015-08-06T23:47:50.000000Z,91.625,91.625,1.0
2015-08-06T23:47:55.000000Z,91.625,91.625,6.0
2015-08-06T23:48:05.000000Z,91.625,91.625,3.0
2015-08-06T23:48:10.000000Z,91.625,91.625,2.0
2015-08-06T23:48:15.000000Z,91.625,91.625,11.0
2015-08-06T23:48:45.000000Z,91.625,91.625,2.0
2015-08-06T23:48:50.000000Z,91.625,91.625,2.0
2015-08-06T23:48:55.000000Z,91.625,91.625,5.0
2015-08-06T23:49:00.000000Z,91.625,91.625,11.0
2015-08-06T23:49:05.000000Z,91.625,91.625,5.0
2015-08-06T23:49:15.000000Z,91.625,91.625,2.0
2015-08-06T23:49:20.000000Z,91.625,91.625,2.0
2015-08-06T23:49:25.000000Z,91.625,91.625,3.0
2015-08-06T23:49:30.000000Z,91.625,91.5625,13.0
2015-08-06T23:49:35.000000Z,91.625,91.5625,1.0
2015-08-06T23:49:40.000000Z,91.625,91.5625,2.0
2015-08-06T23:49:45.000000Z,91.625,91.5625,1.0
2015-08-06T23:49:50.000000Z,91.625,91.5625,9.0
2015-08-06T23:49:55.000000Z,91.625,91.5625,3.0
2015-08-06T23:50:00.000000Z,91.625,91.5625,1.0
2015-08-06T23:50:05.000000Z,91.625,91.5625,9.0
2015-08-06T23:50:10.000000Z,91.625,91.5625,2.0
2015-08-06T23:50:15.000000Z,91.625,91.5625,1.0
2015-08-06T23:50:20.000000Z,91.625,91.5625,3.0
2015-08-06T23:50:40.000000Z,91.625,91.5625,1.0
2015-08-06T23:50:45.000000Z,91.625,91.5625,8.0
2015-08-06T23:50:50.000000Z,91.625,91.5625,2.0
2015-08-06T23:50:55.000000Z,91.625,91.5625,1.0
2015-08-06T23:51:00.000000Z,91.625,91.5625,8.0
2015-08-06T23:51:05.000000Z,91.625,91.5625,1.0
2015-08-06T23:51:10.000000Z,91.625,91.5625,1.0
2015-08-06T23:51:35.000000Z,91.5625,91.5625,3.0
2015-08-06T23:51:45.000000Z,91.5625,91.5625,1.0
2015-08-06T23:51:50.000000Z,91.5625,91.5625,1.0
2015-08-06T23:52:00.000000Z,91.625,91.5625,12.0
2015-08-06T23:52:05.000000Z,91.625,91.5625,3.0
2015-08-06T23:52:10.000000Z,91.625,91.5625,2.0
2015-08-06T23:52:15.000000Z,91.625,91.5625,2.0
2015-08-06T23:52:25.000000Z,91.625,91.5625,1.0
2015-08-06T23:52:30.000000Z,91.625,91.5625,2.0
2015-08-06T23:52:35.000000Z,91.625,91.5625,1.0
2015-08-06T23:52:50.000000Z,91.625,91.5625,1.0
2015-08-06T23:52:55.000000Z,91.625,91.5625,3.0
2015-08-06T23:53:00.000000Z,91.625,91.5625,4.0
2015-08-06T23:53:05.000000Z,91.625,91.5625,3.0
2015-08-06T23:53:10.000000Z,91.625,91.5625,1.0
2015-08-06T23:53:20.000000Z,91.625,91.5625,3.0
2015-08-06T23:53:35.000000Z,91.625,91.5625,2.0
2015-08-06T23:53:40.000000Z,91.625,91.5625,1.0
2015-08-06T23:53:55.000000Z,91.625,91.5625,9.0
2015-08-06T23:54:00.000000Z,91.625,91.5625,5.0
2015-08-06T23:54:05.000000Z,91.625,91.5625,8.0
2015-08-06T23:54:15.000000Z,91.625,91.5625,2.0
2015-08-06T23:54:20.000000Z,91.625,91.5625,1.0
2015-08-06T23:54:25.000000Z,91.625,91.5625,1.0
2015-08-06T23:54:30.000000Z,91.625,91.5625,4.0
2015-08-06T23:54:50.000000Z,91.625,91.5625,4.0
2015-08-06T23:54:55.000000Z,91.625,91.5625,3.0
2015-08-06T23:55:00.000000Z,91.625,91.5625,5.0
2015-08-06T23:55:05.000000Z,91.625,91.5625,1.0
2015-08-06T23:55:10.000000Z,91.625,91.5625,1.0
2015-08-06T23:55:25.000000Z,91.625,91.5625,2.0
2015-08-06T23:55:30.000000Z,91.625,91.5625,1.0
2015-08-06T23:55:45.000000Z,91.625,91.5625,4.0
2015-08-06T23:55:50.000000Z,91.625,91.5625,1.0
2015-08-06T23:56:00.000000Z,91.625,91.5625,3.0
2015-08-06T23:56:15.000000Z,91.625,91.5625,1.0
2015-08-06T23:56:20.000000Z,91.625,91.5625,1.0
2015-08-06T23:56:25.000000Z,91.625,91.5625,14.0
2015-08-06T23:56:30.000000Z,91.625,91.5625,1.0
2015-08-06T23:56:40.000000Z,91.625,91.625,1.0
2015-08-06T23:56:50.000000Z,91.625,91.625,6.0
2015-08-06T23:57:00.000000Z,91.625,91.625,3.0
2015-08-06T23:57:15.000000Z,91.625,91.625,4.0
2015-08-06T23:57:20.000000Z,91.625,91.625,1.0
2015-08-06T23:57:25.000000Z,91.625,91.625,3.0
2015-08-06T23:57:30.000000Z,91.625,91.625,1.0
2015-08-06T23:57:35.000000Z,91.625,91.625,3.0
2015-08-06T23:57:55.000000Z,91.625,91.625,5.0
2015-08-06T23:58:00.000000Z,91.625,91.625,2.0
2015-08-06T23:58:05.000000Z,91.625,91.625,11.0
2015-08-06T23:58:10.000000Z,91.625,91.5625,6.0
2015-08-06T23:58:15.000000Z,91.625,91.5625,3.0
2015-08-06T23:58:20.000000Z,91.625,91.5625,1.0
2015-08-06T23:58:25.000000Z,91.625,91.5625,5.0
2015-08-06T23:58:30.000000Z,91.625,91.5625,2.0
2015-08-06T23:58:35.000000Z,91.625,91.625,2.0
2015-08-06T23:58:50.000000Z,91.625,91.5625,13.0
2015-08-06T23:58:55.000000Z,91.625,91.5625,6.0
2015-08-06T23:59:00.000000Z,91.625,91.5625,7.0
2015-08-06T23:59:05.000000Z,91.625,91.5625,1.0
2015-08-06T23:59:10.000000Z,91.625,91.625,12.0
2015-08-06T23:59:15.000000Z,91.625,91.5625,7.0
2015-08-06T23:59:20.000000Z,91.625,91.5625,7.0
2015-08-06T23:59:25.000000Z,91.625,91.5625,8.0
2015-08-06T23:59:30.000000Z,91.625,91.5625,7.0
2015-08-06T23:59:35.000000Z,91.625,91.5625,8.0
2015-08-06T23:59:40.000000Z,91.625,91.625,18.0
2015-08-06T23:59:50.000000Z,91.625,91.625,9.0
2015-08-06T23:59:55.000000Z,91.625,91.625,16.0
2015-08-07T00:00:00.000000Z,91.625,91.625,17.0
2015-08-07T00:00:05.000000Z,91.625,91.625,9.0
2015-08-07T00:00:10.000000Z,91.625,91.625,4.0
2015-08-07T00:00:20.000000Z,91.625,91.625,14.0
2015-08-07T00:00:25.000000Z,91.625,91.625,3.0
2015-08-07T00:00:30.000000Z,91.625,91.625,4.0
2015-08-07T00:00:35.000000Z,91.625,91.625,6.0
2015-08-07T00:00:40.000000Z,91.625,91.5625,14.0
2015-08-07T00:00:45.000000Z,91.625,91.5625,3.0
2015-08-07T00:00:50.000000Z,91.625,91.5625,12.0
2015-08-07T00:00:55.000000Z,91.625,91.5625,12.0
2015-08-07T00:01:00.000000Z,91.625,91.5625,2.0
2015-08-07T00:01:10.000000Z,91.625,91.5625,4.0
2015-08-07T00:01:15.000000Z,91.625,91.5625,13.0
2015-08-07T00:01:20.000000Z,91.625,91.5625,1.0
2015-08-07T00:01:25.000000Z,91.625,91.5625,3.0
2015-08-07T00:01:30.000000Z,91.625,91.5625,2.0
2015-08-07T00:01:35.000000Z,91.625,91.5625,2.0
2015-08-07T00:01:40.000000Z,91.625,91.5625,21.0
2015-08-07T00:01:45.000000Z,91.5625,91.5625,10.0
2015-08-07T00:01:50.000000Z,91.5625,91.5625,5.0
2015-08-07T00:01:55.000000Z,91.5625,91.5625,7.0
2015-08-07T00:02:00.000000Z,91.5625,91.5625,13.0
2015-08-07T00:02:05.000000Z,91.5625,91.5625,5.0
2015-08-07T00:02:10.000000Z,91.5625,91.5625,6.0
2015-08-07T00:02:15.000000Z,91.5625,91.5625,5.0
2015-08-07T00:02:20.000000Z,91.5625,91.5625,7.0
2015-08-07T00:02:25.000000Z,91.625,91.5625,10.0
2015-08-07T00:02:30.000000Z,91.625,91.5625,15.0
2015-08-07T00:02:35.000000Z,91.625,91.5625,5.0
2015-08-07T00:02:40.000000Z,91.625,91.5625,7.0
2015-08-07T00:02:45.000000Z,91.5625,91.5625,9.0
2015-08-07T00:02:50.000000Z,91.625,91.5625,20.0
2015-08-07T00:02:55.000000Z,91.625,91.5625,3.0
2015-08-07T00:03:00.000000Z,91.625,91.5625,1.0
2015-08-07T00:03:05.000000Z,91.625,91.5625,1.0
2015-08-07T00:03:10.000000Z,91.625,91.625,23.0
2015-08-07T00:03:15.000000Z,91.625,91.625,2.0
2015-08-07T00:03:30.000000Z,91.625,91.625,7.0
2015-08-07T00:03:40.000000Z,91.625,91.625,1.0
2015-08-07T00:03:45.000000Z,91.625,91.625,1.0
2015-08-07T00:03:50.000000Z,91.625,91.625,6.0
2015-08-07T00:03:55.000000Z,91.625,91.625,11.0
2015-08-07T00:04:00.000000Z,91.625,91.625,5.0
2015-08-07T00:04:05.000000Z,91.625,91.625,3.0
2015-08-07T00:04:10.000000Z,91.625,91.625,2.0
2015-08-07T00:04:20.000000Z,91.625,91.5625,9.0
2015-08-07T00:04:25.000000Z,91.625,91.5625,3.0
2015-08-07T00:04:30.000000Z,91.625,91.5625,1.0
2015-08-07T00:04:35.000000Z,91.625,91.5625,1.0
2015-08-07T00:04:40.000000Z,91.625,91.625,1.0
2015-08-07T00:04:50.000000Z,91.625,91.625,2.0
2015-08-07T00:04:55.000000Z,91.625,91.625,6.0
2015-08-07T00:05:00.000000Z,91.625,91.625,4.0
2015-08-07T00:05:05.000000Z,91.625,91.625,3.0
2015-08-07T00:05:10.000000Z,91.625,91.625,1.0
2015-08-07T00:05:15.000000Z,91.625,91.625,2.0
2015-08-07T00:05:25.000000Z,91.625,91.625,2.0
2015-08-07T00:05:35.000000Z,91.625,91.625,4.0
2015-08-07T00:05:45.000000Z,91.625,91.625,1.0
2015-08-07T00:05:50.000000Z,91.625,91.625,1.0
2015-08-07T00:05:55.000000Z,91.625,91.5625,7.0
2015-08-07T00:06:00.000000Z,91.625,91.5625,7.0
2015-08-07T00:06:05.000000Z,91.625,91.5625,6.0
2015-08-07T00:06:10.000000Z,91.625,91.625,13.0
2015-08-07T00:06:15.000000Z,91.625,91.625,2.0
2015-08-07T00:06:25.000000Z,91.625,91.625,1.0
2015-08-07T00:06:55.000000Z,91.625,91.625,4.0
2015-08-07T00:07:00.000000Z,91.625,91.5625,1.0
2015-08-07T00:07:25.000000Z,91.625,91.625,2.0
2015-08-07T00:07:45.000000Z,91.625,91.5625,4.0
2015-08-07T00:07:55.000000Z,91.625,91.625,3.0
2015-08-07T00:08:15.000000Z,91.625,91.625,2.0
2015-08-07T00:08:20.000000Z,91.625,91.625,3.0
2015-08-07T00:08:25.000000Z,91.625,91.625,1.0
2015-08-07T00:08:45.000000Z,91.625,91.625,5.0
2015-08-07T00:08:50.000000Z,91.625,91.625,2.0
2015-08-07T00:08:55.000000Z,91.625,91.625,6.0
2015-08-07T00:09:00.000000Z,91.625,91.625,1.0
2015-08-07T00:09:10.000000Z,91.625,91.625,3.0
2015-08-07T00:09:15.000000Z,91.625,91.625,5.0
2015-08-07T00:09:20.000000Z,91.625,91.625,1.0
2015-08-07T00:09:25.000000Z,91.625,91.625,1.0
2015-08-07T00:09:30.000000Z,91.625,91.625,3.0
2015-08-07T00:09:35.000000Z,91.625,91.625,2.0
2015-08-07T00:09:50.000000Z,91.625,91.625,1.0
2015-08-07T00:10:00.000000Z,91.625,91.625,1.0
2015-08-07T00:10:05.000000Z,91.625,91.625,1.0
2015-08-07T00:10:30.000000Z,91.625,91.625,1.0
2015-08-07T00:10:40.000000Z,91.625,91.625,1.0
2015-08-07T00:11:10.000000Z,91.625,91.625,1.0
2015-08-07T00:11:20.000000Z,91.625,91.625,1.0
2015-08-07T00:11:25.000000Z,91.625,91.625,4.0
2015-08-07T00:11:30.000000Z,91.625,91.625,4.0
2015-08-07T00:11:35.000000Z,91.625,91.625,3.0
2015-08-07T00:11:40.000000Z,91.625,91.625,9.0
2015-08-07T00:11:45.000000Z,91.625,91.625,5.0
2015-08-07T00:11:50.000000Z,91.625,91.625,6.0
2015-08-07T00:11:55.000000Z,91.625,91.625,5.0
2015-08-07T00:12:00.000000Z,91.625,91.5625,2.0
2015-08-07T00:12:05.000000Z,91.625,91.5625,1.0
2015-08-07T00:12:10.000000Z,91.625,91.5625,1.0
2015-08-07T00:12:15.000000Z,91.625,91.625,7.0
2015-08-07T00:12:25.000000Z,91.625,91.625,1.0
2015-08-07T00:12:35.000000Z,91.625,91.625,2.0
2015-08-07T00:12:40.000000Z,91.625,91.625,1.0
2015-08-07T00:12:45.000000Z,91.625,91.625,6.0
2015-08-07T00:12:50.000000Z,91.625,91.5625,6.0
2015-08-07T00:12:55.000000Z,91.625,91.5625,2.0
2015-08-07T00:13:00.000000Z,91.625,91.625,8.0
2015-08-07T00:13:05.000000Z,91.625,91.625,9.0
2015-08-07T00:13:10.000000Z,91.625,91.625,5.0
2015-08-07T00:13:15.000000Z,91.625,91.625,6.0
2015-08-07T00:13:20.000000Z,91.625,91.625,1.0
2015-08-07T00:13:25.000000Z,91.625,91.625,1.0
2015-08-07T00:13:30.000000Z,91.625,91.625,5.0
2015-08-07T00:13:45.000000Z,91.625,91.625,26.0
2015-08-07T00:13:50.000000Z,91.6875,91.625,37.0
2015-08-07T00:13:55.000000Z,91.6875,91.6875,18.0
2015-08-07T00:14:00.000000Z,91.6875,91.625,26.0
2015-08-07T00:14:05.000000Z,91.6875,91.625,23.0
2015-08-07T00:14:10.000000Z,91.6875,91.625,13.0
2015-08-07T00:14:15.000000Z,91.6875,91.625,15.0
2015-08-07T00:14:25.000000Z,91.625,91.625,9.0
2015-08-07T00:14:30.000000Z,91.625,91.625,1.0
2015-08-07T00:14:35.000000Z,91.625,91.625,7.0
2015-08-07T00:14:40.000000Z,91.6875,91.625,15.0
2015-08-07T00:14:45.000000Z,91.6875,91.625,12.0
2015-08-07T00:14:50.000000Z,91.6875,91.625,1.0
2015-08-07T00:14:55.000000Z,91.6875,91.625,5.0
2015-08-07T00:15:00.000000Z,91.6875,91.625,1.0
2015-08-07T00:15:10.000000Z,91.625,91.625,8.0
2015-08-07T00:15:15.000000Z,91.625,91.625,2.0
2015-08-07T00:15:20.000000Z,91.625,91.625,1.0
2015-08-07T00:15:25.000000Z,91.625,91.625,1.0
2015-08-07T00:15:30.000000Z,91.625,91.625,1.0
2015-08-07T00:15:35.000000Z,91.625,91.625,1.0
2015-08-07T00:15:40.000000Z,91.625,91.625,1.0
2015-08-07T00:15:45.000000Z,91.625,91.625,1.0
2015-08-07T00:15:50.000000Z,91.625,91.625,1.0
2015-08-07T00:15:55.000000Z,91.625,91.625,5.0
2015-08-07T00:16:05.000000Z,91.625,91.625,1.0
2015-08-07T00:16:10.000000Z,91.625,91.625,10.0
2015-08-07T00:16:20.000000Z,91.625,91.625,1.0
2015-08-07T00:16:25.000000Z,91.625,91.625,1.0
2015-08-07T00:16:30.000000Z,91.625,91.625,5.0
2015-08-07T00:16:35.000000Z,91.625,91.625,1.0
2015-08-07T00:16:40.000000Z,91.625,91.625,1.0
2015-08-07T00:17:00.000000Z,91.625,91.625,3.0
2015-08-07T00:17:05.000000Z,91.625,91.625,6.0
2015-08-07T00:17:10.000000Z,91.625,91.625,7.0
2015-08-07T00:17:15.000000Z,91.625,91.625,1.0
2015-08-07T00:17:30.000000Z,91.625,91.625,1.0
2015-08-07T00:17:35.000000Z,91.625,91.625,1.0
2015-08-07T00:17:45.000000Z,91.625,91.625,1.0
2015-08-07T00:18:05.000000Z,91.625,91.625,4.0
2015-08-07T00:18:10.000000Z,91.625,91.625,1.0
2015-08-07T00:18:15.000000Z,91.625,91.625,3.0
2015-08-07T00:18:20.000000Z,91.625,91.625,6.0
2015-08-07T00:18:35.000000Z,91.625,91.625,2.0
2015-08-07T00:18:40.000000Z,91.625,91.625,2.0
2015-08-07T00:18:45.000000Z,91.625,91.625,4.0
2015-08-07T00:18:50.000000Z,91.625,91.625,3.0
2015-08-07T00:18:55.000000Z,91.625,91.625,5.0
2015-08-07T00:19:00.000000Z,91.625,91.625,1.0
2015-08-07T00:19:10.000000Z,91.625,91.625,2.0
2015-08-07T00:19:25.000000Z,91.625,91.625,1.0
2015-08-07T00:19:50.000000Z,91.625,91.625,6.0
2015-08-07T00:20:00.000000Z,91.625,91.625,13.0
2015-08-07T00:20:05.000000Z,91.625,91.625,4.0
2015-08-07T00:20:15.000000Z,91.625,91.625,3.0
2015-08-07T00:20:20.000000Z,91.625,91.625,3.0
2015-08-07T00:20:25.000000Z,91.625,91.625,2.0
2015-08-07T00:20:30.000000Z,91.625,91.625,4.0
2015-08-07T00:20:35.000000Z,91.625,91.625,2.0
2015-08-07T00:20:45.000000Z,91.625,91.625,2.0
2015-08-07T00:20:50.000000Z,91.625,91.625,3.0
2015-08-07T00:20:55.000000Z,91.625,91.625,13.0
2015-08-07T00:21:00.000000Z,91.625,91.625,3.0
2015-08-07T00:21:05.000000Z,91.625,91.625,11.0
2015-08-07T00:21:10.000000Z,91.625,91.625,1.0
2015-08-07T00:21:15.000000Z,91.625,91.625,9.0
2015-08-07T00:21:20.000000Z,91.625,91.625,12.0
2015-08-07T00:21:25.000000Z,91.625,91.625,2.0
2015-08-07T00:21:30.000000Z,91.625,91.625,2.0
2015-08-07T00:21:35.000000Z,91.625,91.625,4.0
2015-08-07T00:21:40.000000Z,91.625,91.625,1.0
2015-08-07T00:21:45.000000Z,91.625,91.625,2.0
2015-08-07T00:21:50.000000Z,91.625,91.625,1.0
2015-08-07T00:22:00.000000Z,91.625,91.625,4.0
2015-08-07T00:22:05.000000Z,91.625,91.625,1.0
2015-08-07T00:22:10.000000Z,91.625,91.625,8.0
2015-08-07T00:22:15.000000Z,91.625,91.625,3.0
2015-08-07T00:22:25.000000Z,91.625,91.625,2.0
2015-08-07T00:22:35.000000Z,91.625,91.625,1.0
2015-08-07T00:22:40.000000Z,91.625,91.625,5.0
2015-08-07T00:22:45.000000Z,91.625,91.625,1.0
2015-08-07T00:22:50.000000Z,91.625,91.625,1.0
2015-08-07T00:22:55.000000Z,91.625,91.625,3.0
2015-08-07T00:23:10.000000Z,91.625,91.625,1.0
2015-08-07T00:23:15.000000Z,91.625,91.625,3.0
2015-08-07T00:23:20.000000Z,91.625,91.625,7.0
2015-08-07T00:23:25.000000Z,91.625,91.625,4.0
2015-08-07T00:23:35.000000Z,91.625,91.625,4.0
2015-08-07T00:23:40.000000Z,91.625,91.625,7.0
2015-08-07T00:23:45.000000Z,91.625,91.625,6.0
2015-08-07T00:23:55.000000Z,91.625,91.625,1.0
2015-08-07T00:24:00.000000Z,91.625,91.625,1.0
2015-08-07T00:24:05.000000Z,91.625,91.625,6.0
2015-08-07T00:24:10.000000Z,91.625,91.625,3.0
2015-08-07T00:24:15.000000Z,91.625,91.625,7.0
2015-08-07T00:24:20.000000Z,91.625,91.625,9.0
2015-08-07T00:24:40.000000Z,91.625,91.625,1.0
2015-08-07T00:24:50.000000Z,91.625,91.625,5.0
2015-08-07T00:24:55.000000Z,91.625,91.625,11.0
2015-08-07T00:25:00.000000Z,91.625,91.625,6.0
2015-08-07T00:25:05.000000Z,91.625,91.625,1.0
2015-08-07T00:25:15.000000Z,91.625,91.625,1.0
2015-08-07T00:25:20.000000Z,91.625,91.625,2.0
2015-08-07T00:25:25.000000Z,91.625,91.625,1.0
2015-08-07T00:25:30.000000Z,91.625,91.625,1.0
2015-08-07T00:25:45.000000Z,91.625,91.625,1.0
2015-08-07T00:25:55.000000Z,91.625,91.625,2.0
2015-08-07T00:26:15.000000Z,91.625,91.625,2.0
2015-08-07T00:26:50.000000Z,91.625,91.625,3.0
2015-08-07T00:27:10.000000Z,91.625,91.625,1.0
2015-08-07T00:27:15.000000Z,91.625,91.625,2.0
2015-08-07T00:27:35.000000Z,91.625,91.625,2.0
2015-08-07T00:27:45.000000Z,91.625,91.625,1.0
2015-08-07T00:27:50.000000Z,91.625,91.625,3.0
2015-08-07T00:28:00.000000Z,91.625,91.625,1.0
2015-08-07T00:28:05.000000Z,91.625,91.625,1.0
2015-08-07T00:28:10.000000Z,91.625,91.625,2.0
2015-08-07T00:28:15.000000Z,91.625,91.625,1.0
2015-08-07T00:28:20.000000Z,91.625,91.625,10.0
2015-08-07T00:28:25.000000Z,91.625,91.625,3.0
2015-08-07T00:28:30.000000Z,91.625,91.625,2.0
2015-08-07T00:29:00.000000Z,91.625,91.625,2.0
2015-08-07T00:29:10.000000Z,91.625,91.625,7.0
2015-08-07T00:29:15.000000Z,91.625,91.625,1.0
2015-08-07T00:29:25.000000Z,91.625,91.625,2.0
2015-08-07T00:29:30.000000Z,91.625,91.625,2.0
2015-08-07T00:29:35.000000Z,91.625,91.625,3.0
2015-08-07T00:29:45.000000Z,91.625,91.625,5.0
2015-08-07T00:29:50.000000Z,91.625,91.625,9.0
2015-08-07T00:29:55.000000Z,91.625,91.625,2.0
2015-08-07T00:30:00.000000Z,91.625,91.625,7.0
2015-08-07T00:30:05.000000Z,91.625,91.625,7.0
2015-08-07T00:30:10.000000Z,91.625,91.625,4.0
2015-08-07T00:30:15.000000Z,91.625,91.625,1.0
2015-08-07T00:30:20.000000Z,91.625,91.625,2.0
2015-08-07T00:30:25.000000Z,91.625,91.625,2.0
2015-08-07T00:30:40.000000Z,91.625,91.625,6.0
2015-08-07T00:30:45.000000Z,91.625,91.625,4.0
2015-08-07T00:30:55.000000Z,91.625,91.625,3.0
2015-08-07T00:31:00.000000Z,91.625,91.625,1.0
2015-08-07T00:31:10.000000Z,91.625,91.625,5.0
2015-08-07T00:31:15.000000Z,91.625,91.625,2.0
2015-08-07T00:31:20.000000Z,91.625,91.625,3.0
2015-08-07T00:31:25.000000Z,91.625,91.625,27.0
2015-08-07T00:31:30.000000Z,91.625,91.625,1.0
2015-08-07T00:31:35.000000Z,91.625,91.625,4.0
2015-08-07T00:31:40.000000Z,91.625,91.625,2.0
2015-08-07T00:31:45.000000Z,91.625,91.625,4.0
2015-08-07T00:31:55.000000Z,91.625,91.625,2.0
2015-08-07T00:32:00.000000Z,91.625,91.625,5.0
2015-08-07T00:32:05.000000Z,91.625,91.625,3.0
2015-08-07T00:32:10.000000Z,91.625,91.625,2.0
2015-08-07T00:32:15.000000Z,91.625,91.625,2.0
2015-08-07T00:32:20.000000Z,91.625,91.625,1.0
2015-08-07T00:32:25.000000Z,91.625,91.625,2.0
2015-08-07T00:32:30.000000Z,91.625,91.625,1.0
2015-08-07T00:32:35.000000Z,91.625,91.625,1.0
2015-08-07T00:32:40.000000Z,91.625,91.625,4.0
2015-08-07T00:32:45.000000Z,91.625,91.625,3.0
2015-08-07T00:32:50.000000Z,91.625,91.625,6.0
2015-08-07T00:33:00.000000Z,91.625,91.625,2.0
2015-08-07T00:33:05.000000Z,91.625,91.625,1.0
2015-08-07T00:33:10.000000Z,91.625,91.625,2.0
2015-08-07T00:33:15.000000Z,91.625,91.625,4.0
2015-08-07T00:33:20.000000Z,91.625,91.625,2.0
2015-08-07T00:33:25.000000Z,91.625,91.625,2.0
2015-08-07T00:33:30.000000Z,91.625,91.625,1.0
2015-08-07T00:33:35.000000Z,91.625,91.625,7.0
2015-08-07T00:33:45.000000Z,91.625,91.625,2.0
2015-08-07T00:34:00.000000Z,91.625,91.625,10.0
2015-08-07T00:34:05.000000Z,91.625,91.625,2.0
2015-08-07T00:34:15.000000Z,91.625,91.625,2.0
2015-08-07T00:34:25.000000Z,91.625,91.625,2.0
2015-08-07T00:34:30.000000Z,91.625,91.625,1.0
2015-08-07T00:34:35.000000Z,91.625,91.625,1.0
2015-08-07T00:34:45.000000Z,91.625,91.625,7.0
2015-08-07T00:34:50.000000Z,91.625,91.625,4.0
2015-08-07T00:35:00.000000Z,91.625,91.625,4.0
2015-08-07T00:35:05.000000Z,91.625,91.625,1.0
2015-08-07T00:35:25.000000Z,91.625,91.625,2.0
2015-08-07T00:35:30.000000Z,91.625,91.625,1.0
2015-08-07T00:35:35.000000Z,91.625,91.625,3.0
2015-08-07T00:35:40.000000Z,91.625,91.625,6.0
2015-08-07T00:35:50.000000Z,91.625,91.625,1.0
2015-08-07T00:36:45.000000Z,91.625,91.625,1.0
2015-08-07T00:37:10.000000Z,91.625,91.625,1.0
2015-08-07T00:37:15.000000Z,91.625,91.625,13.0
2015-08-07T00:37:20.000000Z,91.625,91.625,2.0
2015-08-07T00:37:25.000000Z,91.625,91.625,4.0
2015-08-07T00:37:30.000000Z,91.625,91.625,6.0
2015-08-07T00:37:35.000000Z,91.625,91.625,5.0
2015-08-07T00:37:40.000000Z,91.625,91.625,3.0
2015-08-07T00:37:50.000000Z,91.625,91.625,2.0
2015-08-07T00:38:00.000000Z,91.625,91.625,3.0
2015-08-07T00:38:10.000000Z,91.625,91.625,12.0
2015-08-07T00:38:15.000000Z,91.625,91.625,4.0
2015-08-07T00:38:20.000000Z,91.625,91.625,3.0
2015-08-07T00:38:25.000000Z,91.625,91.625,6.0
2015-08-07T00:38:30.000000Z,91.625,91.625,7.0
2015-08-07T00:38:35.000000Z,91.625,91.625,1.0
2015-08-07T00:38:50.000000Z,91.625,91.625,4.0
2015-08-07T00:39:00.000000Z,91.625,91.625,15.0
2015-08-07T00:39:05.000000Z,91.625,91.625,5.0
2015-08-07T00:39:10.000000Z,91.625,91.625,5.0
2015-08-07T00:39:15.000000Z,91.625,91.625,22.0
2015-08-07T00:39:20.000000Z,91.625,91.5625,12.0
2015-08-07T00:39:30.000000Z,91.625,91.5625,1.0
2015-08-07T00:39:45.000000Z,91.625,91.5625,1.0
2015-08-07T00:39:50.000000Z,91.625,91.5625,1.0
2015-08-07T00:39:55.000000Z,91.625,91.5625,2.0
2015-08-07T00:40:00.000000Z,91.625,91.5625,2.0
2015-08-07T00:40:20.000000Z,91.625,91.5625,1.0
2015-08-07T00:40:25.000000Z,91.625,91.5625,3.0
2015-08-07T00:40:35.000000Z,91.625,91.5625,2.0
2015-08-07T00:40:40.000000Z,91.625,91.5625,1.0
2015-08-07T00:40:45.000000Z,91.625,91.5625,1.0
2015-08-07T00:40:50.000000Z,91.625,91.5625,2.0
2015-08-07T00:40:55.000000Z,91.625,91.5625,6.0
2015-08-07T00:41:00.000000Z,91.625,91.5625,3.0
2015-08-07T00:41:10.000000Z,91.625,91.5625,2.0
2015-08-07T00:41:15.000000Z,91.625,91.5625,2.0
2015-08-07T00:41:25.000000Z,91.625,91.5625,1.0
2015-08-07T00:41:40.000000Z,91.625,91.5625,6.0
2015-08-07T00:41:45.000000Z,91.625,91.5625,9.0
2015-08-07T00:41:50.000000Z,91.625,91.5625,5.0
2015-08-07T00:41:55.000000Z,91.625,91.5625,10.0
2015-08-07T00:42:00.000000Z,91.625,91.5625,2.0
2015-08-07T00:42:05.000000Z,91.625,91.5625,2.0
2015-08-07T00:42:15.000000Z,91.625,91.5625,1.0
2015-08-07T00:42:25.000000Z,91.625,91.5625,2.0
2015-08-07T00:42:30.000000Z,91.625,91.5625,1.0
2015-08-07T00:42:40.000000Z,91.625,91.5625,3.0
2015-08-07T00:42:45.000000Z,91.625,91.5625,1.0
2015-08-07T00:43:00.000000Z,91.625,91.5625,2.0
2015-08-07T00:43:05.000000Z,91.625,91.5625,2.0
2015-08-07T00:43:10.000000Z,91.625,91.5625,2.0
2015-08-07T00:43:25.000000Z,91.625,91.5625,2.0
2015-08-07T00:43:30.000000Z,91.625,91.5625,3.0
2015-08-07T00:43:35.000000Z,91.625,91.5625,1.0
2015-08-07T00:43:40.000000Z,91.625,91.5625,2.0
2015-08-07T00:43:45.000000Z,91.625,91.5625,2.0
2015-08-07T00:43:50.000000Z,91.625,91.5625,8.0
2015-08-07T00:43:55.000000Z,91.625,91.5625,3.0
2015-08-07T00:44:00.000000Z,91.625,91.5625,2.0
2015-08-07T00:44:20.000000Z,91.625,91.625,9.0
2015-08-07T00:44:25.000000Z,91.625,91.625,2.0
2015-08-07T00:44:30.000000Z,91.625,91.625,2.0
2015-08-07T00:44:35.000000Z,91.625,91.5625,9.0
2015-08-07T00:44:40.000000Z,91.625,91.5625,3.0
2015-08-07T00:44:45.000000Z,91.625,91.625,6.0
2015-08-07T00:44:50.000000Z,91.625,91.625,2.0
2015-08-07T00:44:55.000000Z,91.625,91.5625,4.0
2015-08-07T00:45:00.000000Z,91.625,91.5625,4.0
2015-08-07T00:45:10.000000Z,91.625,91.5625,6.0
2015-08-07T00:45:20.000000Z,91.625,91.5625,1.0
2015-08-07T00:45:30.000000Z,91.625,91.5625,3.0
2015-08-07T00:45:40.000000Z,91.625,91.5625,8.0
2015-08-07T00:45:45.000000Z,91.625,91.5625,1.0
2015-08-07T00:45:50.000000Z,91.625,91.5625,3.0
2015-08-07T00:45:55.000000Z,91.625,91.5625,2.0
2015-08-07T00:46:00.000000Z,91.625,91.5625,7.0
2015-08-07T00:46:05.000000Z,91.625,91.5625,1.0
2015-08-07T00:46:10.000000Z,91.625,91.5625,9.0
2015-08-07T00:46:40.000000Z,91.625,91.5625,1.0
2015-08-07T00:46:55.000000Z,91.625,91.5625,4.0
2015-08-07T00:47:00.000000Z,91.625,91.5625,13.0
2015-08-07T00:47:05.000000Z,91.625,91.5625,1.0
2015-08-07T00:47:10.000000Z,91.625,91.5625,1.0
2015-08-07T00:47:15.000000Z,91.625,91.5625,9.0
2015-08-07T00:47:20.000000Z,91.625,91.5625,3.0
2015-08-07T00:47:25.000000Z,91.625,91.5625,2.0
2015-08-07T00:47:30.000000Z,91.625,91.5625,1.0
2015-08-07T00:47:35.000000Z,91.625,91.5625,5.0
2015-08-07T00:47:45.000000Z,91.625,91.5625,4.0
2015-08-07T00:47:50.000000Z,91.625,91.5625,2.0
2015-08-07T00:48:00.000000Z,91.625,91.625,13.0
2015-08-07T00:48:05.000000Z,91.625,91.5625,3.0
2015-08-07T00:48:20.000000Z,91.625,91.5625,1.0
2015-08-07T00:48:25.000000Z,91.625,91.5625,1.0
2015-08-07T00:48:30.000000Z,91.625,91.5625,1.0
2015-08-07T00:48:35.000000Z,91.625,91.625,2.0
2015-08-07T00:48:40.000000Z,91.625,91.625,2.0
2015-08-07T00:48:45.000000Z,91.625,91.5625,2.0
2015-08-07T00:48:50.000000Z,91.625,91.5625,2.0
2015-08-07T00:49:00.000000Z,91.625,91.5625,9.0
2015-08-07T00:49:05.000000Z,91.625,91.5625,8.0
2015-08-07T00:49:10.000000Z,91.625,91.5625,6.0
2015-08-07T00:49:15.000000Z,91.625,91.5625,4.0
2015-08-07T00:49:25.000000Z,91.625,91.5625,2.0
2015-08-07T00:49:30.000000Z,91.625,91.5625,3.0
2015-08-07T00:49:35.000000Z,91.625,91.5625,1.0
2015-08-07T00:49:40.000000Z,91.625,91.5625,9.0
2015-08-07T00:49:45.000000Z,91.625,91.5625,2.0
2015-08-07T00:50:00.000000Z,91.625,91.5625,1.0
2015-08-07T00:50:10.000000Z,91.625,91.5625,9.0
