time,closeAsk,closeBid,volume
2015-08-06T14:57:10.000000Z,1.66796875,1.66796875,52.0
2015-08-06T14:57:20.000000Z,1.66796875,1.66796875,18.0
2015-08-06T14:57:30.000000Z,1.66796875,1.6669921875,28.0
2015-08-06T14:57:40.000000Z,1.66796875,1.66796875,79.0
2015-08-06T14:57:50.000000Z,1.66796875,1.6669921875,39.0
2015-08-06T14:58:00.000000Z,1.66796875,1.66796875,52.0
2015-08-06T14:58:10.000000Z,1.66796875,1.6669921875,49.0
2015-08-06T14:58:20.000000Z,1.66796875,1.6669921875,39.0
2015-08-06T14:58:30.000000Z,1.66796875,1.6669921875,33.0
2015-08-06T14:58:40.000000Z,1.66796875,1.6669921875,14.0
2015-08-06T14:58:50.000000Z,1.66796875,1.6669921875,19.0
2015-08-06T14:59:00.000000Z,1.66796875,1.6669921875,24.0
2015-08-06T14:59:10.000000Z,1.66796875,1.6669921875,13.0
2015-08-06T14:59:20.000000Z,1.66796875,1.6669921875,21.0
2015-08-06T14:59:30.000000Z,1.66796875,1.6669921875,19.0
2015-08-06T14:59:40.000000Z,1.6669921875,1.6669921875,20.0
2015-08-06T14:59:50.000000Z,1.66796875,1.6669921875,8.0
2015-08-06T15:00:00.000000Z,1.6669921875,1.6669921875,19.0
2015-08-06T15:00:10.000000Z,1.6669921875,1.6669921875,32.0
2015-08-06T15:00:20.000000Z,1.6669921875,1.6669921875,29.0
2015-08-06T15:00:30.000000Z,1.6669921875,1.6669921875,36.0
2015-08-06T15:00:40.000000Z,1.66796875,1.6669921875,21.0
2015-08-06T15:00:50.000000Z,1.66796875,1.6669921875,21.0
2015-08-06T15:01:00.000000Z,1.66796875,1.6669921875,20.0
2015-08-06T15:01:10.000000Z,1.66796875,1.6669921875,32.0
2015-08-06T15:01:20.000000Z,1.66796875,1.6669921875,50.0
2015-08-06T15:01:30.000000Z,1.66796875,1.6669921875,35.0
2015-08-06T15:01:40.000000Z,1.66796875,1.6669921875,24.0
2015-08-06T15:01:50.000000Z,1.66796875,1.6669921875,19.0
2015-08-06T15:02:00.000000Z,1.66796875,1.6669921875,35.0
2015-08-06T15:02:10.000000Z,1.66796875,1.66796875,43.0
2015-08-06T15:02:20.000000Z,1.66796875,1.66796875,40.0
2015-08-06T15:02:30.000000Z,1.66796875,1.6669921875,20.0
2015-08-06T15:02:40.000000Z,1.66796875,1.6669921875,28.0
2015-08-06T15:02:50.000000Z,1.66796875,1.66796875,24.0
2015-08-06T15:03:00.000000Z,1.66796875,1.66796875,7.0
2015-08-06T15:03:10.000000Z,1.66796875,1.66796875,11.0
2015-08-06T15:03:20.000000Z,1.66796875,1.66796875,23.0
2015-08-06T15:03:30.000000Z,1.66796875,1.66796875,23.0
2015-08-06T15:03:40.000000Z,1.66796875,1.66796875,22.0
2015-08-06T15:03:50.000000Z,1.66796875,1.66796875,33.0
2015-08-06T15:04:00.000000Z,1.66796875,1.6669921875,24.0
2015-08-06T15:04:10.000000Z,1.66796875,1.66796875,21.0
2015-08-06T15:04:20.000000Z,1.66796875,1.66796875,14.0
2015-08-06T15:04:30.000000Z,1.66796875,1.66796875,17.0
2015-08-06T15:04:40.000000Z,1.66796875,1.66796875,34.0
2015-08-06T15:04:50.000000Z,1.66796875,1.66796875,22.0
2015-08-06T15:05:00.000000Z,1.66796875,1.66796875,61.0
2015-08-06T15:05:10.000000Z,1.66796875,1.66796875,22.0
2015-08-06T15:05:20.000000Z,1.66796875,1.66796875,11.0
2015-08-06T15:05:30.000000Z,1.66796875,1.66796875,13.0
2015-08-06T15:05:40.000000Z,1.66796875,1.6669921875,27.0
2015-08-06T15:05:50.000000Z,1.66796875,1.6669921875,31.0
2015-08-06T15:06:00.000000Z,1.66796875,1.6669921875,52.0
2015-08-06T15:06:10.000000Z,1.66796875,1.6669921875,32.0
2015-08-06T15:06:20.000000Z,1.66796875,1.6669921875,28.0
2015-08-06T15:06:30.000000Z,1.66796875,1.6669921875,21.0
2015-08-06T15:06:40.000000Z,1.66796875,1.6669921875,20.0
2015-08-06T15:06:50.000000Z,1.66796875,1.6669921875,38.0
2015-08-06T15:07:00.000000Z,1.66796875,1.6669921875,47.0
2015-08-06T15:07:10.000000Z,1.6669921875,1.6669921875,29.0
2015-08-06T15:07:20.000000Z,1.66796875,1.6669921875,19.0
2015-08-06T15:07:30.000000Z,1.66796875,1.6669921875,13.0
2015-08-06T15:07:40.000000Z,1.6669921875,1.6669921875,19.0
2015-08-06T15:07:50.000000Z,1.66796875,1.6669921875,31.0
2015-08-06T15:08:00.000000Z,1.66796875,1.6669921875,56.0
2015-08-06T15:08:10.000000Z,1.66796875,1.6669921875,41.0
2015-08-06T15:08:20.000000Z,1.66796875,1.6669921875,13.0
2015-08-06T15:08:30.000000Z,1.66796875,1.6669921875,13.0
2015-08-06T15:08:40.000000Z,1.66796875,1.6669921875,21.0
2015-08-06T15:08:50.000000Z,1.66796875,1.6669921875,16.0
2015-08-06T15:09:00.000000Z,1.66796875,1.6669921875,22.0
2015-08-06T15:09:10.000000Z,1.66796875,1.6669921875,11.0
2015-08-06T15:09:20.000000Z,1.6669921875,1.6669921875,31.0
2015-08-06T15:09:30.000000Z,1.66796875,1.6669921875,27.0
2015-08-06T15:09:40.000000Z,1.66796875,1.6669921875,15.0
2015-08-06T15:09:50.000000Z,1.66796875,1.6669921875,33.0
2015-08-06T15:10:00.000000Z,1.66796875,1.6669921875,39.0
2015-08-06T15:10:10.000000Z,1.66796875,1.6669921875,26.0
2015-08-06T15:10:20.000000Z,1.66796875,1.6669921875,39.0
2015-08-06T15:10:30.000000Z,1.66796875,1.66796875,27.0
2015-08-06T15:10:40.000000Z,1.66796875,1.66796875,47.0
2015-08-06T15:10:50.000000Z,1.66796875,1.66796875,53.0
2015-08-06T15:11:00.000000Z,1.66796875,1.6669921875,22.0
2015-08-06T15:11:10.000000Z,1.66796875,1.66796875,21.0
2015-08-06T15:11:20.000000Z,1.66796875,1.6669921875,31.0
2015-08-06T15:11:30.000000Z,1.66796875,1.6669921875,41.0
2015-08-06T15:11:40.000000Z,1.66796875,1.6669921875,49.0
2015-08-06T15:11:50.000000Z,1.66796875,1.6669921875,29.0
2015-08-06T15:12:00.000000Z,1.66796875,1.6669921875,23.0
2015-08-06T15:12:10.000000Z,1.6689453125,1.66796875,35.0
2015-08-06T15:12:20.000000Z,1.66796875,1.66796875,47.0
2015-08-06T15:12:30.000000Z,1.66796875,1.66796875,15.0
2015-08-06T15:12:40.000000Z,1.66796875,1.66796875,55.0
2015-08-06T15:12:50.000000Z,1.66796875,1.66796875,17.0
2015-08-06T15:13:00.000000Z,1.66796875,1.66796875,26.0
2015-08-06T15:13:10.000000Z,1.66796875,1.66796875,14.0
2015-08-06T15:13:20.000000Z,1.66796875,1.66796875,10.0
2015-08-06T15:13:30.000000Z,1.66796875,1.66796875,26.0
2015-08-06T15:13:40.000000Z,1.66796875,1.66796875,11.0
2015-08-06T15:13:50.000000Z,1.66796875,1.66796875,28.0
2015-08-06T15:14:00.000000Z,1.66796875,1.66796875,38.0
2015-08-06T15:14:10.000000Z,1.66796875,1.66796875,29.0
2015-08-06T15:14:20.000000Z,1.66796875,1.66796875,28.0
2015-08-06T15:14:30.000000Z,1.66796875,1.6669921875,33.0
2015-08-06T15:14:40.000000Z,1.66796875,1.6669921875,25.0
2015-08-06T15:14:50.000000Z,1.66796875,1.6669921875,31.0
2015-08-06T15:15:00.000000Z,1.66796875,1.66796875,34.0
2015-08-06T15:15:10.000000Z,1.66796875,1.6669921875,31.0
2015-08-06T15:15:20.000000Z,1.66796875,1.66796875,35.0
2015-08-06T15:15:30.000000Z,1.66796875,1.66796875,24.0
2015-08-06T15:15:40.000000Z,1.66796875,1.66796875,30.0
2015-08-06T15:15:50.000000Z,1.66796875,1.66796875,39.0
2015-08-06T15:16:00.000000Z,1.66796875,1.66796875,36.0
2015-08-06T15:16:10.000000Z,1.66796875,1.6669921875,25.0
2015-08-06T15:16:20.000000Z,1.66796875,1.6669921875,20.0
2015-08-06T15:16:30.000000Z,1.66796875,1.6669921875,32.0
2015-08-06T15:16:40.000000Z,1.66796875,1.6669921875,24.0
2015-08-06T15:16:50.000000Z,1.66796875,1.66796875,23.0
2015-08-06T15:17:00.000000Z,1.66796875,1.66796875,23.0
2015-08-06T15:17:10.000000Z,1.66796875,1.66796875,14.0
2015-08-06T15:17:20.000000Z,1.66796875,1.6669921875,9.0
2015-08-06T15:17:30.000000Z,1.66796875,1.6669921875,24.0
2015-08-06T15:17:40.000000Z,1.66796875,1.6669921875,23.0
2015-08-06T15:17:50.000000Z,1.66796875,1.6669921875,14.0
2015-08-06T15:18:00.000000Z,1.6669921875,1.6669921875,21.0
2015-08-06T15:18:10.000000Z,1.6669921875,1.6669921875,16.0
2015-08-06T15:18:20.000000Z,1.6669921875,1.6669921875,28.0
2015-08-06T15:18:30.000000Z,1.6669921875,1.6669921875,10.0
2015-08-06T15:18:40.000000Z,1.6669921875,1.6669921875,14.0
2015-08-06T15:18:50.000000Z,1.66796875,1.6669921875,8.0
2015-08-06T15:19:00.000000Z,1.6669921875,1.6669921875,27.0
2015-08-06T15:19:10.000000Z,1.6669921875,1.6669921875,7.0
2015-08-06T15:19:20.000000Z,1.6669921875,1.6669921875,45.0
2015-08-06T15:19:30.000000Z,1.6669921875,1.6669921875,23.0
2015-08-06T15:19:40.000000Z,1.66796875,1.6669921875,8.0
2015-08-06T15:19:50.000000Z,1.6669921875,1.6669921875,24.0
2015-08-06T15:20:00.000000Z,1.6669921875,1.6669921875,9.0
2015-08-06T15:20:10.000000Z,1.6669921875,1.6669921875,9.0
2015-08-06T15:20:20.000000Z,1.6669921875,1.6669921875,17.0
2015-08-06T15:20:30.000000Z,1.6669921875,1.6669921875,5.0
2015-08-06T15:20:40.000000Z,1.6669921875,1.6669921875,21.0
2015-08-06T15:20:50.000000Z,1.66796875,1.6669921875,19.0
2015-08-06T15:21:00.000000Z,1.66796875,1.6669921875,27.0
2015-08-06T15:21:10.000000Z,1.66796875,1.6669921875,9.0
2015-08-06T15:21:20.000000Z,1.66796875,1.6669921875,8.0
2015-08-06T15:21:30.000000Z,1.66796875,1.6669921875,14.0
2015-08-06T15:21:40.000000Z,1.66796875,1.6669921875,2.0
2015-08-06T15:21:50.000000Z,1.66796875,1.6669921875,4.0
2015-08-06T15:22:00.000000Z,1.6669921875,1.6669921875,24.0
2015-08-06T15:22:10.000000Z,1.6669921875,1.6669921875,13.0
2015-08-06T15:22:20.000000Z,1.6669921875,1.6669921875,10.0
2015-08-06T15:22:30.000000Z,1.6669921875,1.6669921875,25.0
2015-08-06T15:22:40.000000Z,1.6669921875,1.6669921875,33.0
2015-08-06T15:22:50.000000Z,1.6669921875,1.666015625,42.0
2015-08-06T15:23:00.000000Z,1.6669921875,1.666015625,40.0
2015-08-06T15:23:10.000000Z,1.6669921875,1.6669921875,37.0
2015-08-06T15:23:20.000000Z,1.6669921875,1.666015625,24.0
2015-08-06T15:23:30.000000Z,1.6669921875,1.6669921875,27.0
2015-08-06T15:23:40.000000Z,1.6669921875,1.6669921875,12.0
2015-08-06T15:23:50.000000Z,1.6669921875,1.6669921875,15.0
2015-08-06T15:24:00.000000Z,1.6669921875,1.6669921875,16.0
2015-08-06T15:24:10.000000Z,1.6669921875,1.6669921875,25.0
2015-08-06T15:24:20.000000Z,1.6669921875,1.6669921875,17.0
2015-08-06T15:24:30.000000Z,1.6669921875,1.6669921875,14.0
2015-08-06T15:24:40.000000Z,1.6669921875,1.6669921875,7.0
2015-08-06T15:24:50.000000Z,1.6669921875,1.6669921875,22.0
2015-08-06T15:25:00.000000Z,1.6669921875,1.6669921875,15.0
2015-08-06T15:25:10.000000Z,1.6669921875,1.6669921875,25.0
2015-08-06T15:25:20.000000Z,1.6669921875,1.6669921875,7.0
2015-08-06T15:25:30.000000Z,1.6669921875,1.666015625,16.0
2015-08-06T15:25:40.000000Z,1.6669921875,1.666015625,21.0
2015-08-06T15:25:50.000000Z,1.6669921875,1.6669921875,30.0
2015-08-06T15:26:00.000000Z,1.6669921875,1.666015625,28.0
2015-08-06T15:26:10.000000Z,1.6669921875,1.666015625,11.0
2015-08-06T15:26:20.000000Z,1.6669921875,1.666015625,22.0
2015-08-06T15:26:30.000000Z,1.6669921875,1.666015625,38.0
2015-08-06T15:26:40.000000Z,1.6669921875,1.666015625,20.0
2015-08-06T15:26:50.000000Z,1.6669921875,1.666015625,22.0
2015-08-06T15:27:00.000000Z,1.6669921875,1.666015625,20.0
2015-08-06T15:27:10.000000Z,1.6669921875,1.666015625,28.0
2015-08-06T15:27:20.000000Z,1.6669921875,1.666015625,17.0
2015-08-06T15:27:30.000000Z,1.6669921875,1.666015625,25.0
2015-08-06T15:27:40.000000Z,1.6669921875,1.666015625,11.0
2015-08-06T15:27:50.000000Z,1.6669921875,1.666015625,13.0
2015-08-06T15:28:00.000000Z,1.6669921875,1.666015625,4.0
2015-08-06T15:28:10.000000Z,1.6669921875,1.666015625,21.0
2015-08-06T15:28:20.000000Z,1.6669921875,1.666015625,8.0
2015-08-06T15:28:30.000000Z,1.6669921875,1.666015625,2.0
2015-08-06T15:28:40.000000Z,1.6669921875,1.6669921875,30.0
2015-08-06T15:28:50.000000Z,1.6669921875,1.6669921875,26.0
2015-08-06T15:29:00.000000Z,1.6669921875,1.6669921875,8.0
2015-08-06T15:29:10.000000Z,1.6669921875,1.6669921875,39.0
2015-08-06T15:29:20.000000Z,1.6669921875,1.6669921875,11.0
2015-08-06T15:29:30.000000Z,1.6669921875,1.6669921875,1.0
2015-08-06T15:29:40.000000Z,1.66796875,1.6669921875,24.0
2015-08-06T15:29:50.000000Z,1.66796875,1.6669921875,14.0
2015-08-06T15:30:00.000000Z,1.66796875,1.6669921875,27.0
2015-08-06T15:30:10.000000Z,1.66796875,1.66796875,40.0
2015-08-06T15:30:20.000000Z,1.66796875,1.66796875,26.0
2015-08-06T15:30:30.000000Z,1.6689453125,1.66796875,36.0
2015-08-06T15:30:40.000000Z,1.6689453125,1.66796875,17.0
2015-08-06T15:30:50.000000Z,1.66796875,1.66796875,44.0
2015-08-06T15:31:00.000000Z,1.66796875,1.66796875,14.0
2015-08-06T15:31:10.000000Z,1.66796875,1.66796875,11.0
2015-08-06T15:31:20.000000Z,1.66796875,1.6669921875,24.0
2015-08-06T15:31:30.000000Z,1.66796875,1.6669921875,6.0
2015-08-06T15:31:40.000000Z,1.66796875,1.6669921875,12.0
2015-08-06T15:31:50.000000Z,1.66796875,1.66796875,13.0
2015-08-06T15:32:00.000000Z,1.66796875,1.66796875,21.0
2015-08-06T15:32:10.000000Z,1.66796875,1.66796875,21.0
2015-08-06T15:32:20.000000Z,1.66796875,1.66796875,26.0
2015-08-06T15:32:30.000000Z,1.66796875,1.6669921875,18.0
2015-08-06T15:32:40.000000Z,1.66796875,1.66796875,20.0
2015-08-06T15:32:50.000000Z,1.66796875,1.6669921875,34.0
2015-08-06T15:33:00.000000Z,1.66796875,1.66796875,19.0
2015-08-06T15:33:10.000000Z,1.66796875,1.66796875,33.0
2015-08-06T15:33:20.000000Z,1.66796875,1.6669921875,32.0
2015-08-06T15:33:30.000000Z,1.66796875,1.6669921875,2.0
2015-08-06T15:33:40.000000Z,1.66796875,1.6669921875,26.0
2015-08-06T15:33:50.000000Z,1.66796875,1.6669921875,19.0
2015-08-06T15:34:00.000000Z,1.66796875,1.6669921875,32.0
2015-08-06T15:34:10.000000Z,1.66796875,1.66796875,17.0
2015-08-06T15:34:20.000000Z,1.66796875,1.66796875,9.0
2015-08-06T15:34:30.000000Z,1.66796875,1.6669921875,17.0
2015-08-06T15:34:40.000000Z,1.66796875,1.6669921875,40.0
2015-08-06T15:34:50.000000Z,1.6669921875,1.6669921875,34.0
2015-08-06T15:35:00.000000Z,1.6669921875,1.6669921875,26.0
2015-08-06T15:35:10.000000Z,1.6669921875,1.6669921875,12.0
2015-08-06T15:35:20.000000Z,1.6669921875,1.666015625,41.0
2015-08-06T15:35:30.000000Z,1.6669921875,1.6669921875,20.0
2015-08-06T15:35:40.000000Z,1.6669921875,1.6669921875,23.0
2015-08-06T15:35:50.000000Z,1.6669921875,1.6669921875,13.0
2015-08-06T15:36:00.000000Z,1.6669921875,1.6669921875,3.0
2015-08-06T15:36:10.000000Z,1.6669921875,1.6669921875,36.0
2015-08-06T15:36:20.000000Z,1.6669921875,1.6669921875,11.0
2015-08-06T15:36:30.000000Z,1.6669921875,1.6669921875,21.0
2015-08-06T15:36:40.000000Z,1.6669921875,1.6669921875,13.0
2015-08-06T15:36:50.000000Z,1.6669921875,1.6669921875,11.0
2015-08-06T15:37:00.000000Z,1.6669921875,1.6669921875,20.0
2015-08-06T15:37:10.000000Z,1.6669921875,1.6669921875,30.0
2015-08-06T15:37:20.000000Z,1.6669921875,1.6669921875,8.0
2015-08-06T15:37:30.000000Z,1.6669921875,1.6669921875,35.0
2015-08-06T15:37:40.000000Z,1.66796875,1.6669921875,45.0
2015-08-06T15:37:50.000000Z,1.66796875,1.6669921875,20.0
2015-08-06T15:38:00.000000Z,1.66796875,1.6669921875,31.0
2015-08-06T15:38:10.000000Z,1.66796875,1.6669921875,17.0
2015-08-06T15:38:20.000000Z,1.66796875,1.6669921875,28.0
2015-08-06T15:38:30.000000Z,1.6669921875,1.6669921875,33.0
2015-08-06T15:38:40.000000Z,1.6669921875,1.6669921875,17.0
2015-08-06T15:38:50.000000Z,1.6669921875,1.6669921875,21.0
2015-08-06T15:39:00.000000Z,1.66796875,1.6669921875,17.0
2015-08-06T15:39:10.000000Z,1.66796875,1.6669921875,13.0
2015-08-06T15:39:20.000000Z,1.66796875,1.6669921875,11.0
2015-08-06T15:39:30.000000Z,1.66796875,1.6669921875,21.0
2015-08-06T15:39:40.000000Z,1.66796875,1.6669921875,6.0
2015-08-06T15:39:50.000000Z,1.66796875,1.6669921875,10.0
2015-08-06T15:40:00.000000Z,1.66796875,1.6669921875,18.0
2015-08-06T15:40:10.000000Z,1.66796875,1.6669921875,10.0
2015-08-06T15:40:20.000000Z,1.66796875,1.6669921875,7.0
2015-08-06T15:40:30.000000Z,1.66796875,1.6669921875,8.0
2015-08-06T15:40:40.000000Z,1.66796875,1.6669921875,6.0
2015-08-06T15:41:00.000000Z,1.66796875,1.6669921875,6.0
2015-08-06T15:41:10.000000Z,1.66796875,1.6669921875,47.0
2015-08-06T15:41:20.000000Z,1.66796875,1.6669921875,20.0
2015-08-06T15:41:30.000000Z,1.66796875,1.6669921875,18.0
2015-08-06T15:41:40.000000Z,1.66796875,1.6669921875,12.0
2015-08-06T15:41:50.000000Z,1.66796875,1.6669921875,6.0
2015-08-06T15:42:00.000000Z,1.66796875,1.6669921875,14.0
2015-08-06T15:42:10.000000Z,1.66796875,1.6669921875,18.0
2015-08-06T15:42:20.000000Z,1.6669921875,1.6669921875,37.0
2015-08-06T15:42:30.000000Z,1.66796875,1.6669921875,28.0
2015-08-06T15:42:40.000000Z,1.66796875,1.6669921875,38.0
2015-08-06T15:42:50.000000Z,1.66796875,1.6669921875,4.0
2015-08-06T15:43:00.000000Z,1.66796875,1.6669921875,15.0
2015-08-06T15:43:10.000000Z,1.66796875,1.6669921875,36.0
2015-08-06T15:43:20.000000Z,1.66796875,1.6669921875,17.0
2015-08-06T15:43:30.000000Z,1.66796875,1.6669921875,7.0
2015-08-06T15:43:40.000000Z,1.66796875,1.6669921875,9.0
2015-08-06T15:43:50.000000Z,1.66796875,1.6669921875,28.0
2015-08-06T15:44:00.000000Z,1.66796875,1.6669921875,35.0
2015-08-06T15:44:10.000000Z,1.66796875,1.6669921875,23.0
2015-08-06T15:44:20.000000Z,1.66796875,1.6669921875,13.0
2015-08-06T15:44:30.000000Z,1.66796875,1.6669921875,15.0
2015-08-06T15:44:40.000000Z,1.6669921875,1.6669921875,32.0
2015-08-06T15:44:50.000000Z,1.6669921875,1.6669921875,14.0
2015-08-06T15:45:00.000000Z,1.66796875,1.6669921875,47.0
2015-08-06T15:45:10.000000Z,1.66796875,1.6669921875,51.0
2015-08-06T15:45:20.000000Z,1.66796875,1.6669921875,22.0
2015-08-06T15:45:30.000000Z,1.66796875,1.6669921875,3.0
2015-08-06T15:45:40.000000Z,1.66796875,1.6669921875,10.0
2015-08-06T15:45:50.000000Z,1.66796875,1.6669921875,14.0
2015-08-06T15:46:00.000000Z,1.66796875,1.6669921875,21.0
2015-08-06T15:46:10.000000Z,1.66796875,1.66796875,28.0
2015-08-06T15:46:20.000000Z,1.66796875,1.6669921875,30.0
2015-08-06T15:46:30.000000Z,1.66796875,1.66796875,29.0
2015-08-06T15:46:40.000000Z,1.66796875,1.66796875,5.0
2015-08-06T15:46:50.000000Z,1.66796875,1.66796875,33.0
2015-08-06T15:47:00.000000Z,1.66796875,1.66796875,18.0
2015-08-06T15:47:10.000000Z,1.66796875,1.66796875,6.0
2015-08-06T15:47:20.000000Z,1.66796875,1.66796875,2.0
2015-08-06T15:47:30.000000Z,1.66796875,1.66796875,19.0
2015-08-06T15:47:40.000000Z,1.66796875,1.66796875,32.0
2015-08-06T15:47:50.000000Z,1.66796875,1.66796875,11.0
2015-08-06T15:48:00.000000Z,1.66796875,1.6669921875,27.0
2015-08-06T15:48:10.000000Z,1.66796875,1.6669921875,3.0
2015-08-06T15:48:20.000000Z,1.66796875,1.66796875,51.0
2015-08-06T15:48:30.000000Z,1.66796875,1.66796875,19.0
2015-08-06T15:48:40.000000Z,1.66796875,1.66796875,4.0
2015-08-06T15:48:50.000000Z,1.66796875,1.66796875,20.0
2015-08-06T15:49:00.000000Z,1.66796875,1.66796875,35.0
2015-08-06T15:49:10.000000Z,1.66796875,1.66796875,16.0
2015-08-06T15:49:20.000000Z,1.66796875,1.66796875,23.0
2015-08-06T15:49:30.000000Z,1.66796875,1.66796875,39.0
2015-08-06T15:49:40.000000Z,1.66796875,1.66796875,26.0
2015-08-06T15:49:50.000000Z,1.66796875,1.66796875,24.0
2015-08-06T15:50:00.000000Z,1.66796875,1.66796875,10.0
2015-08-06T15:50:10.000000Z,1.66796875,1.66796875,33.0
2015-08-06T15:50:20.000000Z,1.66796875,1.66796875,12.0
2015-08-06T15:50:30.000000Z,1.66796875,1.66796875,19.0
2015-08-06T15:50:40.000000Z,1.66796875,1.66796875,10.0
2015-08-06T15:50:50.000000Z,1.66796875,1.66796875,38.0
2015-08-06T15:51:00.000000Z,1.66796875,1.66796875,26.0
2015-08-06T15:51:10.000000Z,1.66796875,1.66796875,27.0
2015-08-06T15:51:20.000000Z,1.66796875,1.66796875,24.0
2015-08-06T15:51:30.000000Z,1.66796875,1.66796875,20.0
2015-08-06T15:51:40.000000Z,1.66796875,1.66796875,11.0
2015-08-06T15:51:50.000000Z,1.66796875,1.66796875,14.0
2015-08-06T15:52:00.000000Z,1.66796875,1.66796875,14.0
2015-08-06T15:52:10.000000Z,1.66796875,1.66796875,37.0
2015-08-06T15:52:20.000000Z,1.66796875,1.66796875,6.0
2015-08-06T15:52:30.000000Z,1.66796875,1.66796875,19.0
2015-08-06T15:52:40.000000Z,1.66796875,1.66796875,27.0
2015-08-06T15:52:50.000000Z,1.66796875,1.66796875,19.0
2015-08-06T15:53:00.000000Z,1.66796875,1.66796875,29.0
2015-08-06T15:53:10.000000Z,1.6689453125,1.66796875,17.0
2015-08-06T15:53:20.000000Z,1.6689453125,1.66796875,24.0
2015-08-06T15:53:30.000000Z,1.6689453125,1.66796875,26.0
2015-08-06T15:53:40.000000Z,1.6689453125,1.66796875,16.0
2015-08-06T15:53:50.000000Z,1.6689453125,1.66796875,9.0
2015-08-06T15:54:00.000000Z,1.6689453125,1.66796875,10.0
2015-08-06T15:54:10.000000Z,1.6689453125,1.66796875,6.0
2015-08-06T15:54:20.000000Z,1.6689453125,1.66796875,14.0
2015-08-06T15:54:30.000000Z,1.6689453125,1.66796875,9.0
2015-08-06T15:54:40.000000Z,1.6689453125,1.66796875,14.0
2015-08-06T15:54:50.000000Z,1.6689453125,1.66796875,2.0
2015-08-06T15:55:00.000000Z,1.6689453125,1.66796875,16.0
2015-08-06T15:55:10.000000Z,1.6689453125,1.66796875,16.0
2015-08-06T15:55:20.000000Z,1.6689453125,1.66796875,15.0
2015-08-06T15:55:30.000000Z,1.6689453125,1.66796875,18.0
2015-08-06T15:55:40.000000Z,1.6689453125,1.66796875,16.0
2015-08-06T15:55:50.000000Z,1.66796875,1.66796875,13.0
2015-08-06T15:56:00.000000Z,1.66796875,1.66796875,6.0
2015-08-06T15:56:10.000000Z,1.66796875,1.66796875,24.0
2015-08-06T15:56:20.000000Z,1.6689453125,1.66796875,19.0
2015-08-06T15:56:30.000000Z,1.6689453125,1.66796875,31.0
2015-08-06T15:56:40.000000Z,1.6689453125,1.66796875,32.0
2015-08-06T15:56:50.000000Z,1.6689453125,1.66796875,41.0
2015-08-06T15:57:00.000000Z,1.6689453125,1.66796875,48.0
2015-08-06T15:57:10.000000Z,1.6689453125,1.66796875,19.0
2015-08-06T15:57:20.000000Z,1.6689453125,1.66796875,12.0
2015-08-06T15:57:30.000000Z,1.6689453125,1.66796875,15.0
2015-08-06T15:57:40.000000Z,1.6689453125,1.66796875,13.0
2015-08-06T15:57:50.000000Z,1.6689453125,1.66796875,42.0
2015-08-06T15:58:00.000000Z,1.6689453125,1.66796875,12.0
2015-08-06T15:58:10.000000Z,1.6689453125,1.66796875,1.0
2015-08-06T15:58:20.000000Z,1.6689453125,1.66796875,2.0
2015-08-06T15:58:30.000000Z,1.6689453125,1.66796875,19.0
2015-08-06T15:58:40.000000Z,1.6689453125,1.66796875,20.0
2015-08-06T15:58:50.000000Z,1.6689453125,1.66796875,17.0
2015-08-06T15:59:00.000000Z,1.6689453125,1.66796875,38.0
2015-08-06T15:59:10.000000Z,1.6689453125,1.66796875,25.0
2015-08-06T15:59:20.000000Z,1.6689453125,1.66796875,29.0
2015-08-06T15:59:30.000000Z,1.6689453125,1.66796875,12.0
2015-08-06T15:59:40.000000Z,1.6689453125,1.66796875,8.0
2015-08-06T15:59:50.000000Z,1.6689453125,1.66796875,15.0
2015-08-06T16:00:00.000000Z,1.6689453125,1.6689453125,29.0
2015-08-06T16:00:10.000000Z,1.6689453125,1.6689453125,10.0
2015-08-06T16:00:20.000000Z,1.6689453125,1.6689453125,19.0
2015-08-06T16:00:30.000000Z,1.6689453125,1.6689453125,16.0
2015-08-06T16:00:40.000000Z,1.6689453125,1.6689453125,17.0
2015-08-06T16:00:50.000000Z,1.6689453125,1.6689453125,2.0
2015-08-06T16:01:00.000000Z,1.6689453125,1.6689453125,3.0
2015-08-06T16:01:10.000000Z,1.6689453125,1.6689453125,6.0
2015-08-06T16:01:20.000000Z,1.6689453125,1.6689453125,11.0
2015-08-06T16:01:30.000000Z,1.6689453125,1.6689453125,3.0
2015-08-06T16:01:40.000000Z,1.6689453125,1.66796875,20.0
2015-08-06T16:01:50.000000Z,1.6689453125,1.66796875,16.0
2015-08-06T16:02:00.000000Z,1.6689453125,1.66796875,9.0
2015-08-06T16:02:10.000000Z,1.6689453125,1.66796875,14.0
2015-08-06T16:02:20.000000Z,1.6689453125,1.66796875,28.0
2015-08-06T16:02:30.000000Z,1.6689453125,1.66796875,20.0
2015-08-06T16:02:40.000000Z,1.6689453125,1.66796875,5.0
2015-08-06T16:02:50.000000Z,1.6689453125,1.66796875,11.0
2015-08-06T16:03:00.000000Z,1.6689453125,1.66796875,16.0
2015-08-06T16:03:10.000000Z,1.6689453125,1.66796875,4.0
2015-08-06T16:03:20.000000Z,1.6689453125,1.66796875,3.0
2015-08-06T16:03:30.000000Z,1.6689453125,1.66796875,26.0
2015-08-06T16:03:50.000000Z,1.6689453125,1.66796875,17.0
2015-08-06T16:04:00.000000Z,1.6689453125,1.66796875,30.0
2015-08-06T16:04:10.000000Z,1.6689453125,1.66796875,8.0
2015-08-06T16:04:20.000000Z,1.6689453125,1.66796875,6.0
2015-08-06T16:04:30.000000Z,1.6689453125,1.66796875,10.0
2015-08-06T16:04:40.000000Z,1.6689453125,1.66796875,5.0
2015-08-06T16:04:50.000000Z,1.6689453125,1.66796875,7.0
2015-08-06T16:05:00.000000Z,1.6689453125,1.66796875,14.0
2015-08-06T16:05:10.000000Z,1.6689453125,1.66796875,11.0
2015-08-06T16:05:30.000000Z,1.6689453125,1.66796875,4.0
2015-08-06T16:05:40.000000Z,1.66796875,1.66796875,14.0
2015-08-06T16:05:50.000000Z,1.66796875,1.66796875,7.0
2015-08-06T16:06:10.000000Z,1.6689453125,1.66796875,20.0
2015-08-06T16:06:20.000000Z,1.6689453125,1.66796875,16.0
2015-08-06T16:06:30.000000Z,1.6689453125,1.66796875,13.0
2015-08-06T16:06:40.000000Z,1.6689453125,1.66796875,30.0
2015-08-06T16:06:50.000000Z,1.6689453125,1.66796875,29.0
2015-08-06T16:07:00.000000Z,1.6689453125,1.66796875,7.0
2015-08-06T16:07:10.000000Z,1.6689453125,1.66796875,10.0
2015-08-06T16:07:20.000000Z,1.6689453125,1.6689453125,48.0
2015-08-06T16:07:30.000000Z,1.6689453125,1.66796875,35.0
2015-08-06T16:07:40.000000Z,1.6689453125,1.66796875,33.0
2015-08-06T16:07:50.000000Z,1.6689453125,1.66796875,40.0
2015-08-06T16:08:00.000000Z,1.6689453125,1.66796875,40.0
2015-08-06T16:08:10.000000Z,1.6689453125,1.66796875,15.0
2015-08-06T16:08:20.000000Z,1.6689453125,1.66796875,10.0
2015-08-06T16:08:30.000000Z,1.6689453125,1.66796875,19.0
2015-08-06T16:08:40.000000Z,1.6689453125,1.66796875,2.0
2015-08-06T16:08:50.000000Z,1.6689453125,1.66796875,40.0
2015-08-06T16:09:00.000000Z,1.6689453125,1.66796875,13.0
2015-08-06T16:09:10.000000Z,1.6689453125,1.66796875,21.0
2015-08-06T16:09:20.000000Z,1.6689453125,1.66796875,19.0
2015-08-06T16:09:30.000000Z,1.6689453125,1.66796875,41.0
2015-08-06T16:09:40.000000Z,1.6689453125,1.6689453125,41.0
2015-08-06T16:09:50.000000Z,1.6689453125,1.6689453125,41.0
2015-08-06T16:10:00.000000Z,1.6689453125,1.6689453125,43.0
2015-08-06T16:10:10.000000Z,1.6689453125,1.6689453125,28.0
2015-08-06T16:10:20.000000Z,1.6689453125,1.6689453125,44.0
2015-08-06T16:10:30.000000Z,1.6689453125,1.6689453125,29.0
2015-08-06T16:10:40.000000Z,1.6689453125,1.6689453125,8.0
2015-08-06T16:10:50.000000Z,1.6689453125,1.6689453125,27.0
2015-08-06T16:11:00.000000Z,1.6689453125,1.6689453125,46.0
2015-08-06T16:11:10.000000Z,1.6689453125,1.6689453125,28.0
2015-08-06T16:11:20.000000Z,1.6689453125,1.6689453125,33.0
2015-08-06T16:11:30.000000Z,1.6689453125,1.6689453125,18.0
2015-08-06T16:11:40.000000Z,1.6689453125,1.6689453125,30.0
2015-08-06T16:11:50.000000Z,1.6689453125,1.6689453125,30.0
2015-08-06T16:12:00.000000Z,1.669921875,1.6689453125,28.0
2015-08-06T16:12:10.000000Z,1.6689453125,1.6689453125,29.0
2015-08-06T16:12:20.000000Z,1.669921875,1.6689453125,33.0
2015-08-06T16:12:30.000000Z,1.669921875,1.6689453125,21.0
2015-08-06T16:12:40.000000Z,1.669921875,1.6689453125,24.0
2015-08-06T16:12:50.000000Z,1.669921875,1.6689453125,29.0
2015-08-06T16:13:00.000000Z,1.669921875,1.6689453125,3.0
2015-08-06T16:13:10.000000Z,1.669921875,1.6689453125,7.0
2015-08-06T16:13:20.000000Z,1.669921875,1.6689453125,7.0
2015-08-06T16:13:30.000000Z,1.669921875,1.6689453125,5.0
2015-08-06T16:13:40.000000Z,1.669921875,1.6689453125,22.0
2015-08-06T16:13:50.000000Z,1.669921875,1.6689453125,27.0
2015-08-06T16:14:00.000000Z,1.669921875,1.6689453125,44.0
2015-08-06T16:14:10.000000Z,1.669921875,1.6689453125,49.0
2015-08-06T16:14:20.000000Z,1.669921875,1.6689453125,4.0
2015-08-06T16:14:30.000000Z,1.669921875,1.6689453125,5.0
2015-08-06T16:14:40.000000Z,1.669921875,1.6689453125,28.0
2015-08-06T16:14:50.000000Z,1.669921875,1.6689453125,4.0
2015-08-06T16:15:00.000000Z,1.669921875,1.6689453125,26.0
2015-08-06T16:15:10.000000Z,1.669921875,1.6689453125,13.0
2015-08-06T16:15:20.000000Z,1.669921875,1.6689453125,18.0
2015-08-06T16:15:30.000000Z,1.669921875,1.6689453125,24.0
2015-08-06T16:15:40.000000Z,1.669921875,1.6689453125,16.0
2015-08-06T16:15:50.000000Z,1.669921875,1.6689453125,23.0
2015-08-06T16:16:00.000000Z,1.669921875,1.6689453125,4.0
2015-08-06T16:16:10.000000Z,1.669921875,1.6689453125,14.0
2015-08-06T16:16:20.000000Z,1.669921875,1.6689453125,25.0
2015-08-06T16:16:30.000000Z,1.6689453125,1.66796875,46.0
2015-08-06T16:16:40.000000Z,1.6689453125,1.66796875,21.0
2015-08-06T16:16:50.000000Z,1.6689453125,1.6689453125,7.0
2015-08-06T16:17:00.000000Z,1.6689453125,1.6689453125,35.0
2015-08-06T16:17:10.000000Z,1.6689453125,1.66796875,39.0
2015-08-06T16:17:20.000000Z,1.6689453125,1.66796875,23.0
2015-08-06T16:17:30.000000Z,1.6689453125,1.66796875,15.0
2015-08-06T16:17:40.000000Z,1.6689453125,1.66796875,28.0
2015-08-06T16:17:50.000000Z,1.6689453125,1.66796875,4.0
2015-08-06T16:18:00.000000Z,1.6689453125,1.66796875,18.0
2015-08-06T16:18:10.000000Z,1.66796875,1.66796875,39.0
2015-08-06T16:18:20.000000Z,1.66796875,1.66796875,33.0
2015-08-06T16:18:30.000000Z,1.66796875,1.66796875,31.0
2015-08-06T16:18:40.000000Z,1.6689453125,1.66796875,28.0
2015-08-06T16:18:50.000000Z,1.6689453125,1.66796875,20.0
2015-08-06T16:19:00.000000Z,1.6689453125,1.66796875,27.0
2015-08-06T16:19:10.000000Z,1.66796875,1.66796875,13.0
2015-08-06T16:19:20.000000Z,1.66796875,1.66796875,40.0
2015-08-06T16:19:30.000000Z,1.66796875,1.66796875,28.0
2015-08-06T16:19:40.000000Z,1.66796875,1.66796875,17.0
2015-08-06T16:19:50.000000Z,1.66796875,1.66796875,38.0
2015-08-06T16:20:00.000000Z,1.66796875,1.66796875,27.0
2015-08-06T16:20:10.000000Z,1.6689453125,1.66796875,30.0
2015-08-06T16:20:20.000000Z,1.6689453125,1.66796875,13.0
2015-08-06T16:20:30.000000Z,1.66796875,1.66796875,40.0
2015-08-06T16:20:40.000000Z,1.66796875,1.66796875,12.0
2015-08-06T16:20:50.000000Z,1.66796875,1.66796875,30.0
2015-08-06T16:21:00.000000Z,1.66796875,1.66796875,25.0
2015-08-06T16:21:10.000000Z,1.6689453125,1.66796875,32.0
2015-08-06T16:21:20.000000Z,1.6689453125,1.66796875,31.0
2015-08-06T16:21:30.000000Z,1.6689453125,1.66796875,17.0
2015-08-06T16:21:40.000000Z,1.6689453125,1.66796875,17.0
2015-08-06T16:21:50.000000Z,1.6689453125,1.66796875,16.0
2015-08-06T16:22:00.000000Z,1.6689453125,1.66796875,17.0
2015-08-06T16:22:10.000000Z,1.6689453125,1.66796875,24.0
2015-08-06T16:22:20.000000Z,1.6689453125,1.6689453125,22.0
2015-08-06T16:22:30.000000Z,1.6689453125,1.66796875,30.0
2015-08-06T16:22:40.000000Z,1.6689453125,1.6689453125,16.0
2015-08-06T16:22:50.000000Z,1.6689453125,1.6689453125,33.0
2015-08-06T16:23:00.000000Z,1.6689453125,1.6689453125,24.0
2015-08-06T16:23:10.000000Z,1.6689453125,1.6689453125,5.0
2015-08-06T16:23:20.000000Z,1.6689453125,1.6689453125,14.0
2015-08-06T16:23:30.000000Z,1.6689453125,1.6689453125,18.0
2015-08-06T16:23:40.000000Z,1.6689453125,1.6689453125,17.0
2015-08-06T16:23:50.000000Z,1.6689453125,1.6689453125,5.0
2015-08-06T16:24:00.000000Z,1.6689453125,1.6689453125,2.0
2015-08-06T16:24:10.000000Z,1.6689453125,1.6689453125,5.0
2015-08-06T16:24:20.000000Z,1.6689453125,1.6689453125,7.0
2015-08-06T16:24:30.000000Z,1.6689453125,1.6689453125,27.0
2015-08-06T16:24:40.000000Z,1.6689453125,1.6689453125,27.0
2015-08-06T16:24:50.000000Z,1.6689453125,1.6689453125,3.0
2015-08-06T16:25:00.000000Z,1.6689453125,1.6689453125,8.0
2015-08-06T16:25:10.000000Z,1.6689453125,1.6689453125,10.0
2015-08-06T16:25:20.000000Z,1.6689453125,1.6689453125,9.0
2015-08-06T16:25:30.000000Z,1.6689453125,1.66796875,9.0
2015-08-06T16:25:40.000000Z,1.6689453125,1.66796875,22.0
2015-08-06T16:25:50.000000Z,1.6689453125,1.6689453125,13.0
2015-08-06T16:26:00.000000Z,1.6689453125,1.6689453125,24.0
2015-08-06T16:26:10.000000Z,1.6689453125,1.6689453125,32.0
2015-08-06T16:26:20.000000Z,1.6689453125,1.6689453125,7.0
2015-08-06T16:26:30.000000Z,1.6689453125,1.6689453125,11.0
2015-08-06T16:26:40.000000Z,1.6689453125,1.6689453125,12.0
2015-08-06T16:26:50.000000Z,1.6689453125,1.6689453125,27.0
2015-08-06T16:27:00.000000Z,1.6689453125,1.6689453125,16.0
2015-08-06T16:27:10.000000Z,1.6689453125,1.66796875,29.0
2015-08-06T16:27:20.000000Z,1.6689453125,1.66796875,24.0
2015-08-06T16:27:30.000000Z,1.6689453125,1.66796875,13.0
2015-08-06T16:27:40.000000Z,1.6689453125,1.66796875,19.0
2015-08-06T16:27:50.000000Z,1.6689453125,1.66796875,25.0
2015-08-06T16:28:00.000000Z,1.6689453125,1.66796875,11.0
2015-08-06T16:28:10.000000Z,1.6689453125,1.66796875,34.0
2015-08-06T16:28:20.000000Z,1.6689453125,1.66796875,15.0
2015-08-06T16:28:30.000000Z,1.6689453125,1.66796875,15.0
2015-08-06T16:28:40.000000Z,1.6689453125,1.66796875,20.0
2015-08-06T16:28:50.000000Z,1.6689453125,1.66796875,13.0
2015-08-06T16:29:00.000000Z,1.6689453125,1.66796875,15.0
2015-08-06T16:29:10.000000Z,1.6689453125,1.66796875,7.0
2015-08-06T16:29:20.000000Z,1.6689453125,1.66796875,7.0
2015-08-06T16:29:30.000000Z,1.6689453125,1.66796875,22.0
2015-08-06T16:29:40.000000Z,1.66796875,1.66796875,8.0
2015-08-06T16:29:50.000000Z,1.66796875,1.66796875,20.0
2015-08-06T16:30:00.000000Z,1.66796875,1.66796875,25.0
2015-08-06T16:30:10.000000Z,1.66796875,1.66796875,27.0
2015-08-06T16:30:20.000000Z,1.66796875,1.66796875,20.0
2015-08-06T16:30:30.000000Z,1.66796875,1.66796875,6.0
2015-08-06T16:30:40.000000Z,1.66796875,1.66796875,13.0
2015-08-06T16:30:50.000000Z,1.66796875,1.66796875,20.0
2015-08-06T16:31:00.000000Z,1.66796875,1.66796875,12.0
2015-08-06T16:31:10.000000Z,1.66796875,1.66796875,6.0
2015-08-06T16:31:20.000000Z,1.66796875,1.66796875,34.0
2015-08-06T16:31:30.000000Z,1.66796875,1.66796875,6.0
2015-08-06T16:31:40.000000Z,1.66796875,1.66796875,16.0
2015-08-06T16:31:50.000000Z,1.66796875,1.66796875,30.0
2015-08-06T16:32:00.000000Z,1.6689453125,1.66796875,25.0
2015-08-06T16:32:10.000000Z,1.6689453125,1.66796875,18.0
2015-08-06T16:32:20.000000Z,1.6689453125,1.66796875,17.0
2015-08-06T16:32:30.000000Z,1.6689453125,1.66796875,9.0
2015-08-06T16:32:40.000000Z,1.6689453125,1.66796875,18.0
2015-08-06T16:32:50.000000Z,1.6689453125,1.66796875,22.0
2015-08-06T16:33:00.000000Z,1.6689453125,1.66796875,19.0
2015-08-06T16:33:10.000000Z,1.6689453125,1.66796875,24.0
2015-08-06T16:33:20.000000Z,1.6689453125,1.66796875,14.0
2015-08-06T16:33:30.000000Z,1.6689453125,1.66796875,22.0
2015-08-06T16:33:40.000000Z,1.6689453125,1.66796875,5.0
2015-08-06T16:33:50.000000Z,1.6689453125,1.66796875,26.0
2015-08-06T16:34:00.000000Z,1.6689453125,1.66796875,22.0
2015-08-06T16:34:10.000000Z,1.6689453125,1.66796875,15.0
2015-08-06T16:34:20.000000Z,1.6689453125,1.66796875,29.0
2015-08-06T16:34:30.000000Z,1.6689453125,1.66796875,15.0
2015-08-06T16:34:40.000000Z,1.6689453125,1.66796875,13.0
2015-08-06T16:34:50.000000Z,1.6689453125,1.66796875,25.0
2015-08-06T16:35:00.000000Z,1.6689453125,1.66796875,17.0
2015-08-06T16:35:10.000000Z,1.6689453125,1.66796875,2.0
2015-08-06T16:35:20.000000Z,1.6689453125,1.66796875,11.0
2015-08-06T16:35:30.000000Z,1.6689453125,1.66796875,5.0
2015-08-06T16:35:40.000000Z,1.6689453125,1.66796875,1.0
2015-08-06T16:35:50.000000Z,1.6689453125,1.6689453125,7.0
2015-08-06T16:36:00.000000Z,1.6689453125,1.66796875,8.0
2015-08-06T16:36:10.000000Z,1.6689453125,1.66796875,5.0
2015-08-06T16:36:20.000000Z,1.6689453125,1.66796875,6.0
2015-08-06T16:36:30.000000Z,1.6689453125,1.66796875,11.0
2015-08-06T16:36:40.000000Z,1.6689453125,1.66796875,17.0
2015-08-06T16:36:50.000000Z,1.6689453125,1.66796875,6.0
2015-08-06T16:37:00.000000Z,1.6689453125,1.66796875,4.0
2015-08-06T16:37:10.000000Z,1.6689453125,1.66796875,3.0
2015-08-06T16:37:20.000000Z,1.6689453125,1.66796875,3.0
2015-08-06T16:37:30.000000Z,1.6689453125,1.66796875,15.0
2015-08-06T16:37:40.000000Z,1.6689453125,1.66796875,1.0
2015-08-06T16:37:50.000000Z,1.6689453125,1.66796875,12.0
2015-08-06T16:38:00.000000Z,1.6689453125,1.66796875,20.0
2015-08-06T16:38:10.000000Z,1.6689453125,1.66796875,1.0
2015-08-06T16:38:20.000000Z,1.6689453125,1.66796875,19.0
2015-08-06T16:38:30.000000Z,1.6689453125,1.66796875,16.0
2015-08-06T16:38:40.000000Z,1.6689453125,1.66796875,6.0
2015-08-06T16:38:50.000000Z,1.6689453125,1.66796875,11.0
2015-08-06T16:39:00.000000Z,1.6689453125,1.66796875,37.0
2015-08-06T16:39:10.000000Z,1.6689453125,1.66796875,14.0
2015-08-06T16:39:20.000000Z,1.6689453125,1.66796875,8.0
2015-08-06T16:39:30.000000Z,1.6689453125,1.66796875,11.0
2015-08-06T16:39:40.000000Z,1.6689453125,1.66796875,11.0
2015-08-06T16:39:50.000000Z,1.6689453125,1.66796875,19.0
2015-08-06T16:40:00.000000Z,1.6689453125,1.66796875,13.0
2015-08-06T16:40:10.000000Z,1.6689453125,1.66796875,2.0
2015-08-06T16:40:20.000000Z,1.6689453125,1.6689453125,20.0
2015-08-06T16:40:30.000000Z,1.6689453125,1.6689453125,14.0
2015-08-06T16:40:40.000000Z,1.6689453125,1.66796875,11.0
2015-08-06T16:40:50.000000Z,1.6689453125,1.66796875,2.0
2015-08-06T16:41:00.000000Z,1.6689453125,1.6689453125,19.0
2015-08-06T16:41:10.000000Z,1.6689453125,1.6689453125,18.0
2015-08-06T16:41:20.000000Z,1.6689453125,1.66796875,31.0
2015-08-06T16:41:30.000000Z,1.6689453125,1.66796875,1.0
2015-08-06T16:41:40.000000Z,1.6689453125,1.6689453125,6.0
2015-08-06T16:41:50.000000Z,1.6689453125,1.66796875,7.0
2015-08-06T16:42:00.000000Z,1.6689453125,1.66796875,12.0
2015-08-06T16:42:10.000000Z,1.6689453125,1.66796875,8.0
2015-08-06T16:42:20.000000Z,1.6689453125,1.66796875,4.0
2015-08-06T16:42:30.000000Z,1.6689453125,1.66796875,6.0
2015-08-06T16:42:40.000000Z,1.6689453125,1.66796875,11.0
2015-08-06T16:42:50.000000Z,1.6689453125,1.66796875,8.0
2015-08-06T16:43:00.000000Z,1.6689453125,1.66796875,28.0
2015-08-06T16:43:10.000000Z,1.6689453125,1.66796875,5.0
2015-08-06T16:43:20.000000Z,1.66796875,1.66796875,44.0
2015-08-06T16:43:30.000000Z,1.66796875,1.66796875,15.0
2015-08-06T16:43:40.000000Z,1.6689453125,1.66796875,8.0
2015-08-06T16:43:50.000000Z,1.66796875,1.66796875,10.0
2015-08-06T16:44:00.000000Z,1.66796875,1.66796875,5.0
2015-08-06T16:44:10.000000Z,1.6689453125,1.66796875,2.0
2015-08-06T16:44:20.000000Z,1.6689453125,1.66796875,5.0
2015-08-06T16:44:30.000000Z,1.6689453125,1.66796875,12.0
2015-08-06T16:44:40.000000Z,1.6689453125,1.66796875,8.0
2015-08-06T16:44:50.000000Z,1.6689453125,1.66796875,5.0
2015-08-06T16:45:00.000000Z,1.66796875,1.66796875,24.0
2015-08-06T16:45:10.000000Z,1.6689453125,1.66796875,11.0
2015-08-06T16:45:20.000000Z,1.6689453125,1.66796875,17.0
2015-08-06T16:45:30.000000Z,1.6689453125,1.66796875,6.0
2015-08-06T16:45:40.000000Z,1.6689453125,1.66796875,13.0
2015-08-06T16:45:50.000000Z,1.6689453125,1.66796875,10.0
2015-08-06T16:46:00.000000Z,1.66796875,1.66796875,15.0
2015-08-06T16:46:10.000000Z,1.66796875,1.66796875,5.0
2015-08-06T16:46:20.000000Z,1.6689453125,1.66796875,13.0
2015-08-06T16:46:30.000000Z,1.6689453125,1.66796875,2.0
2015-08-06T16:46:50.000000Z,1.6689453125,1.66796875,11.0
2015-08-06T16:47:00.000000Z,1.66796875,1.66796875,16.0
2015-08-06T16:47:10.000000Z,1.6689453125,1.66796875,21.0
2015-08-06T16:47:20.000000Z,1.6689453125,1.66796875,16.0
2015-08-06T16:47:30.000000Z,1.6689453125,1.66796875,5.0
2015-08-06T16:47:50.000000Z,1.6689453125,1.66796875,8.0
2015-08-06T16:48:00.000000Z,1.6689453125,1.66796875,9.0
2015-08-06T16:48:10.000000Z,1.6689453125,1.66796875,12.0
2015-08-06T16:48:20.000000Z,1.6689453125,1.66796875,20.0
2015-08-06T16:48:30.000000Z,1.6689453125,1.66796875,10.0
2015-08-06T16:48:40.000000Z,1.6689453125,1.66796875,1.0
2015-08-06T16:48:50.000000Z,1.6689453125,1.66796875,31.0
2015-08-06T16:49:00.000000Z,1.6689453125,1.66796875,24.0
2015-08-06T16:49:10.000000Z,1.6689453125,1.66796875,37.0
2015-08-06T16:49:20.000000Z,1.6689453125,1.66796875,9.0
2015-08-06T16:49:30.000000Z,1.6689453125,1.66796875,5.0
2015-08-06T16:49:40.000000Z,1.6689453125,1.66796875,8.0
2015-08-06T16:49:50.000000Z,1.6689453125,1.66796875,21.0
2015-08-06T16:50:00.000000Z,1.6689453125,1.66796875,19.0
2015-08-06T16:50:10.000000Z,1.6689453125,1.66796875,19.0
2015-08-06T16:50:20.000000Z,1.6689453125,1.66796875,14.0
2015-08-06T16:50:30.000000Z,1.6689453125,1.66796875,10.0
2015-08-06T16:50:40.000000Z,1.6689453125,1.66796875,12.0
2015-08-06T16:50:50.000000Z,1.6689453125,1.66796875,3.0
2015-08-06T16:51:00.000000Z,1.6689453125,1.66796875,15.0
2015-08-06T16:51:10.000000Z,1.6689453125,1.66796875,1.0
2015-08-06T16:51:20.000000Z,1.6689453125,1.66796875,23.0
2015-08-06T16:51:30.000000Z,1.6689453125,1.66796875,10.0
2015-08-06T16:51:40.000000Z,1.6689453125,1.66796875,11.0
2015-08-06T16:51:50.000000Z,1.6689453125,1.66796875,9.0
2015-08-06T16:52:00.000000Z,1.6689453125,1.66796875,25.0
2015-08-06T16:52:10.000000Z,1.6689453125,1.66796875,14.0
2015-08-06T16:52:20.000000Z,1.6689453125,1.66796875,18.0
2015-08-06T16:52:30.000000Z,1.6689453125,1.66796875,8.0
2015-08-06T16:52:40.000000Z,1.6689453125,1.6689453125,7.0
2015-08-06T16:52:50.000000Z,1.6689453125,1.66796875,4.0
2015-08-06T16:53:00.000000Z,1.6689453125,1.66796875,11.0
2015-08-06T16:53:10.000000Z,1.6689453125,1.66796875,5.0
2015-08-06T16:53:20.000000Z,1.6689453125,1.6689453125,27.0
2015-08-06T16:53:40.000000Z,1.6689453125,1.66796875,15.0
2015-08-06T16:53:50.000000Z,1.6689453125,1.66796875,14.0
2015-08-06T16:54:00.000000Z,1.6689453125,1.66796875,29.0
2015-08-06T16:54:10.000000Z,1.6689453125,1.66796875,4.0
2015-08-06T16:54:20.000000Z,1.6689453125,1.66796875,20.0
2015-08-06T16:54:30.000000Z,1.6689453125,1.66796875,27.0
2015-08-06T16:54:40.000000Z,1.6689453125,1.66796875,12.0
2015-08-06T16:54:50.000000Z,1.6689453125,1.66796875,27.0
2015-08-06T16:55:00.000000Z,1.6689453125,1.66796875,9.0
2015-08-06T16:55:20.000000Z,1.6689453125,1.66796875,13.0
2015-08-06T16:55:30.000000Z,1.6689453125,1.66796875,32.0
2015-08-06T16:55:40.000000Z,1.6689453125,1.66796875,39.0
2015-08-06T16:55:50.000000Z,1.6689453125,1.66796875,13.0
2015-08-06T16:56:00.000000Z,1.6689453125,1.66796875,25.0
2015-08-06T16:56:10.000000Z,1.6689453125,1.6689453125,13.0
2015-08-06T16:56:20.000000Z,1.6689453125,1.66796875,26.0
2015-08-06T16:56:30.000000Z,1.6689453125,1.66796875,3.0
2015-08-06T16:56:40.000000Z,1.6689453125,1.6689453125,19.0
2015-08-06T16:56:50.000000Z,1.6689453125,1.6689453125,10.0
2015-08-06T16:57:00.000000Z,1.6689453125,1.6689453125,8.0
2015-08-06T16:57:10.000000Z,1.6689453125,1.66796875,32.0
2015-08-06T16:57:20.000000Z,1.6689453125,1.66796875,11.0
2015-08-06T16:57:30.000000Z,1.6689453125,1.66796875,3.0
2015-08-06T16:57:40.000000Z,1.6689453125,1.66796875,8.0
2015-08-06T16:57:50.000000Z,1.6689453125,1.6689453125,28.0
2015-08-06T16:58:00.000000Z,1.6689453125,1.6689453125,6.0
2015-08-06T16:58:10.000000Z,1.6689453125,1.6689453125,13.0
2015-08-06T16:58:20.000000Z,1.6689453125,1.6689453125,17.0
2015-08-06T16:58:30.000000Z,1.6689453125,1.6689453125,14.0
2015-08-06T16:58:40.000000Z,1.6689453125,1.6689453125,22.0
2015-08-06T16:58:50.000000Z,1.6689453125,1.6689453125,23.0
2015-08-06T16:59:00.000000Z,1.6689453125,1.6689453125,8.0
2015-08-06T16:59:10.000000Z,1.6689453125,1.6689453125,13.0
2015-08-06T16:59:20.000000Z,1.6689453125,1.66796875,19.0
2015-08-06T16:59:30.000000Z,1.6689453125,1.66796875,37.0
2015-08-06T16:59:40.000000Z,1.6689453125,1.66796875,28.0
2015-08-06T16:59:50.000000Z,1.6689453125,1.66796875,32.0
2015-08-06T17:00:00.000000Z,1.6689453125,1.66796875,24.0
2015-08-06T17:00:10.000000Z,1.6689453125,1.66796875,34.0
2015-08-06T17:00:30.000000Z,1.6689453125,1.66796875,23.0
2015-08-06T17:00:40.000000Z,1.6689453125,1.66796875,4.0
2015-08-06T17:00:50.000000Z,1.6689453125,1.66796875,24.0
2015-08-06T17:01:00.000000Z,1.6689453125,1.66796875,6.0
2015-08-06T17:01:10.000000Z,1.6689453125,1.66796875,6.0
2015-08-06T17:01:20.000000Z,1.6689453125,1.66796875,40.0
2015-08-06T17:01:30.000000Z,1.6689453125,1.66796875,9.0
2015-08-06T17:01:40.000000Z,1.6689453125,1.66796875,19.0
2015-08-06T17:01:50.000000Z,1.6689453125,1.66796875,22.0
2015-08-06T17:02:00.000000Z,1.6689453125,1.66796875,40.0
2015-08-06T17:02:10.000000Z,1.6689453125,1.66796875,26.0
2015-08-06T17:02:20.000000Z,1.6689453125,1.66796875,10.0
2015-08-06T17:02:30.000000Z,1.6689453125,1.66796875,14.0
2015-08-06T17:02:40.000000Z,1.6689453125,1.66796875,12.0
2015-08-06T17:02:50.000000Z,1.6689453125,1.66796875,14.0
2015-08-06T17:03:00.000000Z,1.6689453125,1.66796875,6.0
2015-08-06T17:03:10.000000Z,1.6689453125,1.66796875,10.0
2015-08-06T17:03:20.000000Z,1.6689453125,1.66796875,21.0
2015-08-06T17:03:30.000000Z,1.6689453125,1.66796875,4.0
2015-08-06T17:03:40.000000Z,1.6689453125,1.66796875,11.0
2015-08-06T17:03:50.000000Z,1.6689453125,1.66796875,25.0
2015-08-06T17:04:00.000000Z,1.6689453125,1.66796875,23.0
2015-08-06T17:04:10.000000Z,1.6689453125,1.66796875,27.0
2015-08-06T17:04:20.000000Z,1.6689453125,1.66796875,35.0
2015-08-06T17:04:30.000000Z,1.6689453125,1.66796875,12.0
2015-08-06T17:04:40.000000Z,1.6689453125,1.66796875,28.0
2015-08-06T17:04:50.000000Z,1.6689453125,1.66796875,17.0
2015-08-06T17:05:00.000000Z,1.6689453125,1.66796875,3.0
2015-08-06T17:05:10.000000Z,1.6689453125,1.66796875,3.0
2015-08-06T17:05:20.000000Z,1.6689453125,1.66796875,15.0
2015-08-06T17:05:30.000000Z,1.6689453125,1.66796875,6.0
2015-08-06T17:05:40.000000Z,1.6689453125,1.66796875,5.0
2015-08-06T17:06:00.000000Z,1.6689453125,1.66796875,7.0
2015-08-06T17:06:20.000000Z,1.6689453125,1.66796875,4.0
2015-08-06T17:06:30.000000Z,1.6689453125,1.66796875,19.0
2015-08-06T17:06:40.000000Z,1.6689453125,1.66796875,18.0
2015-08-06T17:06:50.000000Z,1.6689453125,1.66796875,5.0
2015-08-06T17:07:00.000000Z,1.6689453125,1.66796875,18.0
2015-08-06T17:07:10.000000Z,1.66796875,1.66796875,37.0
2015-08-06T17:07:20.000000Z,1.6689453125,1.66796875,19.0
2015-08-06T17:07:30.000000Z,1.6689453125,1.66796875,46.0
2015-08-06T17:07:40.000000Z,1.66796875,1.66796875,22.0
2015-08-06T17:07:50.000000Z,1.66796875,1.66796875,29.0
2015-08-06T17:08:00.000000Z,1.66796875,1.66796875,11.0
2015-08-06T17:08:10.000000Z,1.66796875,1.6669921875,5.0
2015-08-06T17:08:20.000000Z,1.66796875,1.66796875,26.0
2015-08-06T17:08:30.000000Z,1.66796875,1.66796875,15.0
2015-08-06T17:08:40.000000Z,1.66796875,1.66796875,7.0
2015-08-06T17:08:50.000000Z,1.66796875,1.66796875,9.0
2015-08-06T17:09:00.000000Z,1.66796875,1.66796875,18.0
2015-08-06T17:09:10.000000Z,1.66796875,1.66796875,14.0
2015-08-06T17:09:30.000000Z,1.66796875,1.66796875,21.0
2015-08-06T17:09:40.000000Z,1.66796875,1.66796875,11.0
2015-08-06T17:09:50.000000Z,1.66796875,1.66796875,19.0
2015-08-06T17:10:00.000000Z,1.6689453125,1.66796875,9.0
2015-08-06T17:10:10.000000Z,1.66796875,1.66796875,15.0
2015-08-06T17:10:20.000000Z,1.66796875,1.66796875,10.0
2015-08-06T17:10:30.000000Z,1.66796875,1.66796875,8.0
2015-08-06T17:10:40.000000Z,1.66796875,1.66796875,19.0
2015-08-06T17:10:50.000000Z,1.66796875,1.66796875,15.0
2015-08-06T17:11:00.000000Z,1.66796875,1.66796875,13.0
2015-08-06T17:11:10.000000Z,1.66796875,1.66796875,23.0
2015-08-06T17:11:20.000000Z,1.6689453125,1.66796875,21.0
2015-08-06T17:11:30.000000Z,1.6689453125,1.66796875,58.0
2015-08-06T17:11:40.000000Z,1.6689453125,1.66796875,39.0
2015-08-06T17:11:50.000000Z,1.6689453125,1.66796875,22.0
2015-08-06T17:12:00.000000Z,1.6689453125,1.6689453125,35.0
2015-08-06T17:12:10.000000Z,1.6689453125,1.66796875,36.0
2015-08-06T17:12:20.000000Z,1.6689453125,1.66796875,22.0
2015-08-06T17:12:30.000000Z,1.6689453125,1.66796875,6.0
2015-08-06T17:12:40.000000Z,1.6689453125,1.66796875,11.0
2015-08-06T17:12:50.000000Z,1.6689453125,1.66796875,30.0
2015-08-06T17:13:00.000000Z,1.6689453125,1.66796875,21.0
2015-08-06T17:13:10.000000Z,1.6689453125,1.66796875,5.0
2015-08-06T17:13:20.000000Z,1.6689453125,1.66796875,13.0
2015-08-06T17:13:30.000000Z,1.6689453125,1.66796875,1.0
2015-08-06T17:13:40.000000Z,1.6689453125,1.66796875,8.0
2015-08-06T17:13:50.000000Z,1.6689453125,1.66796875,15.0
2015-08-06T17:14:00.000000Z,1.6689453125,1.66796875,5.0
2015-08-06T17:14:10.000000Z,1.6689453125,1.66796875,19.0
2015-08-06T17:14:20.000000Z,1.6689453125,1.66796875,3.0
2015-08-06T17:14:30.000000Z,1.6689453125,1.66796875,12.0
2015-08-06T17:14:40.000000Z,1.6689453125,1.66796875,12.0
2015-08-06T17:14:50.000000Z,1.6689453125,1.66796875,19.0
2015-08-06T17:15:00.000000Z,1.6689453125,1.66796875,9.0
2015-08-06T17:15:10.000000Z,1.66796875,1.66796875,10.0
2015-08-06T17:15:20.000000Z,1.66796875,1.66796875,7.0
2015-08-06T17:15:30.000000Z,1.66796875,1.66796875,7.0
2015-08-06T17:15:40.000000Z,1.66796875,1.66796875,21.0
2015-08-06T17:15:50.000000Z,1.66796875,1.66796875,4.0
2015-08-06T17:16:00.000000Z,1.6689453125,1.66796875,22.0
2015-08-06T17:16:10.000000Z,1.6689453125,1.66796875,11.0
2015-08-06T17:16:20.000000Z,1.6689453125,1.66796875,19.0
2015-08-06T17:16:30.000000Z,1.6689453125,1.66796875,35.0
2015-08-06T17:16:40.000000Z,1.6689453125,1.66796875,12.0
2015-08-06T17:16:50.000000Z,1.6689453125,1.66796875,24.0
2015-08-06T17:17:00.000000Z,1.66796875,1.66796875,21.0
2015-08-06T17:17:10.000000Z,1.66796875,1.66796875,10.0
2015-08-06T17:17:20.000000Z,1.66796875,1.66796875,5.0
2015-08-06T17:17:30.000000Z,1.66796875,1.66796875,7.0
2015-08-06T17:17:40.000000Z,1.66796875,1.66796875,5.0
2015-08-06T17:17:50.000000Z,1.66796875,1.66796875,6.0
2015-08-06T17:18:00.000000Z,1.66796875,1.66796875,30.0
2015-08-06T17:18:10.000000Z,1.66796875,1.66796875,10.0
2015-08-06T17:18:20.000000Z,1.66796875,1.66796875,6.0
2015-08-06T17:18:30.000000Z,1.66796875,1.66796875,7.0
2015-08-06T17:18:40.000000Z,1.66796875,1.66796875,26.0
2015-08-06T17:18:50.000000Z,1.66796875,1.66796875,11.0
2015-08-06T17:19:00.000000Z,1.66796875,1.66796875,20.0
2015-08-06T17:19:10.000000Z,1.66796875,1.66796875,15.0
2015-08-06T17:19:20.000000Z,1.66796875,1.66796875,9.0
2015-08-06T17:19:30.000000Z,1.66796875,1.66796875,11.0
2015-08-06T17:19:40.000000Z,1.66796875,1.66796875,3.0
2015-08-06T17:19:50.000000Z,1.66796875,1.66796875,19.0
2015-08-06T17:20:00.000000Z,1.6689453125,1.66796875,43.0
2015-08-06T17:20:10.000000Z,1.6689453125,1.66796875,17.0
2015-08-06T17:20:30.000000Z,1.6689453125,1.66796875,11.0
2015-08-06T17:20:40.000000Z,1.6689453125,1.66796875,14.0
2015-08-06T17:20:50.000000Z,1.6689453125,1.66796875,5.0
2015-08-06T17:21:00.000000Z,1.6689453125,1.66796875,9.0
2015-08-06T17:21:10.000000Z,1.6689453125,1.66796875,3.0
2015-08-06T17:21:20.000000Z,1.6689453125,1.66796875,8.0
2015-08-06T17:21:30.000000Z,1.6689453125,1.66796875,5.0
2015-08-06T17:21:40.000000Z,1.6689453125,1.66796875,16.0
2015-08-06T17:21:50.000000Z,1.66796875,1.66796875,12.0
2015-08-06T17:22:00.000000Z,1.66796875,1.66796875,14.0
2015-08-06T17:22:10.000000Z,1.66796875,1.66796875,29.0
2015-08-06T17:22:20.000000Z,1.66796875,1.66796875,43.0
2015-08-06T17:22:30.000000Z,1.66796875,1.66796875,18.0
2015-08-06T17:22:40.000000Z,1.6689453125,1.66796875,28.0
2015-08-06T17:22:50.000000Z,1.6689453125,1.66796875,27.0
2015-08-06T17:23:00.000000Z,1.6689453125,1.66796875,39.0
2015-08-06T17:23:10.000000Z,1.6689453125,1.66796875,14.0
2015-08-06T17:23:20.000000Z,1.6689453125,1.66796875,12.0
2015-08-06T17:23:30.000000Z,1.6689453125,1.66796875,5.0
2015-08-06T17:23:40.000000Z,1.6689453125,1.66796875,12.0
2015-08-06T17:23:50.000000Z,1.6689453125,1.6689453125,20.0
2015-08-06T17:24:00.000000Z,1.6689453125,1.6689453125,10.0
2015-08-06T17:24:10.000000Z,1.6689453125,1.66796875,10.0
2015-08-06T17:24:20.000000Z,1.6689453125,1.66796875,12.0
2015-08-06T17:24:30.000000Z,1.6689453125,1.66796875,10.0
2015-08-06T17:24:40.000000Z,1.6689453125,1.66796875,3.0
2015-08-06T17:24:50.000000Z,1.6689453125,1.66796875,13.0
2015-08-06T17:25:00.000000Z,1.6689453125,1.66796875,12.0
2015-08-06T17:25:10.000000Z,1.6689453125,1.66796875,8.0
2015-08-06T17:25:20.000000Z,1.6689453125,1.66796875,13.0
2015-08-06T17:25:40.000000Z,1.6689453125,1.66796875,16.0
2015-08-06T17:25:50.000000Z,1.6689453125,1.66796875,4.0
2015-08-06T17:26:00.000000Z,1.6689453125,1.66796875,8.0
2015-08-06T17:26:10.000000Z,1.6689453125,1.66796875,11.0
2015-08-06T17:26:30.000000Z,1.6689453125,1.66796875,5.0
2015-08-06T17:26:40.000000Z,1.6689453125,1.66796875,1.0
2015-08-06T17:26:50.000000Z,1.6689453125,1.66796875,12.0
2015-08-06T17:27:00.000000Z,1.6689453125,1.66796875,10.0
2015-08-06T17:27:10.000000Z,1.6689453125,1.66796875,19.0
2015-08-06T17:27:20.000000Z,1.6689453125,1.66796875,6.0
2015-08-06T17:27:30.000000Z,1.6689453125,1.66796875,2.0
2015-08-06T17:27:40.000000Z,1.6689453125,1.66796875,13.0
2015-08-06T17:27:50.000000Z,1.6689453125,1.66796875,10.0
2015-08-06T17:28:00.000000Z,1.6689453125,1.66796875,10.0
2015-08-06T17:28:10.000000Z,1.6689453125,1.66796875,10.0
2015-08-06T17:28:20.000000Z,1.6689453125,1.66796875,14.0
2015-08-06T17:28:30.000000Z,1.6689453125,1.66796875,11.0
2015-08-06T17:28:40.000000Z,1.6689453125,1.66796875,6.0
2015-08-06T17:28:50.000000Z,1.6689453125,1.66796875,5.0
2015-08-06T17:29:10.000000Z,1.6689453125,1.66796875,13.0
2015-08-06T17:29:20.000000Z,1.6689453125,1.66796875,9.0
2015-08-06T17:29:30.000000Z,1.6689453125,1.66796875,9.0
2015-08-06T17:29:40.000000Z,1.6689453125,1.66796875,9.0
2015-08-06T17:29:50.000000Z,1.6689453125,1.66796875,2.0
2015-08-06T17:30:00.000000Z,1.6689453125,1.66796875,27.0
2015-08-06T17:30:10.000000Z,1.6689453125,1.66796875,2.0
2015-08-06T17:30:20.000000Z,1.6689453125,1.66796875,7.0
2015-08-06T17:30:30.000000Z,1.6689453125,1.66796875,10.0
2015-08-06T17:30:40.000000Z,1.6689453125,1.66796875,18.0
2015-08-06T17:30:50.000000Z,1.6689453125,1.66796875,8.0
2015-08-06T17:31:00.000000Z,1.6689453125,1.66796875,9.0
2015-08-06T17:31:10.000000Z,1.6689453125,1.66796875,5.0
2015-08-06T17:31:20.000000Z,1.6689453125,1.66796875,1.0
2015-08-06T17:31:30.000000Z,1.6689453125,1.66796875,29.0
2015-08-06T17:31:40.000000Z,1.6689453125,1.66796875,6.0
2015-08-06T17:31:50.000000Z,1.6689453125,1.66796875,3.0
2015-08-06T17:32:00.000000Z,1.6689453125,1.66796875,25.0
2015-08-06T17:32:10.000000Z,1.6689453125,1.66796875,6.0
2015-08-06T17:32:20.000000Z,1.6689453125,1.66796875,7.0
2015-08-06T17:32:30.000000Z,1.6689453125,1.66796875,10.0
2015-08-06T17:32:40.000000Z,1.6689453125,1.66796875,8.0
2015-08-06T17:32:50.000000Z,1.66796875,1.66796875,8.0
2015-08-06T17:33:00.000000Z,1.66796875,1.66796875,1.0
2015-08-06T17:33:10.000000Z,1.66796875,1.66796875,22.0
2015-08-06T17:33:20.000000Z,1.66796875,1.66796875,8.0
2015-08-06T17:33:50.000000Z,1.6689453125,1.66796875,9.0
2015-08-06T17:34:00.000000Z,1.66796875,1.66796875,14.0
2015-08-06T17:34:10.000000Z,1.6689453125,1.66796875,17.0
2015-08-06T17:34:20.000000Z,1.66796875,1.66796875,18.0
2015-08-06T17:34:30.000000Z,1.66796875,1.66796875,8.0
2015-08-06T17:34:40.000000Z,1.66796875,1.66796875,1.0
2015-08-06T17:34:50.000000Z,1.66796875,1.66796875,4.0
2015-08-06T17:35:00.000000Z,1.66796875,1.66796875,13.0
2015-08-06T17:35:10.000000Z,1.66796875,1.66796875,7.0
2015-08-06T17:35:20.000000Z,1.66796875,1.66796875,4.0
2015-08-06T17:35:30.000000Z,1.66796875,1.66796875,20.0
2015-08-06T17:35:40.000000Z,1.66796875,1.66796875,18.0
2015-08-06T17:35:50.000000Z,1.66796875,1.66796875,2.0
2015-08-06T17:36:00.000000Z,1.66796875,1.66796875,2.0
2015-08-06T17:36:10.000000Z,1.66796875,1.66796875,2.0
2015-08-06T17:36:20.000000Z,1.66796875,1.66796875,8.0
2015-08-06T17:36:30.000000Z,1.66796875,1.66796875,20.0
2015-08-06T17:36:40.000000Z,1.66796875,1.66796875,4.0
2015-08-06T17:36:50.000000Z,1.66796875,1.66796875,30.0
2015-08-06T17:37:00.000000Z,1.66796875,1.66796875,9.0
2015-08-06T17:37:10.000000Z,1.66796875,1.66796875,2.0
2015-08-06T17:37:20.000000Z,1.66796875,1.66796875,12.0
2015-08-06T17:37:30.000000Z,1.66796875,1.66796875,7.0
2015-08-06T17:37:40.000000Z,1.66796875,1.66796875,1.0
2015-08-06T17:37:50.000000Z,1.66796875,1.66796875,1.0
2015-08-06T17:38:00.000000Z,1.66796875,1.66796875,5.0
2015-08-06T17:38:10.000000Z,1.66796875,1.66796875,15.0
2015-08-06T17:38:20.000000Z,1.66796875,1.66796875,1.0
2015-08-06T17:38:30.000000Z,1.6689453125,1.66796875,4.0
2015-08-06T17:38:40.000000Z,1.6689453125,1.66796875,23.0
2015-08-06T17:38:50.000000Z,1.6689453125,1.66796875,5.0
2015-08-06T17:39:00.000000Z,1.66796875,1.66796875,18.0
2015-08-06T17:39:10.000000Z,1.66796875,1.66796875,20.0
2015-08-06T17:39:20.000000Z,1.66796875,1.66796875,18.0
2015-08-06T17:39:30.000000Z,1.6689453125,1.66796875,11.0
2015-08-06T17:39:40.000000Z,1.6689453125,1.66796875,24.0
2015-08-06T17:39:50.000000Z,1.6689453125,1.66796875,33.0
2015-08-06T17:40:00.000000Z,1.66796875,1.66796875,11.0
2015-08-06T17:40:10.000000Z,1.66796875,1.66796875,9.0
2015-08-06T17:40:20.000000Z,1.66796875,1.66796875,5.0
2015-08-06T17:40:30.000000Z,1.66796875,1.66796875,4.0
2015-08-06T17:40:40.000000Z,1.66796875,1.66796875,3.0
2015-08-06T17:40:50.000000Z,1.66796875,1.66796875,6.0
2015-08-06T17:41:00.000000Z,1.66796875,1.66796875,4.0
2015-08-06T17:41:10.000000Z,1.66796875,1.66796875,5.0
2015-08-06T17:41:20.000000Z,1.66796875,1.66796875,6.0
2015-08-06T17:41:30.000000Z,1.66796875,1.66796875,6.0
2015-08-06T17:41:40.000000Z,1.66796875,1.66796875,2.0
2015-08-06T17:41:50.000000Z,1.66796875,1.66796875,3.0
2015-08-06T17:42:00.000000Z,1.66796875,1.66796875,1.0
2015-08-06T17:42:10.000000Z,1.66796875,1.66796875,15.0
2015-08-06T17:42:20.000000Z,1.66796875,1.66796875,10.0
2015-08-06T17:42:40.000000Z,1.66796875,1.66796875,12.0
2015-08-06T17:42:50.000000Z,1.66796875,1.66796875,7.0
2015-08-06T17:43:00.000000Z,1.66796875,1.66796875,3.0
2015-08-06T17:43:10.000000Z,1.66796875,1.66796875,7.0
2015-08-06T17:43:20.000000Z,1.66796875,1.66796875,19.0
2015-08-06T17:43:30.000000Z,1.66796875,1.66796875,17.0
2015-08-06T17:43:40.000000Z,1.66796875,1.66796875,27.0
2015-08-06T17:43:50.000000Z,1.66796875,1.66796875,10.0
2015-08-06T17:44:00.000000Z,1.66796875,1.66796875,7.0
2015-08-06T17:44:10.000000Z,1.66796875,1.66796875,9.0
2015-08-06T17:44:20.000000Z,1.66796875,1.66796875,3.0
2015-08-06T17:44:30.000000Z,1.66796875,1.66796875,3.0
2015-08-06T17:44:40.000000Z,1.66796875,1.66796875,11.0
2015-08-06T17:44:50.000000Z,1.66796875,1.66796875,9.0
2015-08-06T17:45:00.000000Z,1.66796875,1.66796875,14.0
2015-08-06T17:45:10.000000Z,1.66796875,1.66796875,8.0
2015-08-06T17:45:20.000000Z,1.66796875,1.66796875,30.0
2015-08-06T17:45:30.000000Z,1.66796875,1.66796875,8.0
2015-08-06T17:45:40.000000Z,1.66796875,1.66796875,3.0
2015-08-06T17:45:50.000000Z,1.66796875,1.66796875,28.0
2015-08-06T17:46:00.000000Z,1.66796875,1.66796875,32.0
2015-08-06T17:46:10.000000Z,1.66796875,1.66796875,4.0
2015-08-06T17:46:20.000000Z,1.66796875,1.66796875,12.0
2015-08-06T17:46:30.000000Z,1.66796875,1.66796875,3.0
2015-08-06T17:46:40.000000Z,1.66796875,1.66796875,7.0
2015-08-06T17:46:50.000000Z,1.66796875,1.66796875,30.0
2015-08-06T17:47:00.000000Z,1.66796875,1.66796875,22.0
2015-08-06T17:47:10.000000Z,1.66796875,1.66796875,32.0
2015-08-06T17:47:20.000000Z,1.66796875,1.66796875,20.0
2015-08-06T17:47:30.000000Z,1.66796875,1.66796875,10.0
2015-08-06T17:47:40.000000Z,1.66796875,1.66796875,7.0
2015-08-06T17:47:50.000000Z,1.66796875,1.66796875,7.0
2015-08-06T17:48:00.000000Z,1.66796875,1.66796875,22.0
2015-08-06T17:48:10.000000Z,1.66796875,1.66796875,20.0
2015-08-06T17:48:20.000000Z,1.66796875,1.66796875,2.0
2015-08-06T17:48:30.000000Z,1.66796875,1.66796875,9.0
2015-08-06T17:48:40.000000Z,1.66796875,1.66796875,14.0
2015-08-06T17:48:50.000000Z,1.66796875,1.66796875,8.0
2015-08-06T17:49:00.000000Z,1.66796875,1.66796875,19.0
2015-08-06T17:49:10.000000Z,1.6689453125,1.66796875,4.0
2015-08-06T17:49:20.000000Z,1.6689453125,1.66796875,5.0
2015-08-06T17:49:30.000000Z,1.66796875,1.66796875,6.0
2015-08-06T17:49:40.000000Z,1.66796875,1.66796875,3.0
2015-08-06T17:49:50.000000Z,1.66796875,1.66796875,16.0
2015-08-06T17:50:00.000000Z,1.66796875,1.66796875,10.0
2015-08-06T17:50:10.000000Z,1.6689453125,1.66796875,14.0
2015-08-06T17:50:20.000000Z,1.6689453125,1.66796875,17.0
2015-08-06T17:50:30.000000Z,1.6689453125,1.66796875,21.0
2015-08-06T17:50:40.000000Z,1.6689453125,1.66796875,5.0
2015-08-06T17:50:50.000000Z,1.6689453125,1.66796875,20.0
2015-08-06T17:51:00.000000Z,1.6689453125,1.66796875,24.0
2015-08-06T17:51:10.000000Z,1.66796875,1.66796875,15.0
2015-08-06T17:51:20.000000Z,1.66796875,1.66796875,9.0
2015-08-06T17:51:30.000000Z,1.66796875,1.66796875,14.0
2015-08-06T17:51:40.000000Z,1.66796875,1.66796875,17.0
2015-08-06T17:51:50.000000Z,1.66796875,1.66796875,12.0
2015-08-06T17:52:00.000000Z,1.66796875,1.66796875,2.0
2015-08-06T17:52:10.000000Z,1.66796875,1.66796875,2.0
2015-08-06T17:52:20.000000Z,1.66796875,1.66796875,32.0
2015-08-06T17:52:30.000000Z,1.66796875,1.66796875,12.0
2015-08-06T17:52:40.000000Z,1.66796875,1.66796875,3.0
2015-08-06T17:52:50.000000Z,1.66796875,1.6669921875,20.0
2015-08-06T17:53:00.000000Z,1.66796875,1.66796875,11.0
2015-08-06T17:53:10.000000Z,1.66796875,1.66796875,8.0
2015-08-06T17:53:20.000000Z,1.66796875,1.66796875,11.0
2015-08-06T17:53:30.000000Z,1.66796875,1.66796875,2.0
2015-08-06T17:53:40.000000Z,1.66796875,1.66796875,7.0
2015-08-06T17:54:00.000000Z,1.66796875,1.66796875,27.0
2015-08-06T17:54:10.000000Z,1.6689453125,1.66796875,29.0
2015-08-06T17:54:20.000000Z,1.6689453125,1.66796875,6.0
2015-08-06T17:54:30.000000Z,1.6689453125,1.66796875,1.0
2015-08-06T17:54:40.000000Z,1.66796875,1.66796875,17.0
2015-08-06T17:54:50.000000Z,1.66796875,1.66796875,8.0
2015-08-06T17:55:00.000000Z,1.66796875,1.66796875,8.0
2015-08-06T17:55:10.000000Z,1.66796875,1.66796875,9.0
2015-08-06T17:55:20.000000Z,1.66796875,1.66796875,26.0
2015-08-06T17:55:30.000000Z,1.66796875,1.66796875,8.0
2015-08-06T17:55:40.000000Z,1.66796875,1.66796875,14.0
2015-08-06T17:55:50.000000Z,1.66796875,1.66796875,4.0
2015-08-06T17:56:00.000000Z,1.66796875,1.66796875,9.0
2015-08-06T17:56:10.000000Z,1.66796875,1.66796875,25.0
2015-08-06T17:56:20.000000Z,1.66796875,1.66796875,1.0
2015-08-06T17:56:40.000000Z,1.66796875,1.66796875,19.0
2015-08-06T17:56:50.000000Z,1.6689453125,1.66796875,17.0
2015-08-06T17:57:00.000000Z,1.6689453125,1.66796875,14.0
2015-08-06T17:57:10.000000Z,1.6689453125,1.66796875,7.0
2015-08-06T17:57:20.000000Z,1.6689453125,1.66796875,2.0
2015-08-06T17:57:30.000000Z,1.6689453125,1.66796875,10.0
2015-08-06T17:57:40.000000Z,1.6689453125,1.66796875,5.0
2015-08-06T17:57:50.000000Z,1.6689453125,1.66796875,8.0
2015-08-06T17:58:00.000000Z,1.6689453125,1.66796875,30.0
2015-08-06T17:58:10.000000Z,1.6689453125,1.66796875,32.0
2015-08-06T17:58:20.000000Z,1.66796875,1.66796875,21.0
2015-08-06T17:58:30.000000Z,1.66796875,1.66796875,6.0
2015-08-06T17:58:40.000000Z,1.66796875,1.66796875,12.0
2015-08-06T17:58:50.000000Z,1.66796875,1.66796875,5.0
2015-08-06T17:59:00.000000Z,1.66796875,1.66796875,10.0
2015-08-06T17:59:10.000000Z,1.6689453125,1.66796875,23.0
2015-08-06T17:59:20.000000Z,1.6689453125,1.66796875,13.0
2015-08-06T17:59:30.000000Z,1.6689453125,1.66796875,28.0
2015-08-06T17:59:40.000000Z,1.6689453125,1.66796875,4.0
2015-08-06T17:59:50.000000Z,1.6689453125,1.66796875,15.0
2015-08-06T18:00:00.000000Z,1.6689453125,1.6689453125,37.0
2015-08-06T18:00:10.000000Z,1.6689453125,1.6689453125,26.0
2015-08-06T18:00:30.000000Z,1.6689453125,1.6689453125,1.0
2015-08-06T18:00:40.000000Z,1.6689453125,1.6689453125,10.0
2015-08-06T18:00:50.000000Z,1.6689453125,1.6689453125,14.0
2015-08-06T18:01:00.000000Z,1.6689453125,1.6689453125,8.0
2015-08-06T18:01:10.000000Z,1.6689453125,1.6689453125,5.0
2015-08-06T18:01:20.000000Z,1.6689453125,1.6689453125,4.0
2015-08-06T18:01:30.000000Z,1.6689453125,1.6689453125,8.0
2015-08-06T18:01:40.000000Z,1.6689453125,1.6689453125,13.0
2015-08-06T18:01:50.000000Z,1.6689453125,1.6689453125,8.0
2015-08-06T18:02:00.000000Z,1.6689453125,1.6689453125,4.0
2015-08-06T18:02:10.000000Z,1.6689453125,1.6689453125,2.0
2015-08-06T18:02:20.000000Z,1.6689453125,1.6689453125,12.0
2015-08-06T18:02:30.000000Z,1.6689453125,1.6689453125,8.0
2015-08-06T18:02:50.000000Z,1.6689453125,1.6689453125,4.0
2015-08-06T18:03:00.000000Z,1.6689453125,1.66796875,13.0
2015-08-06T18:03:10.000000Z,1.6689453125,1.66796875,8.0
2015-08-06T18:03:30.000000Z,1.6689453125,1.66796875,6.0
2015-08-06T18:03:50.000000Z,1.6689453125,1.66796875,3.0
2015-08-06T18:04:00.000000Z,1.6689453125,1.66796875,9.0
2015-08-06T18:04:10.000000Z,1.6689453125,1.66796875,5.0
2015-08-06T18:04:20.000000Z,1.6689453125,1.6689453125,24.0
2015-08-06T18:04:30.000000Z,1.6689453125,1.6689453125,1.0
2015-08-06T18:04:40.000000Z,1.6689453125,1.6689453125,1.0
2015-08-06T18:04:50.000000Z,1.6689453125,1.6689453125,6.0
2015-08-06T18:05:00.000000Z,1.6689453125,1.6689453125,5.0
2015-08-06T18:05:10.000000Z,1.6689453125,1.6689453125,3.0
2015-08-06T18:05:20.000000Z,1.6689453125,1.6689453125,1.0
2015-08-06T18:05:30.000000Z,1.6689453125,1.6689453125,1.0
2015-08-06T18:05:40.000000Z,1.6689453125,1.6689453125,19.0
2015-08-06T18:05:50.000000Z,1.6689453125,1.6689453125,9.0
2015-08-06T18:06:00.000000Z,1.6689453125,1.66796875,7.0
2015-08-06T18:06:10.000000Z,1.6689453125,1.66796875,8.0
2015-08-06T18:06:20.000000Z,1.6689453125,1.66796875,2.0
2015-08-06T18:06:30.000000Z,1.6689453125,1.66796875,15.0
2015-08-06T18:06:40.000000Z,1.6689453125,1.6689453125,36.0
2015-08-06T18:06:50.000000Z,1.6689453125,1.6689453125,16.0
2015-08-06T18:07:00.000000Z,1.6689453125,1.6689453125,8.0
2015-08-06T18:07:10.000000Z,1.6689453125,1.6689453125,6.0
2015-08-06T18:07:20.000000Z,1.6689453125,1.6689453125,9.0
2015-08-06T18:07:30.000000Z,1.6689453125,1.6689453125,10.0
2015-08-06T18:07:40.000000Z,1.6689453125,1.6689453125,3.0
2015-08-06T18:07:50.000000Z,1.6689453125,1.6689453125,18.0
2015-08-06T18:08:00.000000Z,1.6689453125,1.6689453125,1.0
2015-08-06T18:08:10.000000Z,1.6689453125,1.6689453125,11.0
2015-08-06T18:08:20.000000Z,1.6689453125,1.6689453125,6.0
2015-08-06T18:08:40.000000Z,1.6689453125,1.6689453125,1.0
2015-08-06T18:08:50.000000Z,1.6689453125,1.6689453125,37.0
2015-08-06T18:09:00.000000Z,1.669921875,1.6689453125,11.0
2015-08-06T18:09:10.000000Z,1.6689453125,1.6689453125,4.0
2015-08-06T18:09:20.000000Z,1.6689453125,1.6689453125,11.0
2015-08-06T18:09:30.000000Z,1.6689453125,1.6689453125,1.0
2015-08-06T18:09:40.000000Z,1.6689453125,1.6689453125,5.0
2015-08-06T18:09:50.000000Z,1.6689453125,1.6689453125,11.0
2015-08-06T18:10:00.000000Z,1.6689453125,1.6689453125,10.0
2015-08-06T18:10:10.000000Z,1.6689453125,1.6689453125,15.0
2015-08-06T18:10:20.000000Z,1.6689453125,1.6689453125,14.0
2015-08-06T18:10:30.000000Z,1.6689453125,1.6689453125,4.0
2015-08-06T18:10:40.000000Z,1.6689453125,1.66796875,17.0
2015-08-06T18:10:50.000000Z,1.6689453125,1.66796875,4.0
2015-08-06T18:11:00.000000Z,1.6689453125,1.66796875,13.0
2015-08-06T18:11:10.000000Z,1.6689453125,1.66796875,13.0
2015-08-06T18:11:20.000000Z,1.6689453125,1.66796875,1.0
2015-08-06T18:11:30.000000Z,1.6689453125,1.66796875,11.0
2015-08-06T18:11:40.000000Z,1.6689453125,1.66796875,3.0
2015-08-06T18:11:50.000000Z,1.6689453125,1.66796875,2.0
2015-08-06T18:12:00.000000Z,1.6689453125,1.66796875,5.0
2015-08-06T18:12:10.000000Z,1.6689453125,1.66796875,1.0
2015-08-06T18:12:20.000000Z,1.6689453125,1.66796875,4.0
2015-08-06T18:12:40.000000Z,1.6689453125,1.66796875,1.0
2015-08-06T18:12:50.000000Z,1.6689453125,1.66796875,6.0
2015-08-06T18:13:00.000000Z,1.6689453125,1.66796875,11.0
2015-08-06T18:13:10.000000Z,1.6689453125,1.66796875,21.0
2015-08-06T18:13:20.000000Z,1.6689453125,1.66796875,1.0
2015-08-06T18:13:40.000000Z,1.6689453125,1.66796875,7.0
2015-08-06T18:13:50.000000Z,1.66796875,1.66796875,11.0
2015-08-06T18:14:00.000000Z,1.6689453125,1.66796875,7.0
2015-08-06T18:14:10.000000Z,1.6689453125,1.66796875,14.0
2015-08-06T18:14:20.000000Z,1.6689453125,1.66796875,2.0
2015-08-06T18:14:30.000000Z,1.6689453125,1.66796875,13.0
2015-08-06T18:14:40.000000Z,1.6689453125,1.66796875,18.0
2015-08-06T18:14:50.000000Z,1.6689453125,1.66796875,13.0
2015-08-06T18:15:00.000000Z,1.6689453125,1.66796875,2.0
2015-08-06T18:15:20.000000Z,1.6689453125,1.66796875,15.0
2015-08-06T18:15:30.000000Z,1.6689453125,1.66796875,18.0
2015-08-06T18:15:40.000000Z,1.6689453125,1.66796875,22.0
2015-08-06T18:15:50.000000Z,1.6689453125,1.66796875,7.0
2015-08-06T18:16:00.000000Z,1.6689453125,1.66796875,6.0
2015-08-06T18:16:10.000000Z,1.6689453125,1.66796875,24.0
2015-08-06T18:16:20.000000Z,1.6689453125,1.66796875,6.0
2015-08-06T18:16:30.000000Z,1.6689453125,1.66796875,5.0
2015-08-06T18:16:40.000000Z,1.6689453125,1.66796875,19.0
2015-08-06T18:16:50.000000Z,1.6689453125,1.66796875,3.0
2015-08-06T18:17:00.000000Z,1.6689453125,1.66796875,13.0
2015-08-06T18:17:10.000000Z,1.6689453125,1.66796875,4.0
2015-08-06T18:17:20.000000Z,1.6689453125,1.66796875,7.0
2015-08-06T18:17:30.000000Z,1.6689453125,1.66796875,3.0
2015-08-06T18:17:40.000000Z,1.6689453125,1.66796875,1.0
2015-08-06T18:18:10.000000Z,1.6689453125,1.66796875,2.0
2015-08-06T18:18:20.000000Z,1.6689453125,1.66796875,18.0
2015-08-06T18:18:30.000000Z,1.6689453125,1.66796875,12.0
2015-08-06T18:18:40.000000Z,1.6689453125,1.66796875,26.0
2015-08-06T18:18:50.000000Z,1.6689453125,1.66796875,8.0
2015-08-06T18:19:00.000000Z,1.6689453125,1.66796875,10.0
2015-08-06T18:19:10.000000Z,1.6689453125,1.66796875,5.0
2015-08-06T18:19:20.000000Z,1.6689453125,1.66796875,13.0
2015-08-06T18:19:30.000000Z,1.6689453125,1.66796875,24.0
2015-08-06T18:19:40.000000Z,1.6689453125,1.66796875,9.0
2015-08-06T18:19:50.000000Z,1.6689453125,1.66796875,25.0
2015-08-06T18:20:00.000000Z,1.66796875,1.66796875,12.0
2015-08-06T18:20:10.000000Z,1.66796875,1.66796875,3.0
2015-08-06T18:20:20.000000Z,1.6689453125,1.66796875,11.0
2015-08-06T18:20:30.000000Z,1.6689453125,1.66796875,5.0
2015-08-06T18:20:40.000000Z,1.6689453125,1.66796875,3.0
2015-08-06T18:20:50.000000Z,1.6689453125,1.66796875,9.0
2015-08-06T18:21:00.000000Z,1.6689453125,1.66796875,10.0
2015-08-06T18:21:10.000000Z,1.6689453125,1.66796875,7.0
2015-08-06T18:21:20.000000Z,1.6689453125,1.66796875,39.0
2015-08-06T18:21:30.000000Z,1.66796875,1.66796875,11.0
2015-08-06T18:21:40.000000Z,1.66796875,1.66796875,28.0
2015-08-06T18:22:00.000000Z,1.66796875,1.66796875,2.0
2015-08-06T18:22:10.000000Z,1.66796875,1.66796875,5.0
2015-08-06T18:22:20.000000Z,1.66796875,1.66796875,16.0
2015-08-06T18:22:30.000000Z,1.66796875,1.66796875,12.0
2015-08-06T18:22:40.000000Z,1.66796875,1.66796875,2.0
2015-08-06T18:22:50.000000Z,1.66796875,1.66796875,18.0
2015-08-06T18:23:00.000000Z,1.66796875,1.66796875,8.0
2015-08-06T18:23:10.000000Z,1.66796875,1.66796875,4.0
2015-08-06T18:23:20.000000Z,1.66796875,1.66796875,11.0
2015-08-06T18:23:30.000000Z,1.66796875,1.66796875,25.0
2015-08-06T18:23:40.000000Z,1.66796875,1.66796875,2.0
2015-08-06T18:23:50.000000Z,1.66796875,1.66796875,8.0
2015-08-06T18:24:00.000000Z,1.66796875,1.66796875,18.0
2015-08-06T18:24:20.000000Z,1.66796875,1.66796875,22.0
2015-08-06T18:24:30.000000Z,1.66796875,1.66796875,55.0
2015-08-06T18:24:40.000000Z,1.66796875,1.66796875,12.0
2015-08-06T18:24:50.000000Z,1.66796875,1.66796875,2.0
2015-08-06T18:25:00.000000Z,1.66796875,1.66796875,30.0
2015-08-06T18:25:10.000000Z,1.66796875,1.6669921875,1.0
2015-08-06T18:25:20.000000Z,1.66796875,1.6669921875,14.0
2015-08-06T18:25:30.000000Z,1.66796875,1.66796875,19.0
2015-08-06T18:25:40.000000Z,1.66796875,1.66796875,9.0
2015-08-06T18:25:50.000000Z,1.66796875,1.66796875,8.0
2015-08-06T18:26:00.000000Z,1.66796875,1.66796875,16.0
2015-08-06T18:26:10.000000Z,1.66796875,1.66796875,11.0
2015-08-06T18:26:20.000000Z,1.66796875,1.66796875,13.0
2015-08-06T18:26:30.000000Z,1.66796875,1.66796875,24.0
2015-08-06T18:26:40.000000Z,1.66796875,1.6669921875,23.0
2015-08-06T18:26:50.000000Z,1.66796875,1.6669921875,14.0
2015-08-06T18:27:10.000000Z,1.66796875,1.6669921875,19.0
2015-08-06T18:27:20.000000Z,1.66796875,1.6669921875,5.0
2015-08-06T18:27:30.000000Z,1.66796875,1.6669921875,5.0
2015-08-06T18:27:40.000000Z,1.66796875,1.6669921875,21.0
2015-08-06T18:27:50.000000Z,1.66796875,1.6669921875,11.0
2015-08-06T18:28:00.000000Z,1.66796875,1.6669921875,10.0
2015-08-06T18:28:10.000000Z,1.66796875,1.6669921875,6.0
2015-08-06T18:28:20.000000Z,1.66796875,1.6669921875,23.0
2015-08-06T18:28:30.000000Z,1.66796875,1.6669921875,4.0
2015-08-06T18:28:40.000000Z,1.66796875,1.6669921875,3.0
2015-08-06T18:28:50.000000Z,1.66796875,1.6669921875,1.0
2015-08-06T18:29:00.000000Z,1.66796875,1.6669921875,11.0
2015-08-06T18:29:10.000000Z,1.66796875,1.6669921875,13.0
2015-08-06T18:29:20.000000Z,1.66796875,1.6669921875,24.0
2015-08-06T18:29:30.000000Z,1.66796875,1.6669921875,14.0
2015-08-06T18:29:40.000000Z,1.66796875,1.6669921875,9.0
2015-08-06T18:29:50.000000Z,1.66796875,1.6669921875,2.0
2015-08-06T18:30:00.000000Z,1.66796875,1.6669921875,11.0
2015-08-06T18:30:10.000000Z,1.66796875,1.6669921875,11.0
2015-08-06T18:30:20.000000Z,1.66796875,1.6669921875,3.0
2015-08-06T18:30:30.000000Z,1.66796875,1.6669921875,11.0
2015-08-06T18:30:40.000000Z,1.66796875,1.6669921875,36.0
2015-08-06T18:30:50.000000Z,1.66796875,1.6669921875,24.0
2015-08-06T18:31:00.000000Z,1.66796875,1.6669921875,5.0
2015-08-06T18:31:10.000000Z,1.66796875,1.6669921875,13.0
2015-08-06T18:31:30.000000Z,1.66796875,1.6669921875,5.0
2015-08-06T18:31:40.000000Z,1.66796875,1.6669921875,19.0
2015-08-06T18:31:50.000000Z,1.66796875,1.6669921875,4.0
2015-08-06T18:32:20.000000Z,1.66796875,1.6669921875,3.0
2015-08-06T18:32:30.000000Z,1.66796875,1.6669921875,2.0
2015-08-06T18:32:40.000000Z,1.66796875,1.66796875,11.0
2015-08-06T18:32:50.000000Z,1.66796875,1.66796875,7.0
2015-08-06T18:33:00.000000Z,1.66796875,1.6669921875,7.0
2015-08-06T18:33:10.000000Z,1.66796875,1.66796875,6.0
2015-08-06T18:33:20.000000Z,1.66796875,1.6669921875,4.0
2015-08-06T18:33:30.000000Z,1.66796875,1.6669921875,12.0
2015-08-06T18:33:40.000000Z,1.66796875,1.6669921875,4.0
2015-08-06T18:33:50.000000Z,1.66796875,1.6669921875,2.0
2015-08-06T18:34:00.000000Z,1.66796875,1.6669921875,2.0
2015-08-06T18:34:10.000000Z,1.66796875,1.6669921875,1.0
2015-08-06T18:34:30.000000Z,1.66796875,1.6669921875,14.0
2015-08-06T18:34:40.000000Z,1.66796875,1.6669921875,1.0
2015-08-06T18:34:50.000000Z,1.66796875,1.6669921875,14.0
2015-08-06T18:35:00.000000Z,1.66796875,1.66796875,18.0
2015-08-06T18:35:20.000000Z,1.66796875,1.66796875,3.0
2015-08-06T18:35:30.000000Z,1.66796875,1.6669921875,6.0
2015-08-06T18:35:40.000000Z,1.66796875,1.6669921875,6.0
2015-08-06T18:35:50.000000Z,1.66796875,1.6669921875,8.0
2015-08-06T18:36:00.000000Z,1.66796875,1.6669921875,18.0
2015-08-06T18:36:10.000000Z,1.66796875,1.6669921875,5.0
2015-08-06T18:36:20.000000Z,1.66796875,1.6669921875,2.0
2015-08-06T18:36:30.000000Z,1.66796875,1.6669921875,5.0
2015-08-06T18:36:40.000000Z,1.66796875,1.6669921875,2.0
2015-08-06T18:36:50.000000Z,1.66796875,1.6669921875,2.0
2015-08-06T18:37:10.000000Z,1.66796875,1.6669921875,7.0
2015-08-06T18:37:20.000000Z,1.66796875,1.6669921875,1.0
2015-08-06T18:37:30.000000Z,1.66796875,1.6669921875,3.0
2015-08-06T18:37:40.000000Z,1.66796875,1.6669921875,2.0
2015-08-06T18:37:50.000000Z,1.66796875,1.6669921875,1.0
2015-08-06T18:38:00.000000Z,1.66796875,1.6669921875,5.0
2015-08-06T18:38:10.000000Z,1.66796875,1.66796875,22.0
2015-08-06T18:38:20.000000Z,1.66796875,1.66796875,20.0
2015-08-06T18:38:30.000000Z,1.66796875,1.66796875,6.0
2015-08-06T18:38:40.000000Z,1.66796875,1.66796875,15.0
2015-08-06T18:38:50.000000Z,1.66796875,1.66796875,1.0
2015-08-06T18:39:00.000000Z,1.66796875,1.66796875,21.0
2015-08-06T18:39:10.000000Z,1.66796875,1.66796875,1.0
2015-08-06T18:39:20.000000Z,1.66796875,1.66796875,2.0
2015-08-06T18:39:30.000000Z,1.66796875,1.66796875,1.0
2015-08-06T18:39:40.000000Z,1.66796875,1.66796875,7.0
2015-08-06T18:39:50.000000Z,1.66796875,1.66796875,1.0
2015-08-06T18:40:00.000000Z,1.66796875,1.66796875,5.0
2015-08-06T18:40:10.000000Z,1.66796875,1.66796875,2.0
2015-08-06T18:40:20.000000Z,1.66796875,1.66796875,3.0
2015-08-06T18:40:30.000000Z,1.6689453125,1.66796875,17.0
2015-08-06T18:40:40.000000Z,1.66796875,1.66796875,19.0
2015-08-06T18:40:50.000000Z,1.66796875,1.66796875,9.0
2015-08-06T18:41:00.000000Z,1.66796875,1.66796875,24.0
2015-08-06T18:41:10.000000Z,1.66796875,1.66796875,6.0
2015-08-06T18:41:20.000000Z,1.66796875,1.66796875,13.0
2015-08-06T18:41:30.000000Z,1.66796875,1.66796875,8.0
2015-08-06T18:41:40.000000Z,1.66796875,1.66796875,30.0
2015-08-06T18:41:50.000000Z,1.66796875,1.66796875,4.0
2015-08-06T18:42:00.000000Z,1.66796875,1.66796875,31.0
2015-08-06T18:42:10.000000Z,1.66796875,1.66796875,11.0
2015-08-06T18:42:20.000000Z,1.66796875,1.66796875,15.0
2015-08-06T18:42:30.000000Z,1.66796875,1.66796875,8.0
2015-08-06T18:42:40.000000Z,1.66796875,1.66796875,21.0
2015-08-06T18:42:50.000000Z,1.66796875,1.66796875,2.0
2015-08-06T18:43:00.000000Z,1.66796875,1.66796875,6.0
2015-08-06T18:43:40.000000Z,1.66796875,1.66796875,4.0
2015-08-06T18:43:50.000000Z,1.66796875,1.66796875,6.0
2015-08-06T18:44:00.000000Z,1.66796875,1.66796875,6.0
2015-08-06T18:44:20.000000Z,1.66796875,1.66796875,17.0
2015-08-06T18:44:30.000000Z,1.66796875,1.66796875,1.0
2015-08-06T18:44:40.000000Z,1.66796875,1.66796875,5.0
2015-08-06T18:44:50.000000Z,1.66796875,1.66796875,2.0
2015-08-06T18:45:00.000000Z,1.66796875,1.66796875,10.0
2015-08-06T18:45:10.000000Z,1.66796875,1.66796875,18.0
2015-08-06T18:45:20.000000Z,1.66796875,1.66796875,7.0
2015-08-06T18:45:30.000000Z,1.66796875,1.66796875,3.0
2015-08-06T18:45:40.000000Z,1.66796875,1.66796875,4.0
2015-08-06T18:45:50.000000Z,1.66796875,1.66796875,6.0
2015-08-06T18:46:00.000000Z,1.66796875,1.66796875,1.0
2015-08-06T18:46:10.000000Z,1.6689453125,1.66796875,16.0
2015-08-06T18:46:20.000000Z,1.6689453125,1.66796875,6.0
2015-08-06T18:46:30.000000Z,1.66796875,1.66796875,5.0
2015-08-06T18:46:40.000000Z,1.6689453125,1.66796875,4.0
2015-08-06T18:46:50.000000Z,1.66796875,1.66796875,21.0
2015-08-06T18:47:00.000000Z,1.66796875,1.66796875,4.0
2015-08-06T18:47:10.000000Z,1.66796875,1.66796875,14.0
2015-08-06T18:47:20.000000Z,1.66796875,1.66796875,4.0
2015-08-06T18:47:30.000000Z,1.66796875,1.66796875,1.0
2015-08-06T18:47:40.000000Z,1.66796875,1.66796875,4.0
2015-08-06T18:48:00.000000Z,1.66796875,1.66796875,13.0
2015-08-06T18:48:10.000000Z,1.66796875,1.66796875,7.0
2015-08-06T18:48:20.000000Z,1.66796875,1.66796875,9.0
2015-08-06T18:48:30.000000Z,1.66796875,1.66796875,3.0
2015-08-06T18:48:40.000000Z,1.66796875,1.66796875,4.0
2015-08-06T18:48:50.000000Z,1.66796875,1.6669921875,3.0
2015-08-06T18:49:00.000000Z,1.66796875,1.66796875,2.0
2015-08-06T18:49:20.000000Z,1.66796875,1.66796875,2.0
2015-08-06T18:49:30.000000Z,1.66796875,1.6669921875,2.0
2015-08-06T18:49:40.000000Z,1.66796875,1.66796875,17.0
2015-08-06T18:49:50.000000Z,1.66796875,1.66796875,5.0
2015-08-06T18:50:00.000000Z,1.66796875,1.66796875,20.0
2015-08-06T18:50:10.000000Z,1.66796875,1.66796875,12.0
2015-08-06T18:50:20.000000Z,1.66796875,1.66796875,3.0
2015-08-06T18:50:30.000000Z,1.66796875,1.66796875,14.0
2015-08-06T18:50:40.000000Z,1.66796875,1.66796875,17.0
2015-08-06T18:50:50.000000Z,1.66796875,1.66796875,17.0
2015-08-06T18:51:00.000000Z,1.66796875,1.66796875,4.0
2015-08-06T18:51:20.000000Z,1.6689453125,1.66796875,38.0
2015-08-06T18:51:30.000000Z,1.6689453125,1.66796875,14.0
2015-08-06T18:51:40.000000Z,1.6689453125,1.66796875,7.0
2015-08-06T18:51:50.000000Z,1.6689453125,1.66796875,11.0
2015-08-06T18:52:00.000000Z,1.6689453125,1.66796875,2.0
2015-08-06T18:52:10.000000Z,1.6689453125,1.66796875,31.0
2015-08-06T18:52:20.000000Z,1.6689453125,1.66796875,23.0
2015-08-06T18:52:30.000000Z,1.6689453125,1.66796875,44.0
2015-08-06T18:52:40.000000Z,1.6689453125,1.66796875,14.0
2015-08-06T18:52:50.000000Z,1.6689453125,1.66796875,13.0
2015-08-06T18:53:00.000000Z,1.6689453125,1.66796875,9.0
2015-08-06T18:53:10.000000Z,1.6689453125,1.66796875,2.0
2015-08-06T18:53:20.000000Z,1.6689453125,1.66796875,2.0
2015-08-06T18:53:30.000000Z,1.6689453125,1.66796875,5.0
2015-08-06T18:53:40.000000Z,1.6689453125,1.66796875,3.0
2015-08-06T18:53:50.000000Z,1.6689453125,1.66796875,5.0
2015-08-06T18:54:00.000000Z,1.6689453125,1.66796875,5.0
2015-08-06T18:54:10.000000Z,1.6689453125,1.66796875,4.0
2015-08-06T18:54:20.000000Z,1.6689453125,1.66796875,4.0
2015-08-06T18:54:30.000000Z,1.6689453125,1.66796875,16.0
2015-08-06T18:54:40.000000Z,1.6689453125,1.66796875,14.0
2015-08-06T18:54:50.000000Z,1.6689453125,1.66796875,11.0
2015-08-06T18:55:00.000000Z,1.6689453125,1.66796875,10.0
2015-08-06T18:55:10.000000Z,1.6689453125,1.66796875,9.0
2015-08-06T18:55:20.000000Z,1.6689453125,1.66796875,6.0
2015-08-06T18:55:30.000000Z,1.6689453125,1.66796875,4.0
2015-08-06T18:55:40.000000Z,1.6689453125,1.66796875,8.0
2015-08-06T18:55:50.000000Z,1.6689453125,1.66796875,7.0
2015-08-06T18:56:00.000000Z,1.6689453125,1.66796875,6.0
2015-08-06T18:56:10.000000Z,1.6689453125,1.66796875,8.0
2015-08-06T18:56:20.000000Z,1.6689453125,1.66796875,7.0
2015-08-06T18:56:30.000000Z,1.6689453125,1.66796875,2.0
2015-08-06T18:56:40.000000Z,1.6689453125,1.66796875,15.0
2015-08-06T18:56:50.000000Z,1.6689453125,1.66796875,6.0
2015-08-06T18:57:00.000000Z,1.6689453125,1.66796875,12.0
2015-08-06T18:57:10.000000Z,1.6689453125,1.66796875,17.0
2015-08-06T18:57:20.000000Z,1.6689453125,1.66796875,20.0
2015-08-06T18:57:30.000000Z,1.6689453125,1.66796875,18.0
2015-08-06T18:57:40.000000Z,1.6689453125,1.66796875,21.0
2015-08-06T18:57:50.000000Z,1.6689453125,1.66796875,20.0
2015-08-06T18:58:00.000000Z,1.6689453125,1.66796875,40.0
2015-08-06T18:58:10.000000Z,1.669921875,1.6689453125,65.0
2015-08-06T18:58:20.000000Z,1.669921875,1.6689453125,20.0
2015-08-06T18:58:30.000000Z,1.669921875,1.6689453125,17.0
2015-08-06T18:58:40.000000Z,1.669921875,1.6689453125,8.0
2015-08-06T18:58:50.000000Z,1.669921875,1.6689453125,10.0
2015-08-06T18:59:00.000000Z,1.6689453125,1.6689453125,36.0
2015-08-06T18:59:10.000000Z,1.6689453125,1.6689453125,24.0
2015-08-06T18:59:20.000000Z,1.6689453125,1.6689453125,18.0
2015-08-06T18:59:30.000000Z,1.6689453125,1.66796875,35.0
2015-08-06T18:59:40.000000Z,1.6689453125,1.66796875,32.0
2015-08-06T18:59:50.000000Z,1.6689453125,1.66796875,38.0
2015-08-06T19:00:00.000000Z,1.6689453125,1.66796875,49.0
2015-08-06T19:00:10.000000Z,1.6689453125,1.66796875,10.0
2015-08-06T19:00:20.000000Z,1.6689453125,1.66796875,10.0
2015-08-06T19:00:30.000000Z,1.6689453125,1.66796875,11.0
2015-08-06T19:00:40.000000Z,1.6689453125,1.66796875,15.0
2015-08-06T19:00:50.000000Z,1.6689453125,1.66796875,10.0
2015-08-06T19:01:00.000000Z,1.6689453125,1.66796875,8.0
2015-08-06T19:01:10.000000Z,1.6689453125,1.66796875,9.0
2015-08-06T19:01:20.000000Z,1.6689453125,1.66796875,12.0
2015-08-06T19:01:30.000000Z,1.6689453125,1.66796875,7.0
2015-08-06T19:01:40.000000Z,1.6689453125,1.66796875,3.0
2015-08-06T19:01:50.000000Z,1.6689453125,1.66796875,23.0
2015-08-06T19:02:00.000000Z,1.6689453125,1.66796875,9.0
2015-08-06T19:02:10.000000Z,1.6689453125,1.66796875,17.0
2015-08-06T19:02:20.000000Z,1.6689453125,1.66796875,20.0
2015-08-06T19:02:30.000000Z,1.66796875,1.66796875,20.0
2015-08-06T19:02:40.000000Z,1.66796875,1.66796875,31.0
2015-08-06T19:02:50.000000Z,1.66796875,1.66796875,22.0
2015-08-06T19:03:00.000000Z,1.6689453125,1.66796875,23.0
2015-08-06T19:03:10.000000Z,1.6689453125,1.66796875,2.0
2015-08-06T19:03:20.000000Z,1.6689453125,1.66796875,31.0
2015-08-06T19:03:30.000000Z,1.6689453125,1.66796875,33.0
2015-08-06T19:03:40.000000Z,1.6689453125,1.66796875,23.0
2015-08-06T19:03:50.000000Z,1.6689453125,1.66796875,20.0
2015-08-06T19:04:00.000000Z,1.6689453125,1.6689453125,10.0
2015-08-06T19:04:10.000000Z,1.6689453125,1.66796875,28.0
2015-08-06T19:04:20.000000Z,1.6689453125,1.66796875,21.0
2015-08-06T19:04:30.000000Z,1.6689453125,1.66796875,15.0
2015-08-06T19:04:40.000000Z,1.6689453125,1.66796875,4.0
2015-08-06T19:04:50.000000Z,1.6689453125,1.66796875,2.0
2015-08-06T19:05:00.000000Z,1.6689453125,1.66796875,3.0
2015-08-06T19:05:10.000000Z,1.6689453125,1.6689453125,11.0
2015-08-06T19:05:20.000000Z,1.6689453125,1.66796875,13.0
2015-08-06T19:05:30.000000Z,1.6689453125,1.6689453125,15.0
2015-08-06T19:05:40.000000Z,1.6689453125,1.6689453125,8.0
2015-08-06T19:05:50.000000Z,1.6689453125,1.6689453125,4.0
2015-08-06T19:06:00.000000Z,1.6689453125,1.6689453125,16.0
2015-08-06T19:06:10.000000Z,1.6689453125,1.6689453125,13.0
2015-08-06T19:06:20.000000Z,1.6689453125,1.6689453125,4.0
2015-08-06T19:06:30.000000Z,1.6689453125,1.6689453125,3.0
2015-08-06T19:06:40.000000Z,1.6689453125,1.6689453125,16.0
2015-08-06T19:06:50.000000Z,1.6689453125,1.6689453125,14.0
2015-08-06T19:07:00.000000Z,1.6689453125,1.6689453125,5.0
2015-08-06T19:07:10.000000Z,1.6689453125,1.6689453125,14.0
2015-08-06T19:07:20.000000Z,1.6689453125,1.6689453125,21.0
2015-08-06T19:07:30.000000Z,1.6689453125,1.66796875,19.0
2015-08-06T19:07:40.000000Z,1.6689453125,1.6689453125,19.0
2015-08-06T19:07:50.000000Z,1.6689453125,1.6689453125,27.0
2015-08-06T19:08:00.000000Z,1.6689453125,1.6689453125,14.0
2015-08-06T19:08:10.000000Z,1.6689453125,1.6689453125,16.0
2015-08-06T19:08:20.000000Z,1.6689453125,1.6689453125,1.0
2015-08-06T19:08:30.000000Z,1.6689453125,1.6689453125,3.0
2015-08-06T19:08:50.000000Z,1.6689453125,1.6689453125,1.0
2015-08-06T19:09:00.000000Z,1.6689453125,1.6689453125,2.0
2015-08-06T19:09:10.000000Z,1.6689453125,1.6689453125,3.0
2015-08-06T19:09:30.000000Z,1.6689453125,1.6689453125,1.0
2015-08-06T19:09:40.000000Z,1.6689453125,1.6689453125,1.0
2015-08-06T19:09:50.000000Z,1.6689453125,1.6689453125,4.0
2015-08-06T19:10:00.000000Z,1.6689453125,1.6689453125,16.0
2015-08-06T19:10:10.000000Z,1.6689453125,1.6689453125,6.0
2015-08-06T19:10:20.000000Z,1.6689453125,1.6689453125,1.0
2015-08-06T19:10:30.000000Z,1.6689453125,1.6689453125,4.0
2015-08-06T19:10:40.000000Z,1.6689453125,1.6689453125,2.0
2015-08-06T19:10:50.000000Z,1.6689453125,1.6689453125,3.0
2015-08-06T19:11:30.000000Z,1.6689453125,1.6689453125,1.0
2015-08-06T19:11:40.000000Z,1.6689453125,1.6689453125,9.0
2015-08-06T19:11:50.000000Z,1.6689453125,1.6689453125,2.0
2015-08-06T19:12:10.000000Z,1.6689453125,1.6689453125,5.0
2015-08-06T19:12:50.000000Z,1.6689453125,1.6689453125,2.0
2015-08-06T19:13:00.000000Z,1.6689453125,1.66796875,24.0
2015-08-06T19:13:10.000000Z,1.6689453125,1.66796875,8.0
2015-08-06T19:13:20.000000Z,1.6689453125,1.66796875,33.0
2015-08-06T19:13:30.000000Z,1.6689453125,1.66796875,9.0
2015-08-06T19:13:40.000000Z,1.6689453125,1.66796875,16.0
2015-08-06T19:13:50.000000Z,1.6689453125,1.66796875,28.0
2015-08-06T19:14:00.000000Z,1.6689453125,1.66796875,12.0
2015-08-06T19:14:10.000000Z,1.6689453125,1.66796875,22.0
2015-08-06T19:14:20.000000Z,1.6689453125,1.66796875,4.0
2015-08-06T19:14:30.000000Z,1.6689453125,1.66796875,3.0
2015-08-06T19:14:50.000000Z,1.6689453125,1.66796875,47.0
2015-08-06T19:15:00.000000Z,1.6689453125,1.66796875,45.0
2015-08-06T19:15:10.000000Z,1.6689453125,1.66796875,32.0
2015-08-06T19:15:20.000000Z,1.6689453125,1.66796875,45.0
2015-08-06T19:15:30.000000Z,1.6689453125,1.66796875,44.0
2015-08-06T19:15:40.000000Z,1.6689453125,1.66796875,41.0
2015-08-06T19:15:50.000000Z,1.66796875,1.66796875,17.0
2015-08-06T19:16:00.000000Z,1.6689453125,1.66796875,8.0
2015-08-06T19:16:10.000000Z,1.66796875,1.66796875,9.0
2015-08-06T19:16:20.000000Z,1.66796875,1.66796875,10.0
2015-08-06T19:16:30.000000Z,1.66796875,1.66796875,10.0
2015-08-06T19:16:40.000000Z,1.6689453125,1.66796875,9.0
2015-08-06T19:16:50.000000Z,1.6689453125,1.66796875,2.0
2015-08-06T19:17:00.000000Z,1.6689453125,1.66796875,2.0
2015-08-06T19:17:10.000000Z,1.6689453125,1.66796875,1.0
2015-08-06T19:17:30.000000Z,1.6689453125,1.66796875,6.0
2015-08-06T19:17:40.000000Z,1.6689453125,1.66796875,7.0
2015-08-06T19:17:50.000000Z,1.6689453125,1.66796875,15.0
2015-08-06T19:18:00.000000Z,1.6689453125,1.66796875,22.0
2015-08-06T19:18:10.000000Z,1.6689453125,1.66796875,5.0
2015-08-06T19:18:20.000000Z,1.6689453125,1.66796875,9.0
2015-08-06T19:18:30.000000Z,1.66796875,1.66796875,13.0
2015-08-06T19:18:40.000000Z,1.66796875,1.66796875,18.0
2015-08-06T19:18:50.000000Z,1.66796875,1.66796875,19.0
2015-08-06T19:19:00.000000Z,1.66796875,1.66796875,2.0
2015-08-06T19:19:10.000000Z,1.66796875,1.6669921875,42.0
2015-08-06T19:19:20.000000Z,1.66796875,1.6669921875,9.0
2015-08-06T19:19:30.000000Z,1.66796875,1.6669921875,1.0
2015-08-06T19:19:40.000000Z,1.66796875,1.6669921875,15.0
2015-08-06T19:19:50.000000Z,1.66796875,1.6669921875,32.0
2015-08-06T19:20:00.000000Z,1.66796875,1.6669921875,12.0
2015-08-06T19:20:10.000000Z,1.66796875,1.6669921875,15.0
2015-08-06T19:20:20.000000Z,1.66796875,1.6669921875,12.0
2015-08-06T19:20:30.000000Z,1.66796875,1.6669921875,35.0
2015-08-06T19:20:40.000000Z,1.66796875,1.6669921875,24.0
2015-08-06T19:20:50.000000Z,1.66796875,1.6669921875,5.0
2015-08-06T19:21:00.000000Z,1.66796875,1.6669921875,6.0
2015-08-06T19:21:10.000000Z,1.66796875,1.6669921875,3.0
2015-08-06T19:21:20.000000Z,1.66796875,1.66796875,33.0
2015-08-06T19:21:30.000000Z,1.66796875,1.66796875,18.0
2015-08-06T19:21:40.000000Z,1.66796875,1.66796875,2.0
2015-08-06T19:21:50.000000Z,1.66796875,1.66796875,12.0
2015-08-06T19:22:00.000000Z,1.66796875,1.66796875,8.0
2015-08-06T19:22:10.000000Z,1.66796875,1.66796875,5.0
2015-08-06T19:22:20.000000Z,1.66796875,1.66796875,19.0
2015-08-06T19:22:30.000000Z,1.6689453125,1.66796875,21.0
2015-08-06T19:22:40.000000Z,1.6689453125,1.66796875,4.0
2015-08-06T19:22:50.000000Z,1.6689453125,1.66796875,10.0
2015-08-06T19:23:00.000000Z,1.6689453125,1.66796875,20.0
2015-08-06T19:23:10.000000Z,1.6689453125,1.66796875,12.0
2015-08-06T19:23:20.000000Z,1.6689453125,1.66796875,4.0
2015-08-06T19:23:30.000000Z,1.6689453125,1.66796875,1.0
2015-08-06T19:23:40.000000Z,1.66796875,1.66796875,24.0
2015-08-06T19:23:50.000000Z,1.66796875,1.66796875,8.0
2015-08-06T19:24:00.000000Z,1.66796875,1.66796875,5.0
2015-08-06T19:24:10.000000Z,1.66796875,1.66796875,5.0
2015-08-06T19:24:20.000000Z,1.66796875,1.66796875,10.0
2015-08-06T19:24:30.000000Z,1.6689453125,1.66796875,12.0
2015-08-06T19:24:40.000000Z,1.6689453125,1.66796875,9.0
2015-08-06T19:24:50.000000Z,1.6689453125,1.66796875,10.0
2015-08-06T19:25:00.000000Z,1.6689453125,1.66796875,17.0
2015-08-06T19:25:10.000000Z,1.6689453125,1.66796875,5.0
2015-08-06T19:25:20.000000Z,1.6689453125,1.66796875,4.0
2015-08-06T19:25:40.000000Z,1.6689453125,1.66796875,14.0
2015-08-06T19:25:50.000000Z,1.6689453125,1.66796875,8.0
2015-08-06T19:26:00.000000Z,1.6689453125,1.66796875,3.0
2015-08-06T19:26:10.000000Z,1.6689453125,1.66796875,6.0
2015-08-06T19:26:20.000000Z,1.6689453125,1.66796875,4.0
2015-08-06T19:26:30.000000Z,1.6689453125,1.66796875,19.0
2015-08-06T19:26:40.000000Z,1.6689453125,1.66796875,7.0
2015-08-06T19:26:50.000000Z,1.6689453125,1.66796875,5.0
2015-08-06T19:27:00.000000Z,1.6689453125,1.66796875,6.0
2015-08-06T19:27:10.000000Z,1.6689453125,1.66796875,5.0
2015-08-06T19:27:20.000000Z,1.6689453125,1.66796875,10.0
2015-08-06T19:27:30.000000Z,1.6689453125,1.66796875,6.0
2015-08-06T19:27:40.000000Z,1.6689453125,1.66796875,12.0
2015-08-06T19:27:50.000000Z,1.6689453125,1.66796875,12.0
2015-08-06T19:28:00.000000Z,1.6689453125,1.66796875,7.0
2015-08-06T19:28:10.000000Z,1.6689453125,1.66796875,23.0
2015-08-06T19:28:20.000000Z,1.6689453125,1.66796875,7.0
2015-08-06T19:28:30.000000Z,1.66796875,1.66796875,6.0
2015-08-06T19:28:40.000000Z,1.66796875,1.66796875,1.0
2015-08-06T19:29:00.000000Z,1.66796875,1.66796875,29.0
2015-08-06T19:29:10.000000Z,1.66796875,1.66796875,21.0
2015-08-06T19:29:20.000000Z,1.66796875,1.66796875,5.0
2015-08-06T19:29:30.000000Z,1.66796875,1.66796875,10.0
2015-08-06T19:29:40.000000Z,1.66796875,1.66796875,6.0
2015-08-06T19:30:00.000000Z,1.66796875,1.66796875,10.0
2015-08-06T19:30:10.000000Z,1.66796875,1.66796875,3.0
2015-08-06T19:30:20.000000Z,1.66796875,1.66796875,19.0
2015-08-06T19:30:30.000000Z,1.66796875,1.6669921875,23.0
2015-08-06T19:30:40.000000Z,1.66796875,1.6669921875,20.0
2015-08-06T19:30:50.000000Z,1.66796875,1.66796875,19.0
2015-08-06T19:31:00.000000Z,1.66796875,1.66796875,4.0
2015-08-06T19:31:10.000000Z,1.66796875,1.66796875,10.0
2015-08-06T19:31:20.000000Z,1.66796875,1.66796875,11.0
2015-08-06T19:31:30.000000Z,1.66796875,1.66796875,6.0
2015-08-06T19:31:40.000000Z,1.66796875,1.66796875,17.0
2015-08-06T19:31:50.000000Z,1.66796875,1.66796875,1.0
2015-08-06T19:32:00.000000Z,1.66796875,1.66796875,4.0
2015-08-06T19:32:20.000000Z,1.6689453125,1.66796875,5.0
2015-08-06T19:32:30.000000Z,1.66796875,1.66796875,19.0
2015-08-06T19:32:40.000000Z,1.66796875,1.66796875,16.0
2015-08-06T19:32:50.000000Z,1.6689453125,1.66796875,6.0
2015-08-06T19:33:00.000000Z,1.6689453125,1.66796875,4.0
2015-08-06T19:33:10.000000Z,1.6689453125,1.66796875,1.0
2015-08-06T19:33:20.000000Z,1.66796875,1.6669921875,28.0
2015-08-06T19:33:30.000000Z,1.66796875,1.6669921875,11.0
2015-08-06T19:33:40.000000Z,1.66796875,1.6669921875,17.0
2015-08-06T19:33:50.000000Z,1.66796875,1.6669921875,16.0
2015-08-06T19:34:00.000000Z,1.66796875,1.6669921875,3.0
2015-08-06T19:34:10.000000Z,1.66796875,1.6669921875,6.0
2015-08-06T19:34:20.000000Z,1.66796875,1.6669921875,1.0
2015-08-06T19:34:30.000000Z,1.66796875,1.6669921875,1.0
2015-08-06T19:34:40.000000Z,1.66796875,1.6669921875,13.0
2015-08-06T19:34:50.000000Z,1.66796875,1.6669921875,6.0
2015-08-06T19:35:00.000000Z,1.66796875,1.6669921875,6.0
2015-08-06T19:35:10.000000Z,1.66796875,1.66796875,23.0
2015-08-06T19:35:20.000000Z,1.6689453125,1.66796875,25.0
2015-08-06T19:35:30.000000Z,1.6689453125,1.66796875,8.0
2015-08-06T19:35:40.000000Z,1.6689453125,1.66796875,5.0
2015-08-06T19:35:50.000000Z,1.6689453125,1.66796875,1.0
2015-08-06T19:36:10.000000Z,1.6689453125,1.66796875,9.0
2015-08-06T19:36:20.000000Z,1.6689453125,1.66796875,4.0
2015-08-06T19:36:30.000000Z,1.6689453125,1.66796875,2.0
2015-08-06T19:36:40.000000Z,1.6689453125,1.66796875,3.0
2015-08-06T19:37:00.000000Z,1.6689453125,1.66796875,4.0
2015-08-06T19:37:30.000000Z,1.6689453125,1.66796875,7.0
2015-08-06T19:37:40.000000Z,1.6689453125,1.66796875,7.0
2015-08-06T19:37:50.000000Z,1.6689453125,1.66796875,3.0
2015-08-06T19:38:30.000000Z,1.6689453125,1.66796875,1.0
2015-08-06T19:38:40.000000Z,1.6689453125,1.66796875,2.0
2015-08-06T19:38:50.000000Z,1.66796875,1.66796875,3.0
2015-08-06T19:39:00.000000Z,1.6689453125,1.66796875,23.0
2015-08-06T19:39:10.000000Z,1.6689453125,1.66796875,10.0
2015-08-06T19:39:20.000000Z,1.6689453125,1.66796875,5.0
2015-08-06T19:39:30.000000Z,1.66796875,1.66796875,17.0
2015-08-06T19:39:40.000000Z,1.6689453125,1.66796875,7.0
2015-08-06T19:39:50.000000Z,1.6689453125,1.66796875,3.0
2015-08-06T19:40:00.000000Z,1.66796875,1.66796875,3.0
2015-08-06T19:40:20.000000Z,1.66796875,1.66796875,4.0
2015-08-06T19:40:30.000000Z,1.66796875,1.66796875,23.0
2015-08-06T19:40:40.000000Z,1.66796875,1.66796875,15.0
2015-08-06T19:40:50.000000Z,1.66796875,1.66796875,24.0
2015-08-06T19:41:00.000000Z,1.66796875,1.66796875,28.0
2015-08-06T19:41:10.000000Z,1.66796875,1.66796875,24.0
2015-08-06T19:41:20.000000Z,1.66796875,1.66796875,15.0
2015-08-06T19:41:30.000000Z,1.66796875,1.66796875,2.0
2015-08-06T19:41:40.000000Z,1.66796875,1.66796875,9.0
2015-08-06T19:41:50.000000Z,1.66796875,1.66796875,14.0
2015-08-06T19:42:00.000000Z,1.66796875,1.66796875,5.0
2015-08-06T19:42:10.000000Z,1.66796875,1.66796875,1.0
2015-08-06T19:42:20.000000Z,1.66796875,1.66796875,20.0
2015-08-06T19:42:30.000000Z,1.66796875,1.66796875,1.0
2015-08-06T19:42:40.000000Z,1.66796875,1.66796875,8.0
2015-08-06T19:42:50.000000Z,1.66796875,1.66796875,5.0
2015-08-06T19:43:00.000000Z,1.66796875,1.66796875,5.0
2015-08-06T19:43:20.000000Z,1.66796875,1.66796875,5.0
2015-08-06T19:43:30.000000Z,1.66796875,1.66796875,12.0
2015-08-06T19:43:40.000000Z,1.66796875,1.6669921875,14.0
2015-08-06T19:43:50.000000Z,1.66796875,1.66796875,10.0
2015-08-06T19:44:00.000000Z,1.66796875,1.66796875,6.0
2015-08-06T19:44:10.000000Z,1.66796875,1.66796875,1.0
2015-08-06T19:44:20.000000Z,1.66796875,1.66796875,1.0
2015-08-06T19:44:30.000000Z,1.66796875,1.66796875,4.0
2015-08-06T19:44:50.000000Z,1.66796875,1.66796875,26.0
2015-08-06T19:45:00.000000Z,1.66796875,1.66796875,11.0
2015-08-06T19:45:10.000000Z,1.66796875,1.66796875,10.0
2015-08-06T19:45:20.000000Z,1.66796875,1.66796875,9.0
2015-08-06T19:45:30.000000Z,1.66796875,1.66796875,5.0
2015-08-06T19:45:40.000000Z,1.66796875,1.66796875,3.0
2015-08-06T19:45:50.000000Z,1.66796875,1.6669921875,14.0
2015-08-06T19:46:00.000000Z,1.66796875,1.6669921875,6.0
2015-08-06T19:46:10.000000Z,1.66796875,1.66796875,17.0
2015-08-06T19:46:20.000000Z,1.66796875,1.66796875,6.0
2015-08-06T19:46:30.000000Z,1.66796875,1.66796875,6.0
2015-08-06T19:46:40.000000Z,1.66796875,1.66796875,3.0
2015-08-06T19:46:50.000000Z,1.66796875,1.6669921875,3.0
2015-08-06T19:47:00.000000Z,1.66796875,1.6669921875,2.0
2015-08-06T19:47:10.000000Z,1.66796875,1.66796875,3.0
2015-08-06T19:47:20.000000Z,1.66796875,1.6669921875,1.0
2015-08-06T19:47:30.000000Z,1.66796875,1.6669921875,2.0
2015-08-06T19:47:40.000000Z,1.66796875,1.6669921875,6.0
2015-08-06T19:47:50.000000Z,1.66796875,1.66796875,20.0
2015-08-06T19:48:00.000000Z,1.66796875,1.6669921875,20.0
2015-08-06T19:48:10.000000Z,1.66796875,1.66796875,7.0
2015-08-06T19:48:20.000000Z,1.66796875,1.6669921875,17.0
2015-08-06T19:48:30.000000Z,1.66796875,1.6669921875,35.0
2015-08-06T19:48:40.000000Z,1.66796875,1.6669921875,21.0
2015-08-06T19:48:50.000000Z,1.66796875,1.6669921875,16.0
2015-08-06T19:49:00.000000Z,1.66796875,1.6669921875,35.0
2015-08-06T19:49:10.000000Z,1.66796875,1.6669921875,18.0
2015-08-06T19:49:20.000000Z,1.66796875,1.6669921875,19.0
2015-08-06T19:49:30.000000Z,1.66796875,1.6669921875,5.0
2015-08-06T19:49:40.000000Z,1.66796875,1.6669921875,9.0
2015-08-06T19:49:50.000000Z,1.66796875,1.6669921875,9.0
2015-08-06T19:50:00.000000Z,1.66796875,1.6669921875,8.0
2015-08-06T19:50:10.000000Z,1.66796875,1.6669921875,12.0
2015-08-06T19:50:20.000000Z,1.66796875,1.6669921875,13.0
2015-08-06T19:50:30.000000Z,1.66796875,1.6669921875,37.0
2015-08-06T19:50:40.000000Z,1.66796875,1.6669921875,26.0
2015-08-06T19:50:50.000000Z,1.66796875,1.6669921875,17.0
2015-08-06T19:51:00.000000Z,1.66796875,1.6669921875,7.0
2015-08-06T19:51:10.000000Z,1.66796875,1.6669921875,15.0
2015-08-06T19:51:20.000000Z,1.66796875,1.6669921875,12.0
2015-08-06T19:51:30.000000Z,1.66796875,1.6669921875,8.0
2015-08-06T19:51:40.000000Z,1.66796875,1.6669921875,1.0
2015-08-06T19:52:00.000000Z,1.66796875,1.6669921875,25.0
2015-08-06T19:52:10.000000Z,1.66796875,1.6669921875,11.0
2015-08-06T19:52:20.000000Z,1.66796875,1.6669921875,1.0
2015-08-06T19:52:50.000000Z,1.66796875,1.6669921875,1.0
2015-08-06T19:53:10.000000Z,1.66796875,1.6669921875,10.0
2015-08-06T19:53:20.000000Z,1.66796875,1.6669921875,3.0
2015-08-06T19:53:30.000000Z,1.66796875,1.6669921875,6.0
2015-08-06T19:54:00.000000Z,1.66796875,1.6669921875,18.0
2015-08-06T19:54:10.000000Z,1.66796875,1.6669921875,1.0
2015-08-06T19:54:20.000000Z,1.66796875,1.6669921875,10.0
2015-08-06T19:54:40.000000Z,1.66796875,1.6669921875,7.0
2015-08-06T19:54:50.000000Z,1.66796875,1.6669921875,5.0
2015-08-06T19:55:00.000000Z,1.66796875,1.6669921875,13.0
2015-08-06T19:55:10.000000Z,1.66796875,1.6669921875,5.0
2015-08-06T19:55:20.000000Z,1.66796875,1.6669921875,22.0
2015-08-06T19:55:30.000000Z,1.66796875,1.6669921875,5.0
2015-08-06T19:55:40.000000Z,1.66796875,1.6669921875,12.0
2015-08-06T19:55:50.000000Z,1.66796875,1.6669921875,3.0
2015-08-06T19:56:10.000000Z,1.66796875,1.6669921875,3.0
2015-08-06T19:56:20.000000Z,1.66796875,1.6669921875,10.0
2015-08-06T19:56:30.000000Z,1.66796875,1.6669921875,10.0
2015-08-06T19:56:40.000000Z,1.66796875,1.6669921875,8.0
2015-08-06T19:56:50.000000Z,1.66796875,1.6669921875,4.0
2015-08-06T19:57:00.000000Z,1.66796875,1.6669921875,11.0
2015-08-06T19:57:10.000000Z,1.66796875,1.6669921875,15.0
2015-08-06T19:57:20.000000Z,1.66796875,1.6669921875,2.0
2015-08-06T19:57:30.000000Z,1.66796875,1.6669921875,25.0
2015-08-06T19:57:40.000000Z,1.66796875,1.6669921875,12.0
2015-08-06T19:57:50.000000Z,1.66796875,1.6669921875,4.0
2015-08-06T19:58:00.000000Z,1.66796875,1.6669921875,11.0
2015-08-06T19:58:10.000000Z,1.66796875,1.6669921875,15.0
2015-08-06T19:58:20.000000Z,1.66796875,1.6669921875,6.0
2015-08-06T19:58:30.000000Z,1.66796875,1.6669921875,12.0
2015-08-06T19:58:40.000000Z,1.66796875,1.6669921875,3.0
2015-08-06T19:58:50.000000Z,1.66796875,1.6669921875,27.0
2015-08-06T19:59:00.000000Z,1.66796875,1.6669921875,14.0
2015-08-06T19:59:10.000000Z,1.66796875,1.6669921875,10.0
2015-08-06T19:59:20.000000Z,1.66796875,1.6669921875,17.0
2015-08-06T19:59:30.000000Z,1.66796875,1.6669921875,5.0
2015-08-06T19:59:40.000000Z,1.66796875,1.6669921875,24.0
2015-08-06T19:59:50.000000Z,1.66796875,1.6669921875,30.0
2015-08-06T20:00:00.000000Z,1.66796875,1.6669921875,27.0
2015-08-06T20:00:10.000000Z,1.66796875,1.6669921875,15.0
2015-08-06T20:00:20.000000Z,1.66796875,1.6669921875,15.0
2015-08-06T20:00:30.000000Z,1.66796875,1.6669921875,22.0
2015-08-06T20:00:40.000000Z,1.66796875,1.6669921875,1.0
2015-08-06T20:00:50.000000Z,1.66796875,1.6669921875,12.0
2015-08-06T20:01:00.000000Z,1.66796875,1.6669921875,35.0
2015-08-06T20:01:10.000000Z,1.66796875,1.6669921875,5.0
2015-08-06T20:01:20.000000Z,1.66796875,1.6669921875,18.0
2015-08-06T20:01:30.000000Z,1.66796875,1.6669921875,11.0
2015-08-06T20:01:40.000000Z,1.66796875,1.6669921875,24.0
2015-08-06T20:01:50.000000Z,1.66796875,1.6669921875,13.0
2015-08-06T20:02:00.000000Z,1.66796875,1.6669921875,10.0
2015-08-06T20:02:10.000000Z,1.66796875,1.6669921875,17.0
2015-08-06T20:02:20.000000Z,1.66796875,1.6669921875,7.0
2015-08-06T20:02:30.000000Z,1.66796875,1.6669921875,1.0
2015-08-06T20:02:40.000000Z,1.66796875,1.6669921875,2.0
2015-08-06T20:02:50.000000Z,1.66796875,1.6669921875,2.0
2015-08-06T20:03:00.000000Z,1.66796875,1.6669921875,7.0
2015-08-06T20:03:10.000000Z,1.66796875,1.6669921875,2.0
2015-08-06T20:03:30.000000Z,1.66796875,1.6669921875,6.0
2015-08-06T20:03:40.000000Z,1.66796875,1.6669921875,8.0
2015-08-06T20:03:50.000000Z,1.66796875,1.6669921875,7.0
2015-08-06T20:04:00.000000Z,1.66796875,1.6669921875,11.0
2015-08-06T20:04:10.000000Z,1.66796875,1.6669921875,5.0
2015-08-06T20:04:20.000000Z,1.66796875,1.6669921875,1.0
2015-08-06T20:04:30.000000Z,1.66796875,1.6669921875,1.0
2015-08-06T20:04:40.000000Z,1.66796875,1.6669921875,6.0
2015-08-06T20:05:00.000000Z,1.66796875,1.6669921875,1.0
2015-08-06T20:05:10.000000Z,1.66796875,1.6669921875,3.0
2015-08-06T20:05:20.000000Z,1.66796875,1.6669921875,2.0
2015-08-06T20:05:30.000000Z,1.66796875,1.6669921875,7.0
2015-08-06T20:05:40.000000Z,1.66796875,1.6669921875,7.0
2015-08-06T20:05:50.000000Z,1.66796875,1.6669921875,10.0
2015-08-06T20:06:00.000000Z,1.66796875,1.6669921875,5.0
2015-08-06T20:06:10.000000Z,1.66796875,1.6669921875,2.0
