time,closeAsk,closeBid
2015-07-22T05:51:05.000000Z,15.95894,15.95622
2015-07-22T05:51:10.000000Z,15.95932,15.9566
2015-07-22T05:51:15.000000Z,15.95932,15.95608
2015-07-22T05:51:20.000000Z,15.95726,15.95441
2015-07-22T05:51:30.000000Z,15.9579,15.95518
2015-07-22T05:51:40.000000Z,15.95739,15.95493
2015-07-22T05:51:55.000000Z,15.95739,15.95454
2015-07-22T05:52:10.000000Z,15.95726,15.95454
2015-07-22T05:52:25.000000Z,15.95726,15.95454
2015-07-22T05:52:30.000000Z,15.95726,15.95454
2015-07-22T05:52:35.000000Z,15.957,15.95441
2015-07-22T05:53:50.000000Z,15.95713,15.95441
2015-07-22T05:54:00.000000Z,15.957,15.95441
2015-07-22T05:54:10.000000Z,15.95739,15.95467
2015-07-22T05:54:15.000000Z,15.95881,15.95596
2015-07-22T05:54:25.000000Z,15.95919,15.95634
2015-07-22T05:54:35.000000Z,15.95945,15.95673
2015-07-22T05:54:50.000000Z,15.95958,15.95712
2015-07-22T05:55:00.000000Z,15.95971,15.95699
2015-07-22T05:55:05.000000Z,15.95967,15.95701
2015-07-22T05:55:10.000000Z,15.95971,15.95699
2015-07-22T05:55:25.000000Z,15.95971,15.95686
2015-07-22T05:55:30.000000Z,15.95906,15.95634
2015-07-22T05:55:55.000000Z,15.95958,15.95673
2015-07-22T05:56:10.000000Z,15.95945,15.95673
2015-07-22T05:56:15.000000Z,15.95932,15.95686
2015-07-22T05:56:25.000000Z,15.95958,15.95673
2015-07-22T05:56:30.000000Z,15.95932,15.9566
2015-07-22T05:56:40.000000Z,15.95932,15.95647
2015-07-22T05:56:45.000000Z,15.95906,15.95634
2015-07-22T05:57:05.000000Z,15.95958,15.95673
2015-07-22T05:57:25.000000Z,15.95945,15.95686
2015-07-22T05:57:30.000000Z,15.95906,15.95647
2015-07-22T05:57:35.000000Z,15.95906,15.95634
2015-07-22T05:57:40.000000Z,15.96061,15.95763
2015-07-22T05:57:45.000000Z,15.96048,15.95763
2015-07-22T05:57:50.000000Z,15.96018,15.95729
2015-07-22T05:57:55.000000Z,15.95928,15.95613
2015-07-22T05:58:00.000000Z,15.95902,15.956
2015-07-22T05:58:05.000000Z,15.95889,15.95613
2015-07-22T05:58:10.000000Z,15.95812,15.95536
2015-07-22T05:58:15.000000Z,15.95812,15.9551
2015-07-22T05:58:40.000000Z,15.95825,15.95536
2015-07-22T05:58:45.000000Z,15.95812,15.95536
2015-07-22T05:58:50.000000Z,15.9576,15.95471
2015-07-22T05:58:55.000000Z,15.95709,15.95433
2015-07-22T05:59:00.000000Z,15.95683,15.95394
2015-07-22T05:59:10.000000Z,15.95679,15.95394
2015-07-22T05:59:15.000000Z,15.95705,15.95433
2015-07-22T05:59:20.000000Z,15.95692,15.95394
2015-07-22T05:59:30.000000Z,15.95679,15.95407
2015-07-22T05:59:35.000000Z,15.9564,15.95355
2015-07-22T05:59:45.000000Z,15.95576,15.95317
2015-07-22T05:59:50.000000Z,15.95563,15.95278
2015-07-22T05:59:55.000000Z,15.95537,15.95239
2015-07-22T06:00:00.000000Z,15.9549,15.95211
2015-07-22T06:00:05.000000Z,15.95645,15.95353
2015-07-22T06:00:10.000000Z,15.95653,15.95355
2015-07-22T06:00:15.000000Z,15.95653,15.95355
2015-07-22T06:00:20.000000Z,15.95782,15.95497
2015-07-22T06:00:25.000000Z,15.95718,15.9542
2015-07-22T06:00:30.000000Z,15.95692,15.95407
2015-07-22T06:00:40.000000Z,15.95756,15.95471
2015-07-22T06:00:45.000000Z,15.95743,15.95471
2015-07-22T06:00:50.000000Z,15.95718,15.95433
2015-07-22T06:01:00.000000Z,15.95705,15.95433
2015-07-22T06:01:05.000000Z,15.95821,15.95536
2015-07-22T06:01:10.000000Z,15.95808,15.95536
2015-07-22T06:01:15.000000Z,15.95782,15.95497
2015-07-22T06:01:30.000000Z,15.95782,15.95501
2015-07-22T06:01:35.000000Z,15.95795,15.95553
2015-07-22T06:01:40.000000Z,15.95756,15.95475
2015-07-22T06:01:45.000000Z,15.95718,15.9545
2015-07-22T06:01:50.000000Z,15.95731,15.95463
2015-07-22T06:01:55.000000Z,15.95821,15.95553
2015-07-22T06:02:00.000000Z,15.95808,15.9554
2015-07-22T06:02:10.000000Z,15.95821,15.95566
2015-07-22T06:02:15.000000Z,15.95795,15.9554
2015-07-22T06:02:20.000000Z,15.95782,15.95501
2015-07-22T06:02:25.000000Z,15.95692,15.95411
2015-07-22T06:02:35.000000Z,15.95692,15.95424
2015-07-22T06:02:45.000000Z,15.95563,15.95308
2015-07-22T06:02:55.000000Z,15.95563,15.95295
2015-07-22T06:03:00.000000Z,15.95524,15.95243
2015-07-22T06:03:15.000000Z,15.95498,15.95217
2015-07-22T06:03:20.000000Z,15.95498,15.95217
2015-07-22T06:03:25.000000Z,15.95589,15.95282
2015-07-22T06:03:30.000000Z,15.95485,15.95217
2015-07-22T06:03:35.000000Z,15.95615,15.95334
2015-07-22T06:03:40.000000Z,15.95576,15.95308
2015-07-22T06:03:45.000000Z,15.95627,15.95372
2015-07-22T06:03:50.000000Z,15.95744,15.95463
2015-07-22T06:03:55.000000Z,15.95748,15.95476
2015-07-22T06:04:00.000000Z,15.95683,15.95385
2015-07-22T06:04:05.000000Z,15.95789,15.9554
2015-07-22T06:04:10.000000Z,15.95707,15.95422
2015-07-22T06:04:15.000000Z,15.95647,15.95385
2015-07-22T06:04:20.000000Z,15.95608,15.95372
2015-07-22T06:04:25.000000Z,15.95479,15.95217
2015-07-22T06:04:30.000000Z,15.95596,15.95321
2015-07-22T06:04:40.000000Z,15.95602,15.95321
2015-07-22T06:04:45.000000Z,15.95615,15.95334
2015-07-22T06:05:00.000000Z,15.95614,15.95346
2015-07-22T06:05:05.000000Z,15.95563,15.95282
2015-07-22T06:05:15.000000Z,15.9555,15.95295
2015-07-22T06:05:20.000000Z,15.95511,15.95256
2015-07-22T06:05:25.000000Z,15.95524,15.95269
2015-07-22T06:05:30.000000Z,15.95524,15.95282
2015-07-22T06:05:35.000000Z,15.9546,15.95205
2015-07-22T06:05:40.000000Z,15.95538,15.95279
2015-07-22T06:05:45.000000Z,15.95549,15.95268
2015-07-22T06:05:50.000000Z,15.95485,15.95217
2015-07-22T06:05:55.000000Z,15.95446,15.95191
2015-07-22T06:06:00.000000Z,15.9533,15.95062
2015-07-22T06:06:05.000000Z,15.95356,15.95114
2015-07-22T06:06:10.000000Z,15.95343,15.95075
2015-07-22T06:06:15.000000Z,15.9533,15.95062
2015-07-22T06:06:25.000000Z,15.95317,15.95049
2015-07-22T06:06:30.000000Z,15.95291,15.95036
2015-07-22T06:06:35.000000Z,15.95317,15.95036
2015-07-22T06:06:40.000000Z,15.95304,15.95023
2015-07-22T06:06:45.000000Z,15.95214,15.94946
2015-07-22T06:06:50.000000Z,15.95192,15.94922
2015-07-22T06:06:55.000000Z,15.95141,15.94871
2015-07-22T06:07:00.000000Z,15.95037,15.94767
2015-07-22T06:07:05.000000Z,15.9505,15.94767
2015-07-22T06:07:10.000000Z,15.95102,15.94819
2015-07-22T06:07:15.000000Z,15.9515,15.94847
2015-07-22T06:07:20.000000Z,15.95162,15.94898
2015-07-22T06:07:25.000000Z,15.951,15.94821
2015-07-22T06:07:30.000000Z,15.95074,15.94808
2015-07-22T06:07:40.000000Z,15.95074,15.94795
2015-07-22T06:07:45.000000Z,15.95126,15.94847
2015-07-22T06:07:50.000000Z,15.95126,15.94847
2015-07-22T06:07:55.000000Z,15.95242,15.9495
2015-07-22T06:08:00.000000Z,15.95332,15.9504
2015-07-22T06:08:05.000000Z,15.95229,15.9495
2015-07-22T06:08:10.000000Z,15.95229,15.94937
2015-07-22T06:08:15.000000Z,15.95229,15.9495
2015-07-22T06:08:20.000000Z,15.95177,15.94898
2015-07-22T06:08:25.000000Z,15.95229,15.94924
2015-07-22T06:08:30.000000Z,15.95061,15.94782
2015-07-22T06:08:35.000000Z,15.95087,15.94821
2015-07-22T06:08:40.000000Z,15.95139,15.9486
2015-07-22T06:08:45.000000Z,15.951,15.94821
2015-07-22T06:08:50.000000Z,15.95074,15.94808
2015-07-22T06:08:55.000000Z,15.95074,15.94808
2015-07-22T06:09:00.000000Z,15.95087,15.94821
2015-07-22T06:09:05.000000Z,15.95085,15.94804
2015-07-22T06:09:10.000000Z,15.95046,15.94778
2015-07-22T06:09:15.000000Z,15.95046,15.94778
2015-07-22T06:09:20.000000Z,15.9502,15.94778
2015-07-22T06:09:25.000000Z,15.95007,15.94752
2015-07-22T06:09:35.000000Z,15.94969,15.94714
2015-07-22T06:09:40.000000Z,15.94827,15.94546
2015-07-22T06:09:45.000000Z,15.94814,15.94572
2015-07-22T06:09:50.000000Z,15.9478,15.94544
2015-07-22T06:09:55.000000Z,15.94921,15.94621
2015-07-22T06:10:00.000000Z,15.94882,15.94621
2015-07-22T06:10:05.000000Z,15.94895,15.94608
2015-07-22T06:10:10.000000Z,15.94934,15.94673
2015-07-22T06:10:15.000000Z,15.95012,15.94751
2015-07-22T06:10:20.000000Z,15.9505,15.94776
2015-07-22T06:10:25.000000Z,15.95085,15.94813
2015-07-22T06:10:30.000000Z,15.95059,15.94774
2015-07-22T06:10:40.000000Z,15.95033,15.94761
2015-07-22T06:10:45.000000Z,15.95046,15.94761
2015-07-22T06:10:50.000000Z,15.94956,15.94684
2015-07-22T06:10:55.000000Z,15.9493,15.94658
2015-07-22T06:11:00.000000Z,15.94943,15.94645
2015-07-22T06:11:05.000000Z,15.9484,15.94555
2015-07-22T06:11:10.000000Z,15.94788,15.94529
2015-07-22T06:11:20.000000Z,15.94724,15.94439
2015-07-22T06:11:25.000000Z,15.94698,15.944
2015-07-22T06:11:30.000000Z,15.94775,15.9449
2015-07-22T06:11:35.000000Z,15.9484,15.94542
2015-07-22T06:11:40.000000Z,15.94853,15.94568
2015-07-22T06:11:45.000000Z,15.94788,15.94516
2015-07-22T06:11:50.000000Z,15.94866,15.94594
2015-07-22T06:11:55.000000Z,15.9484,15.94581
2015-07-22T06:12:00.000000Z,15.94904,15.94619
2015-07-22T06:12:05.000000Z,15.94917,15.94645
2015-07-22T06:12:10.000000Z,15.95072,15.948
2015-07-22T06:12:20.000000Z,15.95046,15.94761
2015-07-22T06:12:25.000000Z,15.94994,15.94748
2015-07-22T06:12:30.000000Z,15.95007,15.94748
2015-07-22T06:12:35.000000Z,15.95033,15.94774
2015-07-22T06:12:45.000000Z,15.95007,15.94735
2015-07-22T06:12:50.000000Z,15.94982,15.94723
2015-07-22T06:12:55.000000Z,15.94994,15.94748
2015-07-22T06:13:00.000000Z,15.95007,15.94748
2015-07-22T06:13:10.000000Z,15.95046,15.94774
2015-07-22T06:13:15.000000Z,15.95033,15.94761
2015-07-22T06:13:20.000000Z,15.95162,15.9489
2015-07-22T06:13:25.000000Z,15.95098,15.94852
2015-07-22T06:13:30.000000Z,15.95072,15.94826
2015-07-22T06:13:35.000000Z,15.95124,15.94839
2015-07-22T06:13:50.000000Z,15.95149,15.94877
2015-07-22T06:13:55.000000Z,15.95227,15.94955
2015-07-22T06:14:00.000000Z,15.95266,15.94968
2015-07-22T06:14:05.000000Z,15.95304,15.95032
2015-07-22T06:14:10.000000Z,15.95227,15.94955
2015-07-22T06:14:20.000000Z,15.95149,15.94877
2015-07-22T06:14:30.000000Z,15.95111,15.94852
2015-07-22T06:14:35.000000Z,15.95111,15.94839
2015-07-22T06:14:45.000000Z,15.95059,15.94774
2015-07-22T06:14:50.000000Z,15.95111,15.94826
2015-07-22T06:15:10.000000Z,15.95046,15.94761
2015-07-22T06:15:15.000000Z,15.9502,15.94761
2015-07-22T06:15:20.000000Z,15.9502,15.94774
2015-07-22T06:15:25.000000Z,15.9502,15.94774
2015-07-22T06:15:35.000000Z,15.95115,15.94817
2015-07-22T06:15:40.000000Z,15.95063,15.94804
2015-07-22T06:16:00.000000Z,15.95037,15.94778
2015-07-22T06:16:10.000000Z,15.95037,15.94765
2015-07-22T06:16:50.000000Z,15.9505,15.94765
2015-07-22T06:17:00.000000Z,15.95037,15.94752
2015-07-22T06:17:05.000000Z,15.95115,15.94843
2015-07-22T06:17:10.000000Z,15.95115,15.94856
2015-07-22T06:17:15.000000Z,15.95141,15.94856
2015-07-22T06:17:20.000000Z,15.95128,15.94856
2015-07-22T06:17:25.000000Z,15.95128,15.94869
2015-07-22T06:17:50.000000Z,15.95102,15.9483
2015-07-22T06:18:35.000000Z,15.95063,15.94804
2015-07-22T06:18:40.000000Z,15.95089,15.94817
2015-07-22T06:18:50.000000Z,15.94973,15.94701
2015-07-22T06:19:10.000000Z,15.94895,15.94636
2015-07-22T06:19:15.000000Z,15.94883,15.94624
2015-07-22T06:19:20.000000Z,15.94807,15.94548
2015-07-22T06:19:25.000000Z,15.94805,15.94552
2015-07-22T06:19:45.000000Z,15.94818,15.94552
2015-07-22T06:19:50.000000Z,15.94818,15.94565
2015-07-22T06:19:55.000000Z,15.94818,15.94565
2015-07-22T06:20:00.000000Z,15.94908,15.94629
2015-07-22T06:20:05.000000Z,15.94921,15.94629
2015-07-22T06:20:10.000000Z,15.94844,15.94565
2015-07-22T06:20:15.000000Z,15.94818,15.94565
2015-07-22T06:20:20.000000Z,15.94792,15.94513
2015-07-22T06:20:25.000000Z,15.94818,15.94526
2015-07-22T06:20:30.000000Z,15.94805,15.94539
2015-07-22T06:20:40.000000Z,15.94767,15.94501
2015-07-22T06:20:45.000000Z,15.94728,15.94449
2015-07-22T06:20:55.000000Z,15.94702,15.94449
2015-07-22T06:21:00.000000Z,15.94741,15.94475
2015-07-22T06:21:05.000000Z,15.94728,15.94475
2015-07-22T06:21:15.000000Z,15.94754,15.94475
2015-07-22T06:21:20.000000Z,15.94728,15.94488
2015-07-22T06:21:35.000000Z,15.94689,15.9441
2015-07-22T06:21:40.000000Z,15.94689,15.94423
2015-07-22T06:21:45.000000Z,15.94599,15.94333
2015-07-22T06:21:50.000000Z,15.94625,15.94346
2015-07-22T06:21:55.000000Z,15.94586,15.9432
2015-07-22T06:22:00.000000Z,15.94715,15.94423
2015-07-22T06:22:05.000000Z,15.94625,15.94346
2015-07-22T06:22:10.000000Z,15.94586,15.9432
2015-07-22T06:22:15.000000Z,15.94534,15.94268
2015-07-22T06:22:20.000000Z,15.94599,15.94307
2015-07-22T06:22:25.000000Z,15.94586,15.9432
2015-07-22T06:22:30.000000Z,15.9456,15.94281
2015-07-22T06:22:35.000000Z,15.94534,15.94242
2015-07-22T06:22:45.000000Z,15.94534,15.94255
2015-07-22T06:22:50.000000Z,15.94586,15.94294
2015-07-22T06:22:55.000000Z,15.94663,15.94384
2015-07-22T06:23:05.000000Z,15.94741,15.94462
2015-07-22T06:23:15.000000Z,15.94754,15.94462
2015-07-22T06:23:25.000000Z,15.94663,15.94371
2015-07-22T06:23:30.000000Z,15.94509,15.9423
2015-07-22T06:23:35.000000Z,15.94534,15.94255
2015-07-22T06:23:40.000000Z,15.94612,15.94346
2015-07-22T06:23:50.000000Z,15.94612,15.94359
2015-07-22T06:23:55.000000Z,15.94612,15.94359
2015-07-22T06:24:05.000000Z,15.94625,15.94359
2015-07-22T06:24:10.000000Z,15.94638,15.94372
2015-07-22T06:24:15.000000Z,15.94599,15.9432
2015-07-22T06:24:20.000000Z,15.94573,15.94281
2015-07-22T06:24:25.000000Z,15.94573,15.94281
2015-07-22T06:24:30.000000Z,15.94573,15.94294
2015-07-22T06:24:35.000000Z,15.94521,15.94255
2015-07-22T06:24:40.000000Z,15.94483,15.94217
2015-07-22T06:24:45.000000Z,15.94483,15.94204
2015-07-22T06:24:55.000000Z,15.94573,15.94294
2015-07-22T06:25:00.000000Z,15.9458,15.94318
2015-07-22T06:25:05.000000Z,15.9458,15.94331
2015-07-22T06:25:10.000000Z,15.94623,15.94346
2015-07-22T06:25:15.000000Z,15.9461,15.94346
2015-07-22T06:25:20.000000Z,15.94635,15.94371
2015-07-22T06:25:25.000000Z,15.94661,15.94397
2015-07-22T06:25:35.000000Z,15.94685,15.94423
2015-07-22T06:25:40.000000Z,15.94648,15.94358
2015-07-22T06:25:45.000000Z,15.94661,15.94384
2015-07-22T06:25:50.000000Z,15.94674,15.9441
2015-07-22T06:25:55.000000Z,15.94532,15.94255
2015-07-22T06:26:00.000000Z,15.94532,15.94242
2015-07-22T06:26:05.000000Z,15.94532,15.94242
2015-07-22T06:26:10.000000Z,15.9461,15.9432
2015-07-22T06:26:15.000000Z,15.94623,15.94346
2015-07-22T06:26:20.000000Z,15.9461,15.94359
2015-07-22T06:26:25.000000Z,15.9461,15.94359
2015-07-22T06:26:30.000000Z,15.94597,15.94346
2015-07-22T06:26:40.000000Z,15.94584,15.94281
2015-07-22T06:26:45.000000Z,15.94597,15.94307
2015-07-22T06:26:50.000000Z,15.94661,15.94371
2015-07-22T06:26:55.000000Z,15.94648,15.94358
2015-07-22T06:27:00.000000Z,15.94649,15.94346
2015-07-22T06:27:05.000000Z,15.94636,15.94333
2015-07-22T06:27:10.000000Z,15.94636,15.94333
2015-07-22T06:27:15.000000Z,15.94648,15.94384
2015-07-22T06:27:20.000000Z,15.94661,15.94384
2015-07-22T06:27:25.000000Z,15.94636,15.94359
2015-07-22T06:27:35.000000Z,15.94648,15.94384
2015-07-22T06:27:40.000000Z,15.94674,15.94423
2015-07-22T06:28:00.000000Z,15.94661,15.94397
2015-07-22T06:28:05.000000Z,15.94648,15.9441
2015-07-22T06:28:10.000000Z,15.94644,15.94408
2015-07-22T06:28:15.000000Z,15.94644,15.94395
2015-07-22T06:28:30.000000Z,15.94657,15.94395
2015-07-22T06:28:55.000000Z,15.9467,15.94395
2015-07-22T06:29:00.000000Z,15.94657,15.94395
2015-07-22T06:29:05.000000Z,15.94696,15.94421
2015-07-22T06:29:10.000000Z,15.94696,15.94421
2015-07-22T06:29:15.000000Z,15.94683,15.94434
2015-07-22T06:29:20.000000Z,15.94696,15.94421
2015-07-22T06:29:30.000000Z,15.94735,15.94486
2015-07-22T06:29:35.000000Z,15.94709,15.94434
2015-07-22T06:29:40.000000Z,15.94735,15.94499
2015-07-22T06:29:50.000000Z,15.94812,15.94524
2015-07-22T06:30:00.000000Z,15.94799,15.94524
2015-07-22T06:30:05.000000Z,15.94812,15.94537
2015-07-22T06:30:10.000000Z,15.9476,15.94498
2015-07-22T06:30:15.000000Z,15.9476,15.94496
2015-07-22T06:30:25.000000Z,15.94812,15.94522
2015-07-22T06:30:30.000000Z,15.94786,15.94509
2015-07-22T06:30:35.000000Z,15.94799,15.94522
2015-07-22T06:30:40.000000Z,15.94838,15.94561
2015-07-22T06:30:45.000000Z,15.94877,15.946
2015-07-22T06:30:50.000000Z,15.95018,15.94741
2015-07-22T06:30:55.000000Z,15.95006,15.94742
2015-07-22T06:31:00.000000Z,15.95031,15.94767
2015-07-22T06:31:05.000000Z,15.94954,15.94677
2015-07-22T06:31:10.000000Z,15.94877,15.94613
2015-07-22T06:31:15.000000Z,15.94902,15.94651
2015-07-22T06:31:25.000000Z,15.94825,15.94561
2015-07-22T06:31:30.000000Z,15.94799,15.94561
2015-07-22T06:31:35.000000Z,15.94919,15.94647
2015-07-22T06:31:40.000000Z,15.94933,15.94679
2015-07-22T06:31:45.000000Z,15.94952,15.94675
2015-07-22T06:31:55.000000Z,15.94941,15.94678
2015-07-22T06:32:00.000000Z,15.94993,15.94704
2015-07-22T06:32:05.000000Z,15.95006,15.94743
2015-07-22T06:32:10.000000Z,15.95083,15.94807
2015-07-22T06:32:15.000000Z,15.95056,15.94784
2015-07-22T06:32:20.000000Z,15.95043,15.94784
2015-07-22T06:32:25.000000Z,15.95056,15.94771
2015-07-22T06:32:30.000000Z,15.9503,15.94784
2015-07-22T06:32:35.000000Z,15.95017,15.94745
2015-07-22T06:32:40.000000Z,15.9503,15.94758
2015-07-22T06:32:45.000000Z,15.95043,15.94745
2015-07-22T06:32:50.000000Z,15.95043,15.94758
2015-07-22T06:32:55.000000Z,15.9503,15.94771
2015-07-22T06:33:00.000000Z,15.95043,15.94784
2015-07-22T06:33:05.000000Z,15.95094,15.94835
2015-07-22T06:33:10.000000Z,15.95107,15.94835
2015-07-22T06:33:20.000000Z,15.95172,15.949
2015-07-22T06:33:25.000000Z,15.9521,15.94938
2015-07-22T06:33:30.000000Z,15.95223,15.94951
2015-07-22T06:33:35.000000Z,15.9512,15.94835
2015-07-22T06:33:40.000000Z,15.9512,15.94861
2015-07-22T06:33:45.000000Z,15.9512,15.94861
2015-07-22T06:33:50.000000Z,15.95133,15.94874
2015-07-22T06:33:55.000000Z,15.95004,15.94732
2015-07-22T06:34:00.000000Z,15.95056,15.94784
2015-07-22T06:34:10.000000Z,15.95043,15.94797
2015-07-22T06:34:15.000000Z,15.95068,15.94796
2015-07-22T06:34:20.000000Z,15.95107,15.94835
2015-07-22T06:34:25.000000Z,15.95094,15.94848
2015-07-22T06:34:30.000000Z,15.95133,15.94874
2015-07-22T06:34:35.000000Z,15.95146,15.94861
2015-07-22T06:34:40.000000Z,15.95262,15.95003
2015-07-22T06:34:45.000000Z,15.95301,15.95029
2015-07-22T06:34:50.000000Z,15.95275,15.9499
2015-07-22T06:34:55.000000Z,15.95301,15.95029
2015-07-22T06:35:05.000000Z,15.95314,15.95016
2015-07-22T06:35:10.000000Z,15.95352,15.95067
2015-07-22T06:35:15.000000Z,15.95365,15.95106
2015-07-22T06:35:20.000000Z,15.95333,15.9504
2015-07-22T06:35:30.000000Z,15.95371,15.95078
2015-07-22T06:35:35.000000Z,15.95384,15.95091
2015-07-22T06:35:40.000000Z,15.95391,15.95099
2015-07-22T06:35:45.000000Z,15.95417,15.95138
2015-07-22T06:35:50.000000Z,15.95443,15.95151
2015-07-22T06:35:55.000000Z,15.95456,15.95164
2015-07-22T06:36:00.000000Z,15.95507,15.95228
2015-07-22T06:36:05.000000Z,15.95477,15.95202
2015-07-22T06:36:10.000000Z,15.954,15.95125
2015-07-22T06:36:15.000000Z,15.95426,15.95164
2015-07-22T06:36:20.000000Z,15.95426,15.95177
2015-07-22T06:36:25.000000Z,15.9531,15.95048
2015-07-22T06:36:50.000000Z,15.95542,15.9528
2015-07-22T06:37:05.000000Z,15.95593,15.95318
2015-07-22T06:37:10.000000Z,15.95593,15.95357
2015-07-22T06:37:15.000000Z,15.95619,15.95383
2015-07-22T06:37:20.000000Z,15.95605,15.9532
2015-07-22T06:37:25.000000Z,15.95625,15.95339
2015-07-22T06:37:30.000000Z,15.95547,15.95287
2015-07-22T06:37:35.000000Z,15.95548,15.95262
2015-07-22T06:37:40.000000Z,15.95494,15.9523
2015-07-22T06:37:45.000000Z,15.95405,15.95122
2015-07-22T06:37:50.000000Z,15.95289,15.95006
2015-07-22T06:37:55.000000Z,15.95173,15.9489
2015-07-22T06:38:00.000000Z,15.95354,15.95058
2015-07-22T06:38:05.000000Z,15.95287,15.95008
2015-07-22T06:38:10.000000Z,15.953,15.95021
2015-07-22T06:38:15.000000Z,15.95803,15.95537
2015-07-22T06:38:20.000000Z,15.95713,15.95434
2015-07-22T06:38:25.000000Z,15.957,15.95408
2015-07-22T06:38:30.000000Z,15.95623,15.95344
2015-07-22T06:38:35.000000Z,15.95599,15.95316
2015-07-22T06:38:40.000000Z,15.95597,15.9532
2015-07-22T06:38:50.000000Z,15.95584,15.95307
2015-07-22T06:38:55.000000Z,15.95636,15.95359
2015-07-22T06:39:00.000000Z,15.95687,15.9541
2015-07-22T06:39:20.000000Z,15.95661,15.95397
2015-07-22T06:39:25.000000Z,15.95674,15.95423
2015-07-22T06:39:30.000000Z,15.95739,15.95462
2015-07-22T06:39:40.000000Z,15.95739,15.95475
2015-07-22T06:39:45.000000Z,15.95739,15.95462
2015-07-22T06:40:00.000000Z,15.95713,15.95449
2015-07-22T06:40:05.000000Z,15.95713,15.95423
2015-07-22T06:40:15.000000Z,15.95713,15.95436
2015-07-22T06:40:20.000000Z,15.95752,15.95488
2015-07-22T06:40:25.000000Z,15.95894,15.95617
2015-07-22T06:40:30.000000Z,15.95945,15.95642
2015-07-22T06:40:35.000000Z,15.95907,15.95656
2015-07-22T06:40:45.000000Z,15.95855,15.95578
2015-07-22T06:40:50.000000Z,15.95881,15.95604
2015-07-22T06:40:55.000000Z,15.95855,15.95591
2015-07-22T06:41:00.000000Z,15.95855,15.95578
2015-07-22T06:41:05.000000Z,15.95855,15.95591
2015-07-22T06:41:10.000000Z,15.95896,15.95628
2015-07-22T06:41:15.000000Z,15.9596,15.95692
2015-07-22T06:41:20.000000Z,15.96025,15.95744
2015-07-22T06:41:25.000000Z,15.95947,15.95679
2015-07-22T06:41:30.000000Z,15.96038,15.95731
2015-07-22T06:41:35.000000Z,15.96038,15.95744
2015-07-22T06:41:40.000000Z,15.96012,15.95731
2015-07-22T06:41:45.000000Z,15.96012,15.95735
2015-07-22T06:41:50.000000Z,15.96051,15.95761
2015-07-22T06:42:00.000000Z,15.96102,15.95812
2015-07-22T06:42:05.000000Z,15.96001,15.95748
2015-07-22T06:42:10.000000Z,15.95988,15.95709
2015-07-22T06:42:15.000000Z,15.95988,15.95709
2015-07-22T06:42:20.000000Z,15.95988,15.95722
2015-07-22T06:42:25.000000Z,15.95988,15.95709
2015-07-22T06:42:30.000000Z,15.96014,15.95761
2015-07-22T06:42:35.000000Z,15.9604,15.95748
2015-07-22T06:42:40.000000Z,15.96066,15.958
2015-07-22T06:42:50.000000Z,15.96091,15.95838
2015-07-22T06:42:55.000000Z,15.96156,15.95877
2015-07-22T06:43:00.000000Z,15.96259,15.95993
2015-07-22T06:43:05.000000Z,15.96259,15.95993
2015-07-22T06:43:10.000000Z,15.9604,15.95774
2015-07-22T06:43:15.000000Z,15.96117,15.95825
2015-07-22T06:43:25.000000Z,15.96117,15.95851
2015-07-22T06:43:30.000000Z,15.96233,15.95967
2015-07-22T06:43:35.000000Z,15.96104,15.95825
2015-07-22T06:43:45.000000Z,15.96078,15.95825
2015-07-22T06:44:05.000000Z,15.96091,15.95838
2015-07-22T06:44:10.000000Z,15.96078,15.95799
2015-07-22T06:44:15.000000Z,15.96104,15.95838
2015-07-22T06:44:20.000000Z,15.96104,15.95838
2015-07-22T06:44:25.000000Z,15.96195,15.9589
2015-07-22T06:44:30.000000Z,15.96195,15.95903
2015-07-22T06:44:35.000000Z,15.96091,15.95812
2015-07-22T06:44:40.000000Z,15.96078,15.95812
2015-07-22T06:44:45.000000Z,15.96027,15.95787
2015-07-22T06:44:50.000000Z,15.9604,15.95787
2015-07-22T06:44:55.000000Z,15.9604,15.958
2015-07-22T06:45:05.000000Z,15.96066,15.95787
2015-07-22T06:45:10.000000Z,15.96053,15.958
2015-07-22T06:45:15.000000Z,15.9604,15.95787
2015-07-22T06:45:20.000000Z,15.9604,15.95774
2015-07-22T06:45:25.000000Z,15.95898,15.95632
2015-07-22T06:45:45.000000Z,15.95898,15.95632
2015-07-22T06:45:50.000000Z,15.95936,15.9567
2015-07-22T06:45:55.000000Z,15.95936,15.9567
2015-07-22T06:46:00.000000Z,15.95924,15.95645
2015-07-22T06:46:05.000000Z,15.95924,15.95645
2015-07-22T06:46:10.000000Z,15.95898,15.95619
2015-07-22T06:46:15.000000Z,15.95898,15.95632
2015-07-22T06:46:45.000000Z,15.95936,15.9567
2015-07-22T06:46:50.000000Z,15.95885,15.95619
2015-07-22T06:46:55.000000Z,15.95924,15.95645
2015-07-22T06:47:00.000000Z,15.95898,15.95645
2015-07-22T06:47:05.000000Z,15.95885,15.95645
2015-07-22T06:47:10.000000Z,15.95911,15.95645
2015-07-22T06:47:15.000000Z,15.95936,15.95683
2015-07-22T06:47:25.000000Z,15.96014,15.95748
2015-07-22T06:47:50.000000Z,15.96053,15.95774
2015-07-22T06:47:55.000000Z,15.96078,15.95799
2015-07-22T06:48:00.000000Z,15.96117,15.95851
2015-07-22T06:48:05.000000Z,15.96078,15.95825
2015-07-22T06:48:10.000000Z,15.96078,15.95825
2015-07-22T06:48:15.000000Z,15.96053,15.95787
2015-07-22T06:48:20.000000Z,15.9604,15.958
2015-07-22T06:48:25.000000Z,15.96078,15.95825
2015-07-22T06:48:30.000000Z,15.9604,15.95787
2015-07-22T06:48:35.000000Z,15.9622,15.95954
2015-07-22T06:48:40.000000Z,15.9622,15.95941
2015-07-22T06:48:50.000000Z,15.96285,15.96019
2015-07-22T06:48:55.000000Z,15.96324,15.96045
2015-07-22T06:49:00.000000Z,15.96401,15.96122
2015-07-22T06:49:05.000000Z,15.96388,15.96096
2015-07-22T06:49:10.000000Z,15.96337,15.96058
2015-07-22T06:49:15.000000Z,15.96349,15.96057
2015-07-22T06:49:20.000000Z,15.96337,15.96058
2015-07-22T06:49:25.000000Z,15.96307,15.96032
2015-07-22T06:49:45.000000Z,15.96294,15.96045
2015-07-22T06:49:50.000000Z,15.96268,15.96006
2015-07-22T06:49:55.000000Z,15.96281,15.96006
2015-07-22T06:50:00.000000Z,15.96216,15.95941
2015-07-22T06:50:05.000000Z,15.96216,15.95941
2015-07-22T06:50:15.000000Z,15.96281,15.96006
2015-07-22T06:50:20.000000Z,15.96332,15.96083
2015-07-22T06:50:25.000000Z,15.96332,15.96083
2015-07-22T06:50:30.000000Z,15.9641,15.96161
2015-07-22T06:50:35.000000Z,15.96423,15.96161
2015-07-22T06:50:40.000000Z,15.96397,15.96122
2015-07-22T06:50:45.000000Z,15.96384,15.96096
2015-07-22T06:50:55.000000Z,15.96371,15.96096
2015-07-22T06:51:10.000000Z,15.96436,15.96161
2015-07-22T06:51:15.000000Z,15.96423,15.96174
2015-07-22T06:51:20.000000Z,15.96423,15.96161
2015-07-22T06:51:25.000000Z,15.96423,15.96161
2015-07-22T06:51:30.000000Z,15.96371,15.96096
2015-07-22T06:51:35.000000Z,15.96358,15.96109
2015-07-22T06:51:55.000000Z,15.96371,15.96096
2015-07-22T06:52:00.000000Z,15.96307,15.96032
2015-07-22T06:52:05.000000Z,15.96268,15.9598
2015-07-22T06:52:35.000000Z,15.96216,15.95954
2015-07-22T06:52:40.000000Z,15.96165,15.95903
2015-07-22T06:52:45.000000Z,15.96139,15.95864
2015-07-22T06:52:50.000000Z,15.96165,15.95903
2015-07-22T06:52:55.000000Z,15.96165,15.95903
2015-07-22T06:53:00.000000Z,15.96165,15.9589
2015-07-22T06:53:05.000000Z,15.96061,15.95812
2015-07-22T06:53:10.000000Z,15.96087,15.95825
2015-07-22T06:53:15.000000Z,15.96061,15.95825
2015-07-22T06:53:20.000000Z,15.9601,15.95748
2015-07-22T06:53:25.000000Z,15.9601,15.95735
2015-07-22T06:53:30.000000Z,15.96113,15.95851
2015-07-22T06:53:35.000000Z,15.96165,15.95916
2015-07-22T06:53:45.000000Z,15.96203,15.95954
2015-07-22T06:53:50.000000Z,15.96074,15.95812
2015-07-22T06:53:55.000000Z,15.96087,15.95812
2015-07-22T06:54:00.000000Z,15.95997,15.95722
2015-07-22T06:54:20.000000Z,15.96036,15.95761
2015-07-22T06:54:25.000000Z,15.96074,15.95786
2015-07-22T06:54:35.000000Z,15.9619,15.95941
2015-07-22T06:54:40.000000Z,15.96216,15.95928
2015-07-22T06:54:45.000000Z,15.96216,15.95941
2015-07-22T06:54:50.000000Z,15.96178,15.95903
2015-07-22T06:55:15.000000Z,15.96229,15.95941
2015-07-22T06:55:20.000000Z,15.96216,15.95941
2015-07-22T06:55:25.000000Z,15.96177,15.95941
2015-07-22T06:55:40.000000Z,15.96152,15.95916
2015-07-22T06:55:50.000000Z,15.961,15.95825
2015-07-22T06:55:55.000000Z,15.96049,15.95787
2015-07-22T06:56:00.000000Z,15.961,15.95812
2015-07-22T06:56:05.000000Z,15.96074,15.95786
2015-07-22T06:56:10.000000Z,15.96049,15.958
2015-07-22T06:56:15.000000Z,15.95984,15.95722
2015-07-22T06:56:30.000000Z,15.95984,15.95709
2015-07-22T06:56:40.000000Z,15.95997,15.95735
2015-07-22T06:56:45.000000Z,15.95984,15.95735
2015-07-22T06:56:50.000000Z,15.95945,15.9567
2015-07-22T06:56:55.000000Z,15.95984,15.95696
2015-07-22T06:57:00.000000Z,15.95958,15.95722
2015-07-22T06:57:05.000000Z,15.9601,15.95787
2015-07-22T06:57:10.000000Z,15.96023,15.95748
2015-07-22T06:57:15.000000Z,15.96036,15.95774
2015-07-22T06:57:20.000000Z,15.96036,15.95787
2015-07-22T06:57:25.000000Z,15.96036,15.95787
2015-07-22T06:57:30.000000Z,15.96049,15.95787
2015-07-22T06:57:35.000000Z,15.96049,15.95774
2015-07-22T06:57:40.000000Z,15.96023,15.95748
2015-07-22T06:57:45.000000Z,15.95984,15.95709
2015-07-22T06:57:50.000000Z,15.96023,15.95735
2015-07-22T06:57:55.000000Z,15.95984,15.95696
2015-07-22T06:58:20.000000Z,15.95907,15.95645
2015-07-22T06:58:25.000000Z,15.95907,15.95658
2015-07-22T06:58:30.000000Z,15.9592,15.95658
2015-07-22T06:58:35.000000Z,15.95945,15.95683
2015-07-22T06:58:45.000000Z,15.95907,15.95645
2015-07-22T06:58:50.000000Z,15.9592,15.95658
2015-07-22T06:58:55.000000Z,15.95907,15.95658
2015-07-22T06:59:00.000000Z,15.95894,15.95647
2015-07-22T06:59:05.000000Z,15.95907,15.95634
2015-07-22T06:59:10.000000Z,15.95932,15.95672
2015-07-22T06:59:15.000000Z,15.95984,15.9575
2015-07-22T06:59:20.000000Z,15.95932,15.95685
2015-07-22T06:59:30.000000Z,15.95932,15.95672
2015-07-22T06:59:35.000000Z,15.95894,15.95634
2015-07-22T06:59:50.000000Z,15.95894,15.95621
2015-07-22T06:59:55.000000Z,15.95907,15.95647
2015-07-22T07:00:00.000000Z,15.96089,15.95812
2015-07-22T07:00:05.000000Z,15.96115,15.95851
2015-07-22T07:00:10.000000Z,15.95986,15.95722
2015-07-22T07:00:15.000000Z,15.95922,15.95658
2015-07-22T07:00:20.000000Z,15.95934,15.9567
2015-07-22T07:00:25.000000Z,15.9596,15.95683
2015-07-22T07:00:35.000000Z,15.95922,15.95658
2015-07-22T07:00:40.000000Z,15.95883,15.95593
2015-07-22T07:00:45.000000Z,15.95792,15.95554
2015-07-22T07:00:50.000000Z,15.95767,15.95503
2015-07-22T07:00:55.000000Z,15.95793,15.95529
2015-07-22T07:01:00.000000Z,15.95805,15.95528
2015-07-22T07:01:05.000000Z,15.95818,15.95554
2015-07-22T07:01:10.000000Z,15.95857,15.95567
2015-07-22T07:01:15.000000Z,15.95857,15.9558
2015-07-22T07:01:25.000000Z,15.95857,15.9558
2015-07-22T07:01:30.000000Z,15.95935,15.95658
2015-07-22T07:01:35.000000Z,15.95935,15.95658
2015-07-22T07:01:45.000000Z,15.95947,15.95657
2015-07-22T07:01:50.000000Z,15.96102,15.95825
2015-07-22T07:01:55.000000Z,15.96128,15.95851
2015-07-22T07:02:00.000000Z,15.96115,15.95864
2015-07-22T07:02:05.000000Z,15.96115,15.95825
2015-07-22T07:02:10.000000Z,15.96128,15.95838
2015-07-22T07:02:15.000000Z,15.96141,15.95838
2015-07-22T07:02:20.000000Z,15.96154,15.95877
2015-07-22T07:02:25.000000Z,15.96141,15.95877
2015-07-22T07:02:45.000000Z,15.96154,15.95903
2015-07-22T07:02:50.000000Z,15.96283,15.96006
2015-07-22T07:02:55.000000Z,15.96386,15.96122
2015-07-22T07:03:00.000000Z,15.96309,15.96058
2015-07-22T07:03:05.000000Z,15.96322,15.96045
2015-07-22T07:03:10.000000Z,15.96334,15.96057
2015-07-22T07:03:20.000000Z,15.96386,15.96109
2015-07-22T07:03:25.000000Z,15.9636,15.96096
2015-07-22T07:03:30.000000Z,15.96412,15.96135
2015-07-22T07:03:35.000000Z,15.96438,15.96174
2015-07-22T07:03:40.000000Z,15.96399,15.96148
2015-07-22T07:03:45.000000Z,15.9627,15.95993
2015-07-22T07:03:50.000000Z,15.9627,15.96006
2015-07-22T07:03:55.000000Z,15.9636,15.96083
2015-07-22T07:04:00.000000Z,15.96386,15.96109
2015-07-22T07:04:05.000000Z,15.96476,15.96212
2015-07-22T07:04:10.000000Z,15.96476,15.96199
2015-07-22T07:04:15.000000Z,15.96451,15.96174
2015-07-22T07:04:25.000000Z,15.96476,15.96212
2015-07-22T07:04:30.000000Z,15.96476,15.96212
2015-07-22T07:04:35.000000Z,15.96451,15.96161
2015-07-22T07:04:40.000000Z,15.9645,15.96199
2015-07-22T07:04:45.000000Z,15.96399,15.96135
2015-07-22T07:05:15.000000Z,15.96399,15.96122
2015-07-22T07:05:20.000000Z,15.96502,15.96225
2015-07-22T07:05:25.000000Z,15.96528,15.96264
2015-07-22T07:05:30.000000Z,15.96528,15.9629
2015-07-22T07:05:50.000000Z,15.96554,15.9629
2015-07-22T07:05:55.000000Z,15.96528,15.96251
2015-07-22T07:06:00.000000Z,15.96528,15.96238
2015-07-22T07:06:05.000000Z,15.96515,15.96264
2015-07-22T07:06:10.000000Z,15.96722,15.96432
2015-07-22T07:06:15.000000Z,15.96644,15.96367
2015-07-22T07:06:20.000000Z,15.96541,15.96251
2015-07-22T07:06:25.000000Z,15.96631,15.96354
2015-07-22T07:06:30.000000Z,15.96631,15.96367
2015-07-22T07:06:35.000000Z,15.96644,15.96393
2015-07-22T07:06:40.000000Z,15.96554,15.96277
2015-07-22T07:06:45.000000Z,15.96515,15.96238
2015-07-22T07:06:50.000000Z,15.96541,15.96264
2015-07-22T07:06:55.000000Z,15.96593,15.9629
2015-07-22T07:07:00.000000Z,15.96554,15.96264
2015-07-22T07:07:05.000000Z,15.9644,15.96191
2015-07-22T07:07:10.000000Z,15.96442,15.96174
2015-07-22T07:07:15.000000Z,15.96442,15.96161
2015-07-22T07:07:20.000000Z,15.96436,15.96153
2015-07-22T07:07:25.000000Z,15.9644,15.96157
2015-07-22T07:07:30.000000Z,15.96491,15.96208
2015-07-22T07:07:35.000000Z,15.96478,15.96225
2015-07-22T07:07:40.000000Z,15.96478,15.96225
2015-07-22T07:07:45.000000Z,15.96571,15.96294
2015-07-22T07:07:50.000000Z,15.96584,15.96294
2015-07-22T07:07:55.000000Z,15.96674,15.9641
2015-07-22T07:08:00.000000Z,15.96609,15.96345
2015-07-22T07:08:05.000000Z,15.96584,15.96307
2015-07-22T07:08:20.000000Z,15.96519,15.96242
2015-07-22T07:08:25.000000Z,15.96478,15.96216
2015-07-22T07:08:35.000000Z,15.96569,15.96301
2015-07-22T07:08:45.000000Z,15.9662,15.96339
2015-07-22T07:08:55.000000Z,15.96672,15.96378
2015-07-22T07:09:00.000000Z,15.96685,15.96404
2015-07-22T07:09:10.000000Z,15.96681,15.96397
2015-07-22T07:09:15.000000Z,15.96552,15.96268
2015-07-22T07:09:20.000000Z,15.96552,15.96281
2015-07-22T07:09:25.000000Z,15.96539,15.96268
2015-07-22T07:09:30.000000Z,15.96552,15.96281
2015-07-22T07:09:35.000000Z,15.96552,15.96294
2015-07-22T07:09:40.000000Z,15.96539,15.96281
2015-07-22T07:09:45.000000Z,15.96539,15.96294
2015-07-22T07:09:55.000000Z,15.965,15.96255
2015-07-22T07:10:00.000000Z,15.96449,15.96178
2015-07-22T07:10:05.000000Z,15.96449,15.96178
2015-07-22T07:10:15.000000Z,15.9641,15.96139
2015-07-22T07:10:20.000000Z,15.96371,15.961
2015-07-22T07:10:25.000000Z,15.96397,15.96139
2015-07-22T07:10:30.000000Z,15.96423,15.96152
2015-07-22T07:10:35.000000Z,15.96436,15.96178
2015-07-22T07:10:40.000000Z,15.96462,15.96191
2015-07-22T07:10:45.000000Z,15.96552,15.96294
2015-07-22T07:10:50.000000Z,15.96558,15.96288
2015-07-22T07:10:55.000000Z,15.96558,15.96288
2015-07-22T07:11:15.000000Z,15.96519,15.96249
2015-07-22T07:11:20.000000Z,15.96545,15.96262
2015-07-22T07:11:25.000000Z,15.96506,15.96223
2015-07-22T07:11:30.000000Z,15.96455,15.96198
2015-07-22T07:11:35.000000Z,15.96442,15.96146
2015-07-22T07:11:40.000000Z,15.96403,15.9612
2015-07-22T07:11:45.000000Z,15.96506,15.96249
2015-07-22T07:11:50.000000Z,15.96545,15.96288
2015-07-22T07:11:55.000000Z,15.96519,15.96223
2015-07-22T07:12:00.000000Z,15.96506,15.96223
2015-07-22T07:12:05.000000Z,15.96545,15.96275
2015-07-22T07:12:10.000000Z,15.96661,15.96378
2015-07-22T07:12:20.000000Z,15.96687,15.9643
2015-07-22T07:12:25.000000Z,15.967,15.9643
2015-07-22T07:12:30.000000Z,15.96674,15.96391
2015-07-22T07:12:35.000000Z,15.96687,15.96417
2015-07-22T07:12:55.000000Z,15.96584,15.96301
2015-07-22T07:13:00.000000Z,15.96597,15.96301
2015-07-22T07:13:05.000000Z,15.967,15.96404
2015-07-22T07:13:10.000000Z,15.96713,15.9643
2015-07-22T07:13:15.000000Z,15.96764,15.96455
2015-07-22T07:13:20.000000Z,15.96764,15.96481
2015-07-22T07:13:25.000000Z,15.96726,15.96456
2015-07-22T07:13:30.000000Z,15.967,15.96417
2015-07-22T07:13:35.000000Z,15.96661,15.96391
2015-07-22T07:13:45.000000Z,15.96715,15.9643
2015-07-22T07:13:50.000000Z,15.96676,15.96391
2015-07-22T07:13:55.000000Z,15.96676,15.96391
2015-07-22T07:14:00.000000Z,15.96586,15.96301
2015-07-22T07:14:05.000000Z,15.96586,15.96301
2015-07-22T07:14:15.000000Z,15.9665,15.96378
2015-07-22T07:14:20.000000Z,15.9662,15.96339
2015-07-22T07:14:25.000000Z,15.96556,15.96275
2015-07-22T07:14:35.000000Z,15.96569,15.96288
2015-07-22T07:14:40.000000Z,15.9662,15.96352
2015-07-22T07:14:50.000000Z,15.96622,15.96365
2015-07-22T07:14:55.000000Z,15.96532,15.96249
2015-07-22T07:15:05.000000Z,15.96532,15.96236
2015-07-22T07:15:10.000000Z,15.96493,15.96197
2015-07-22T07:15:30.000000Z,15.96429,15.96172
2015-07-22T07:15:35.000000Z,15.96442,15.96146
2015-07-22T07:15:50.000000Z,15.96429,15.96146
2015-07-22T07:15:55.000000Z,15.96378,15.96082
2015-07-22T07:16:00.000000Z,15.96369,15.96082
2015-07-22T07:16:05.000000Z,15.96397,15.96116
2015-07-22T07:16:15.000000Z,15.96359,15.96078
2015-07-22T07:16:20.000000Z,15.9621,15.95972
2015-07-22T07:16:25.000000Z,15.9612,15.95869
2015-07-22T07:16:35.000000Z,15.96159,15.95882
2015-07-22T07:16:55.000000Z,15.96159,15.95882
2015-07-22T07:17:00.000000Z,15.96287,15.96023
2015-07-22T07:17:05.000000Z,15.96223,15.95959
2015-07-22T07:17:10.000000Z,15.96171,15.95907
2015-07-22T07:17:15.000000Z,15.96249,15.95946
2015-07-22T07:17:20.000000Z,15.96236,15.95985
2015-07-22T07:17:25.000000Z,15.96223,15.95985
2015-07-22T07:17:30.000000Z,15.96223,15.95998
2015-07-22T07:17:35.000000Z,15.9612,15.95869
2015-07-22T07:17:50.000000Z,15.96126,15.95871
2015-07-22T07:17:55.000000Z,15.96177,15.95909
2015-07-22T07:18:00.000000Z,15.96203,15.95948
2015-07-22T07:18:05.000000Z,15.96061,15.9578
2015-07-22T07:18:15.000000Z,15.96064,15.95789
2015-07-22T07:18:20.000000Z,15.96115,15.9584
2015-07-22T07:18:25.000000Z,15.96102,15.95866
2015-07-22T07:18:30.000000Z,15.96089,15.95814
2015-07-22T07:18:35.000000Z,15.96064,15.95776
2015-07-22T07:18:50.000000Z,15.96063,15.95827
2015-07-22T07:19:00.000000Z,15.9609,15.95827
2015-07-22T07:19:05.000000Z,15.95966,15.95685
2015-07-22T07:19:10.000000Z,15.95953,15.95685
2015-07-22T07:19:20.000000Z,15.96005,15.95724
2015-07-22T07:19:45.000000Z,15.96003,15.95726
2015-07-22T07:20:05.000000Z,15.9599,15.95726
2015-07-22T07:20:10.000000Z,15.96145,15.95868
2015-07-22T07:20:15.000000Z,15.96068,15.95804
2015-07-22T07:20:20.000000Z,15.96093,15.95816
2015-07-22T07:20:25.000000Z,15.96051,15.95789
2015-07-22T07:20:30.000000Z,15.96128,15.95827
2015-07-22T07:20:35.000000Z,15.96102,15.95827
2015-07-22T07:20:40.000000Z,15.96154,15.95879
2015-07-22T07:20:45.000000Z,15.9618,15.95905
2015-07-22T07:20:55.000000Z,15.9618,15.95892
2015-07-22T07:21:00.000000Z,15.9618,15.95905
2015-07-22T07:21:05.000000Z,15.96193,15.95892
2015-07-22T07:21:10.000000Z,15.96231,15.95956
2015-07-22T07:21:15.000000Z,15.96167,15.95892
2015-07-22T07:21:20.000000Z,15.96296,15.96008
2015-07-22T07:21:25.000000Z,15.96244,15.95995
2015-07-22T07:21:30.000000Z,15.9627,15.96008
2015-07-22T07:21:35.000000Z,15.96257,15.95995
2015-07-22T07:21:50.000000Z,15.96257,15.95995
2015-07-22T07:21:55.000000Z,15.96283,15.96008
2015-07-22T07:22:00.000000Z,15.96287,15.9601
2015-07-22T07:22:05.000000Z,15.96248,15.95971
2015-07-22T07:22:15.000000Z,15.96132,15.95868
2015-07-22T07:22:20.000000Z,15.96184,15.9592
2015-07-22T07:22:25.000000Z,15.96145,15.95881
2015-07-22T07:22:30.000000Z,15.96158,15.95894
2015-07-22T07:22:35.000000Z,15.96156,15.95894
2015-07-22T07:22:40.000000Z,15.96195,15.9592
2015-07-22T07:22:45.000000Z,15.96169,15.95907
2015-07-22T07:22:50.000000Z,15.96169,15.95894
2015-07-22T07:23:00.000000Z,15.9613,15.95868
2015-07-22T07:23:05.000000Z,15.96104,15.95829
2015-07-22T07:23:15.000000Z,15.9613,15.95868
2015-07-22T07:23:25.000000Z,15.9613,15.95868
2015-07-22T07:23:30.000000Z,15.96143,15.95894
2015-07-22T07:23:35.000000Z,15.96182,15.9592
2015-07-22T07:23:40.000000Z,15.96182,15.9592
2015-07-22T07:23:50.000000Z,15.96079,15.95804
2015-07-22T07:23:55.000000Z,15.96117,15.95855
2015-07-22T07:24:00.000000Z,15.96117,15.95855
2015-07-22T07:24:05.000000Z,15.96156,15.95881
2015-07-22T07:24:20.000000Z,15.96156,15.95881
2015-07-22T07:24:30.000000Z,15.96182,15.95907
2015-07-22T07:24:35.000000Z,15.96182,15.95907
2015-07-22T07:24:40.000000Z,15.96272,15.95984
2015-07-22T07:24:45.000000Z,15.96272,15.96023
2015-07-22T07:24:55.000000Z,15.96246,15.95971
2015-07-22T07:25:00.000000Z,15.96246,15.95984
2015-07-22T07:25:05.000000Z,15.96272,15.9601
2015-07-22T07:25:20.000000Z,15.96362,15.96126
2015-07-22T07:25:45.000000Z,15.96375,15.96087
2015-07-22T07:25:50.000000Z,15.96375,15.96113
2015-07-22T07:25:55.000000Z,15.96401,15.96113
2015-07-22T07:26:00.000000Z,15.96375,15.96087
2015-07-22T07:26:05.000000Z,15.96349,15.96074
2015-07-22T07:26:10.000000Z,15.96466,15.96178
2015-07-22T07:26:15.000000Z,15.96569,15.96294
2015-07-22T07:26:20.000000Z,15.96646,15.96371
2015-07-22T07:26:25.000000Z,15.96685,15.96397
2015-07-22T07:26:30.000000Z,15.96762,15.96474
2015-07-22T07:26:35.000000Z,15.96788,15.96539
2015-07-22T07:26:40.000000Z,15.9684,15.96578
2015-07-22T07:26:45.000000Z,15.96956,15.96694
2015-07-22T07:26:50.000000Z,15.97227,15.96952
2015-07-22T07:26:55.000000Z,15.97162,15.96887
2015-07-22T07:27:00.000000Z,15.9724,15.96978
2015-07-22T07:27:05.000000Z,15.97291,15.97029
2015-07-22T07:27:10.000000Z,15.97265,15.97016
2015-07-22T07:27:15.000000Z,15.97304,15.97042
2015-07-22T07:27:20.000000Z,15.97201,15.96913
2015-07-22T07:27:25.000000Z,15.97188,15.96913
2015-07-22T07:27:45.000000Z,15.97201,15.96913
2015-07-22T07:27:50.000000Z,15.97111,15.96836
2015-07-22T07:27:55.000000Z,15.97188,15.969
2015-07-22T07:28:00.000000Z,15.97111,15.96849
2015-07-22T07:28:05.000000Z,15.97124,15.96836
2015-07-22T07:28:10.000000Z,15.97072,15.9681
2015-07-22T07:28:15.000000Z,15.97085,15.9681
2015-07-22T07:28:20.000000Z,15.97046,15.96784
2015-07-22T07:28:25.000000Z,15.96995,15.96707
2015-07-22T07:28:30.000000Z,15.96982,15.96707
2015-07-22T07:28:40.000000Z,15.96956,15.96694
2015-07-22T07:28:45.000000Z,15.96943,15.96668
2015-07-22T07:28:50.000000Z,15.96956,15.96681
2015-07-22T07:28:55.000000Z,15.96943,15.96668
2015-07-22T07:29:00.000000Z,15.96917,15.96642
2015-07-22T07:29:05.000000Z,15.96922,15.96623
2015-07-22T07:29:10.000000Z,15.9687,15.96597
2015-07-22T07:29:20.000000Z,15.96909,15.96636
2015-07-22T07:29:25.000000Z,15.96883,15.9661
2015-07-22T07:29:30.000000Z,15.96857,15.96597
2015-07-22T07:29:35.000000Z,15.96806,15.96533
2015-07-22T07:29:40.000000Z,15.96819,15.96533
2015-07-22T07:29:45.000000Z,15.96806,15.96546
2015-07-22T07:29:50.000000Z,15.96819,15.96546
2015-07-22T07:30:00.000000Z,15.96806,15.96533
2015-07-22T07:30:05.000000Z,15.96806,15.9652
2015-07-22T07:30:10.000000Z,15.96651,15.96365
2015-07-22T07:30:15.000000Z,15.96599,15.96326
2015-07-22T07:30:20.000000Z,15.9647,15.96197
2015-07-22T07:30:25.000000Z,15.96518,15.96249
2015-07-22T07:30:30.000000Z,15.96569,15.96287
2015-07-22T07:30:35.000000Z,15.96595,15.96313
2015-07-22T07:30:40.000000Z,15.96608,15.96313
2015-07-22T07:30:45.000000Z,15.9666,15.96404
2015-07-22T07:30:50.000000Z,15.96673,15.96417
2015-07-22T07:30:55.000000Z,15.96647,15.96404
2015-07-22T07:31:05.000000Z,15.96569,15.96339
2015-07-22T07:31:10.000000Z,15.96686,15.96404
2015-07-22T07:31:15.000000Z,15.96673,15.96404
2015-07-22T07:31:20.000000Z,15.96724,15.96442
2015-07-22T07:31:30.000000Z,15.96673,15.96404
2015-07-22T07:31:35.000000Z,15.96634,15.96352
2015-07-22T07:31:40.000000Z,15.96608,15.96339
2015-07-22T07:31:45.000000Z,15.96634,15.96365
2015-07-22T07:31:50.000000Z,15.96673,15.96404
2015-07-22T07:31:55.000000Z,15.96582,15.96311
2015-07-22T07:32:05.000000Z,15.96479,15.96208
2015-07-22T07:32:15.000000Z,15.9644,15.96156
2015-07-22T07:32:20.000000Z,15.96415,15.96144
2015-07-22T07:32:25.000000Z,15.96453,15.96169
2015-07-22T07:32:35.000000Z,15.96505,15.96221
2015-07-22T07:32:40.000000Z,15.96479,15.96208
2015-07-22T07:32:45.000000Z,15.96402,15.96131
2015-07-22T07:32:50.000000Z,15.9644,15.96156
2015-07-22T07:32:55.000000Z,15.96466,15.96208
2015-07-22T07:33:10.000000Z,15.96479,15.96208
2015-07-22T07:33:15.000000Z,15.96479,15.96208
2015-07-22T07:33:25.000000Z,15.96453,15.96195
2015-07-22T07:33:30.000000Z,15.96451,15.96197
2015-07-22T07:33:40.000000Z,15.9649,15.96236
2015-07-22T07:33:45.000000Z,15.96451,15.9621
2015-07-22T07:33:55.000000Z,15.9644,15.96223
2015-07-22T07:34:00.000000Z,15.96466,15.9621
2015-07-22T07:34:05.000000Z,15.96541,15.96266
2015-07-22T07:34:10.000000Z,15.96555,15.96258
2015-07-22T07:34:15.000000Z,15.96619,15.96322
2015-07-22T07:34:20.000000Z,15.96671,15.96413
2015-07-22T07:34:25.000000Z,15.96617,15.96338
2015-07-22T07:34:30.000000Z,15.96613,15.96342
2015-07-22T07:34:35.000000Z,15.96615,15.96336
2015-07-22T07:34:40.000000Z,15.96589,15.96323
2015-07-22T07:34:50.000000Z,15.96625,15.96351
2015-07-22T07:34:55.000000Z,15.96625,15.96325
2015-07-22T07:35:00.000000Z,15.96586,15.96299
2015-07-22T07:35:05.000000Z,15.9658,15.96307
2015-07-22T07:35:10.000000Z,15.96619,15.96359
2015-07-22T07:35:15.000000Z,15.96619,15.96346
2015-07-22T07:35:20.000000Z,15.96606,15.96333
2015-07-22T07:35:25.000000Z,15.96683,15.96423
2015-07-22T07:35:30.000000Z,15.9667,15.96423
2015-07-22T07:35:35.000000Z,15.96683,15.96423
2015-07-22T07:35:40.000000Z,15.96787,15.9654
2015-07-22T07:35:45.000000Z,15.96836,15.96591
2015-07-22T07:35:55.000000Z,15.96939,15.96655
2015-07-22T07:36:00.000000Z,15.96862,15.96591
2015-07-22T07:36:05.000000Z,15.96927,15.96656
2015-07-22T07:36:10.000000Z,15.97081,15.96797
2015-07-22T07:36:15.000000Z,15.97107,15.96836
2015-07-22T07:36:25.000000Z,15.97056,15.96772
2015-07-22T07:36:30.000000Z,15.97056,15.96785
2015-07-22T07:36:35.000000Z,15.97017,15.96746
2015-07-22T07:36:40.000000Z,15.97094,15.9681
2015-07-22T07:36:45.000000Z,15.97004,15.96733
2015-07-22T07:36:50.000000Z,15.96982,15.96722
2015-07-22T07:36:55.000000Z,15.97111,15.96825
2015-07-22T07:37:00.000000Z,15.9706,15.968
2015-07-22T07:37:05.000000Z,15.97073,15.968
2015-07-22T07:37:10.000000Z,15.97086,15.968
2015-07-22T07:37:15.000000Z,15.97025,15.96776
2015-07-22T07:37:20.000000Z,15.96988,15.96709
2015-07-22T07:37:25.000000Z,15.96949,15.96709
2015-07-22T07:37:30.000000Z,15.97001,15.96722
2015-07-22T07:37:35.000000Z,15.96975,15.96722
2015-07-22T07:37:40.000000Z,15.96962,15.96696
2015-07-22T07:37:45.000000Z,15.96872,15.96593
2015-07-22T07:37:50.000000Z,15.96859,15.96584
2015-07-22T07:37:55.000000Z,15.96859,15.96584
2015-07-22T07:38:00.000000Z,15.96846,15.96597
2015-07-22T07:38:10.000000Z,15.96911,15.9661
2015-07-22T07:38:15.000000Z,15.96885,15.9661
2015-07-22T07:38:20.000000Z,15.96924,15.96662
2015-07-22T07:38:25.000000Z,15.96872,15.96597
2015-07-22T07:38:30.000000Z,15.9687,15.96597
2015-07-22T07:38:40.000000Z,15.96831,15.96597
2015-07-22T07:38:45.000000Z,15.96831,15.96597
2015-07-22T07:38:50.000000Z,15.96896,15.9661
2015-07-22T07:38:55.000000Z,15.96857,15.96597
2015-07-22T07:39:05.000000Z,15.96857,15.96597
2015-07-22T07:39:10.000000Z,15.96844,15.96597
2015-07-22T07:39:15.000000Z,15.96793,15.96546
2015-07-22T07:39:20.000000Z,15.96661,15.96414
2015-07-22T07:39:25.000000Z,15.96651,15.96402
2015-07-22T07:39:30.000000Z,15.96664,15.96415
2015-07-22T07:39:35.000000Z,15.96689,15.9644
2015-07-22T07:39:40.000000Z,15.96715,15.96466
2015-07-22T07:39:45.000000Z,15.96653,15.96398
2015-07-22T07:39:50.000000Z,15.96679,15.96398
2015-07-22T07:39:55.000000Z,15.96653,15.96385
2015-07-22T07:40:00.000000Z,15.96627,15.96346
2015-07-22T07:40:05.000000Z,15.96614,15.96333
2015-07-22T07:40:10.000000Z,15.96601,15.96307
2015-07-22T07:40:15.000000Z,15.96666,15.96411
2015-07-22T07:40:20.000000Z,15.96679,15.96398
2015-07-22T07:40:25.000000Z,15.96571,15.9632
2015-07-22T07:40:30.000000Z,15.96623,15.96346
2015-07-22T07:40:35.000000Z,15.96546,15.96269
2015-07-22T07:40:40.000000Z,15.96481,15.96204
2015-07-22T07:40:45.000000Z,15.9652,15.96243
2015-07-22T07:40:50.000000Z,15.96494,15.96256
2015-07-22T07:40:55.000000Z,15.96481,15.96217
2015-07-22T07:41:00.000000Z,15.96429,15.96152
2015-07-22T07:41:05.000000Z,15.96417,15.96153
2015-07-22T07:41:10.000000Z,15.96468,15.96204
2015-07-22T07:41:15.000000Z,15.96481,15.96204
2015-07-22T07:41:20.000000Z,15.96468,15.96191
2015-07-22T07:41:25.000000Z,15.96391,15.96127
2015-07-22T07:41:30.000000Z,15.96391,15.96114
2015-07-22T07:41:35.000000Z,15.96455,15.9623
2015-07-22T07:41:40.000000Z,15.96378,15.96101
2015-07-22T07:41:45.000000Z,15.96481,15.96204
2015-07-22T07:41:50.000000Z,15.96468,15.96204
2015-07-22T07:42:00.000000Z,15.96468,15.9623
2015-07-22T07:42:05.000000Z,15.96533,15.96269
2015-07-22T07:42:10.000000Z,15.96468,15.96204
2015-07-22T07:42:15.000000Z,15.96365,15.96088
2015-07-22T07:42:25.000000Z,15.96378,15.96101
2015-07-22T07:42:30.000000Z,15.96365,15.96127
2015-07-22T07:42:35.000000Z,15.96468,15.96204
2015-07-22T07:42:40.000000Z,15.96455,15.96204
2015-07-22T07:42:45.000000Z,15.96455,15.96191
2015-07-22T07:42:50.000000Z,15.96378,15.9614
2015-07-22T07:42:55.000000Z,15.96352,15.96101
2015-07-22T07:43:00.000000Z,15.96442,15.96191
2015-07-22T07:43:05.000000Z,15.96455,15.96191
2015-07-22T07:43:10.000000Z,15.96442,15.96204
2015-07-22T07:43:20.000000Z,15.96442,15.96204
2015-07-22T07:43:25.000000Z,15.96326,15.96075
2015-07-22T07:43:35.000000Z,15.96391,15.96127
2015-07-22T07:43:40.000000Z,15.96352,15.96088
2015-07-22T07:43:45.000000Z,15.96391,15.96127
2015-07-22T07:43:50.000000Z,15.96442,15.9617
2015-07-22T07:43:55.000000Z,15.96436,15.96163
2015-07-22T07:44:00.000000Z,15.96438,15.96163
2015-07-22T07:44:05.000000Z,15.96463,15.96201
2015-07-22T07:44:10.000000Z,15.96386,15.96124
2015-07-22T07:44:15.000000Z,15.96373,15.96137
2015-07-22T07:44:20.000000Z,15.96386,15.96124
2015-07-22T07:44:25.000000Z,15.96451,15.96176
2015-07-22T07:44:30.000000Z,15.96438,15.9615
2015-07-22T07:44:35.000000Z,15.96425,15.9615
2015-07-22T07:44:40.000000Z,15.96451,15.96189
2015-07-22T07:44:45.000000Z,15.96399,15.96124
2015-07-22T07:44:50.000000Z,15.96386,15.96137
2015-07-22T07:44:55.000000Z,15.96438,15.96163
2015-07-22T07:45:00.000000Z,15.96515,15.96227
2015-07-22T07:45:05.000000Z,15.96463,15.96214
2015-07-22T07:45:25.000000Z,15.96386,15.96163
2015-07-22T07:45:30.000000Z,15.96373,15.9615
2015-07-22T07:45:35.000000Z,15.96412,15.96176
2015-07-22T07:45:45.000000Z,15.96463,15.96214
2015-07-22T07:45:50.000000Z,15.9645,15.96214
2015-07-22T07:45:55.000000Z,15.96463,15.96201
2015-07-22T07:46:00.000000Z,15.96386,15.96137
2015-07-22T07:46:05.000000Z,15.96386,15.96137
2015-07-22T07:46:10.000000Z,15.96476,15.96201
2015-07-22T07:46:15.000000Z,15.96451,15.96189
2015-07-22T07:46:25.000000Z,15.96296,15.96034
2015-07-22T07:46:35.000000Z,15.9636,15.96098
2015-07-22T07:46:40.000000Z,15.96412,15.96124
2015-07-22T07:46:45.000000Z,15.96438,15.96176
2015-07-22T07:46:50.000000Z,15.96476,15.96201
2015-07-22T07:47:00.000000Z,15.96476,15.96214
2015-07-22T07:47:05.000000Z,15.96515,15.9624
2015-07-22T07:47:10.000000Z,15.96425,15.96124
2015-07-22T07:47:15.000000Z,15.96373,15.96111
2015-07-22T07:47:20.000000Z,15.96375,15.96113
2015-07-22T07:47:25.000000Z,15.96298,15.96023
2015-07-22T07:47:30.000000Z,15.96285,15.96036
2015-07-22T07:47:35.000000Z,15.96324,15.96062
2015-07-22T07:47:45.000000Z,15.96362,15.961
2015-07-22T07:47:50.000000Z,15.96414,15.96139
2015-07-22T07:47:55.000000Z,15.96388,15.96139
2015-07-22T07:48:00.000000Z,15.96388,15.96113
2015-07-22T07:48:05.000000Z,15.96384,15.96111
2015-07-22T07:48:10.000000Z,15.96332,15.96085
2015-07-22T07:48:15.000000Z,15.96384,15.96092
2015-07-22T07:48:20.000000Z,15.96361,15.96092
2015-07-22T07:48:30.000000Z,15.96425,15.96169
2015-07-22T07:48:35.000000Z,15.96425,15.96182
2015-07-22T07:48:40.000000Z,15.96438,15.96195
2015-07-22T07:48:45.000000Z,15.96451,15.96195
2015-07-22T07:48:55.000000Z,15.96425,15.96182
2015-07-22T07:49:00.000000Z,15.96412,15.96182
2015-07-22T07:49:05.000000Z,15.96387,15.96118
2015-07-22T07:49:10.000000Z,15.96348,15.96105
2015-07-22T07:49:15.000000Z,15.96335,15.96092
2015-07-22T07:49:25.000000Z,15.96283,15.96053
2015-07-22T07:49:30.000000Z,15.96309,15.96027
2015-07-22T07:49:35.000000Z,15.9627,15.96053
2015-07-22T07:49:40.000000Z,15.96322,15.96079
2015-07-22T07:49:45.000000Z,15.96348,15.96105
2015-07-22T07:49:50.000000Z,15.96374,15.96131
2015-07-22T07:50:00.000000Z,15.96361,15.96092
2015-07-22T07:50:05.000000Z,15.96361,15.96092
2015-07-22T07:50:10.000000Z,15.96371,15.96105
2015-07-22T07:50:15.000000Z,15.96408,15.96146
2015-07-22T07:50:20.000000Z,15.9641,15.9615
2015-07-22T07:50:25.000000Z,15.96453,15.96172
2015-07-22T07:50:30.000000Z,15.96465,15.96184
2015-07-22T07:50:35.000000Z,15.96465,15.96197
2015-07-22T07:50:40.000000Z,15.9644,15.96185
2015-07-22T07:50:45.000000Z,15.96452,15.96197
2015-07-22T07:50:50.000000Z,15.96459,15.96193
2015-07-22T07:50:55.000000Z,15.96498,15.96232
2015-07-22T07:51:00.000000Z,15.96459,15.96206
2015-07-22T07:51:10.000000Z,15.96485,15.96193
2015-07-22T07:51:15.000000Z,15.96472,15.96193
2015-07-22T07:51:30.000000Z,15.9633,15.96038
2015-07-22T07:51:35.000000Z,15.96362,15.96094
2015-07-22T07:51:40.000000Z,15.96401,15.9612
2015-07-22T07:51:45.000000Z,15.96298,15.9603
2015-07-22T07:51:50.000000Z,15.96246,15.95965
2015-07-22T07:51:55.000000Z,15.96233,15.95952
2015-07-22T07:52:00.000000Z,15.96272,15.96004
2015-07-22T07:52:10.000000Z,15.96272,15.95991
2015-07-22T07:52:15.000000Z,15.9622,15.95952
2015-07-22T07:52:20.000000Z,15.96285,15.96017
2015-07-22T07:52:30.000000Z,15.96285,15.96004
2015-07-22T07:52:35.000000Z,15.96311,15.96043
2015-07-22T07:52:40.000000Z,15.96349,15.96068
2015-07-22T07:52:45.000000Z,15.96388,15.96094
2015-07-22T07:52:50.000000Z,15.96285,15.96004
2015-07-22T07:52:55.000000Z,15.96259,15.95991
2015-07-22T07:53:00.000000Z,15.96298,15.9603
2015-07-22T07:53:05.000000Z,15.96349,15.96094
2015-07-22T07:53:10.000000Z,15.96336,15.96081
2015-07-22T07:53:15.000000Z,15.96324,15.96056
2015-07-22T07:53:30.000000Z,15.96336,15.96094
2015-07-22T07:53:35.000000Z,15.96427,15.96159
2015-07-22T07:53:40.000000Z,15.96416,15.96144
2015-07-22T07:53:45.000000Z,15.96467,15.96208
2015-07-22T07:53:50.000000Z,15.96578,15.96318
2015-07-22T07:53:55.000000Z,15.96552,15.96305
2015-07-22T07:54:00.000000Z,15.96539,15.96305
2015-07-22T07:54:05.000000Z,15.96461,15.96201
2015-07-22T07:54:10.000000Z,15.96526,15.96266
2015-07-22T07:54:15.000000Z,15.9659,15.9633
2015-07-22T07:54:25.000000Z,15.96603,15.96343
2015-07-22T07:54:30.000000Z,15.96552,15.96292
2015-07-22T07:54:40.000000Z,15.965,15.96227
2015-07-22T07:54:45.000000Z,15.96474,15.96201
2015-07-22T07:54:50.000000Z,15.96371,15.96111
2015-07-22T07:54:55.000000Z,15.96384,15.96124
2015-07-22T07:55:00.000000Z,15.96461,15.96214
2015-07-22T07:55:05.000000Z,15.96461,15.96214
2015-07-22T07:55:10.000000Z,15.96552,15.96279
2015-07-22T07:55:15.000000Z,15.96578,15.96318
2015-07-22T07:55:20.000000Z,15.96591,15.96318
2015-07-22T07:55:30.000000Z,15.96578,15.96318
2015-07-22T07:55:35.000000Z,15.96565,15.96305
2015-07-22T07:55:40.000000Z,15.96565,15.96292
2015-07-22T07:55:45.000000Z,15.9659,15.9633
2015-07-22T07:55:55.000000Z,15.965,15.9624
2015-07-22T07:56:00.000000Z,15.96461,15.96188
2015-07-22T07:56:05.000000Z,15.96397,15.96124
2015-07-22T07:56:10.000000Z,15.96384,15.96124
2015-07-22T07:56:15.000000Z,15.96397,15.96124
2015-07-22T07:56:20.000000Z,15.96461,15.96214
2015-07-22T07:56:40.000000Z,15.96578,15.96305
2015-07-22T07:57:15.000000Z,15.96565,15.96305
2015-07-22T07:57:30.000000Z,15.96578,15.96318
2015-07-22T07:57:40.000000Z,15.96552,15.96279
2015-07-22T07:57:45.000000Z,15.96552,15.96292
2015-07-22T07:58:00.000000Z,15.96552,15.96292
2015-07-22T07:58:05.000000Z,15.96358,15.96111
2015-07-22T07:58:10.000000Z,15.96371,15.96124
2015-07-22T07:58:15.000000Z,15.96384,15.96137
2015-07-22T07:58:25.000000Z,15.96526,15.96266
2015-07-22T07:58:45.000000Z,15.96552,15.96305
2015-07-22T07:59:05.000000Z,15.96565,15.96292
2015-07-22T07:59:25.000000Z,15.96552,15.96305
2015-07-22T07:59:30.000000Z,15.96552,15.96292
2015-07-22T07:59:40.000000Z,15.96543,15.96301
2015-07-22T07:59:50.000000Z,15.96616,15.96369
2015-07-22T07:59:55.000000Z,15.96668,15.96408
2015-07-22T08:00:00.000000Z,15.96694,15.96434
2015-07-22T08:00:05.000000Z,15.96668,15.96421
2015-07-22T08:00:10.000000Z,15.96655,15.96421
2015-07-22T08:00:15.000000Z,15.96694,15.96408
2015-07-22T08:00:20.000000Z,15.9659,15.96343
2015-07-22T08:00:25.000000Z,15.96681,15.96421
2015-07-22T08:00:30.000000Z,15.96655,15.96421
2015-07-22T08:00:40.000000Z,15.96681,15.96408
2015-07-22T08:00:45.000000Z,15.96707,15.96447
2015-07-22T08:00:50.000000Z,15.9672,15.96447
2015-07-22T08:00:55.000000Z,15.96668,15.96395
2015-07-22T08:01:00.000000Z,15.96694,15.96408
2015-07-22T08:01:05.000000Z,15.96655,15.96395
2015-07-22T08:01:10.000000Z,15.96565,15.96305
2015-07-22T08:01:15.000000Z,15.96539,15.96279
2015-07-22T08:01:20.000000Z,15.96481,15.96229
2015-07-22T08:01:25.000000Z,15.96494,15.96216
2015-07-22T08:01:30.000000Z,15.96455,15.96229
2015-07-22T08:01:35.000000Z,15.96533,15.96294
2015-07-22T08:01:45.000000Z,15.96494,15.96242
2015-07-22T08:01:50.000000Z,15.96559,15.9632
2015-07-22T08:01:55.000000Z,15.96559,15.96333
2015-07-22T08:02:00.000000Z,15.96572,15.9632
2015-07-22T08:02:05.000000Z,15.96559,15.9632
2015-07-22T08:02:10.000000Z,15.96546,15.96333
2015-07-22T08:02:20.000000Z,15.96571,15.96332
2015-07-22T08:02:25.000000Z,15.96559,15.9632
2015-07-22T08:02:35.000000Z,15.96546,15.96294
2015-07-22T08:02:40.000000Z,15.96546,15.96281
2015-07-22T08:02:50.000000Z,15.96533,15.96281
2015-07-22T08:03:00.000000Z,15.96572,15.9632
2015-07-22T08:03:05.000000Z,15.96584,15.96332
2015-07-22T08:03:10.000000Z,15.96588,15.96326
2015-07-22T08:03:15.000000Z,15.96692,15.96417
2015-07-22T08:03:20.000000Z,15.96653,15.96417
2015-07-22T08:03:30.000000Z,15.9664,15.96378
2015-07-22T08:03:35.000000Z,15.96704,15.96468
2015-07-22T08:03:40.000000Z,15.96717,15.96481
2015-07-22T08:03:50.000000Z,15.96769,15.96481
2015-07-22T08:03:55.000000Z,15.9673,15.96468
2015-07-22T08:04:00.000000Z,15.96769,15.96507
2015-07-22T08:04:10.000000Z,15.96808,15.96546
2015-07-22T08:04:15.000000Z,15.96846,15.96584
2015-07-22T08:04:20.000000Z,15.96846,15.96584
2015-07-22T08:04:25.000000Z,15.96977,15.96724
2015-07-22T08:04:30.000000Z,15.96977,15.96724
2015-07-22T08:04:35.000000Z,15.96917,15.96647
2015-07-22T08:04:40.000000Z,15.96941,15.96675
2015-07-22T08:04:45.000000Z,15.96941,15.96662
2015-07-22T08:04:50.000000Z,15.97005,15.96739
2015-07-22T08:04:55.000000Z,15.96992,15.96713
2015-07-22T08:05:00.000000Z,15.96992,15.96713
2015-07-22T08:05:10.000000Z,15.96979,15.96726
2015-07-22T08:05:15.000000Z,15.97121,15.96842
2015-07-22T08:05:20.000000Z,15.97083,15.96817
2015-07-22T08:05:25.000000Z,15.97033,15.9675
2015-07-22T08:05:30.000000Z,15.9702,15.96763
2015-07-22T08:05:35.000000Z,15.9702,15.96737
2015-07-22T08:05:40.000000Z,15.97007,15.96724
2015-07-22T08:05:45.000000Z,15.96994,15.96724
2015-07-22T08:05:50.000000Z,15.96981,15.96724
2015-07-22T08:05:55.000000Z,15.97085,15.96789
2015-07-22T08:06:00.000000Z,15.97111,15.96828
2015-07-22T08:06:05.000000Z,15.97111,15.96815
2015-07-22T08:06:10.000000Z,15.97085,15.96802
2015-07-22T08:06:15.000000Z,15.97072,15.96789
2015-07-22T08:06:25.000000Z,15.97149,15.96866
2015-07-22T08:06:30.000000Z,15.97113,15.96828
2015-07-22T08:06:35.000000Z,15.97074,15.96802
2015-07-22T08:06:45.000000Z,15.97074,15.96789
2015-07-22T08:06:55.000000Z,15.97035,15.96737
2015-07-22T08:07:00.000000Z,15.97048,15.96737
2015-07-22T08:07:05.000000Z,15.97048,15.9675
2015-07-22T08:07:10.000000Z,15.97009,15.96711
2015-07-22T08:07:15.000000Z,15.97061,15.96802
2015-07-22T08:07:20.000000Z,15.97074,15.96815
2015-07-22T08:07:25.000000Z,15.97061,15.96802
2015-07-22T08:07:30.000000Z,15.97061,15.96802
2015-07-22T08:07:35.000000Z,15.97048,15.96801
2015-07-22T08:07:40.000000Z,15.97061,15.96802
2015-07-22T08:07:50.000000Z,15.97074,15.96789
2015-07-22T08:07:55.000000Z,15.97061,15.96802
2015-07-22T08:08:00.000000Z,15.97061,15.96802
2015-07-22T08:08:05.000000Z,15.97074,15.96789
2015-07-22T08:08:15.000000Z,15.97048,15.96776
2015-07-22T08:08:20.000000Z,15.97048,15.9678
2015-07-22T08:08:25.000000Z,15.96954,15.96701
2015-07-22T08:08:30.000000Z,15.96967,15.96701
2015-07-22T08:08:40.000000Z,15.96876,15.96623
2015-07-22T08:08:45.000000Z,15.96876,15.9661
2015-07-22T08:08:50.000000Z,15.96954,15.96675
2015-07-22T08:08:55.000000Z,15.96952,15.96679
2015-07-22T08:09:00.000000Z,15.96978,15.96718
2015-07-22T08:09:05.000000Z,15.96977,15.9673
2015-07-22T08:09:10.000000Z,15.97003,15.96741
2015-07-22T08:09:15.000000Z,15.96965,15.96707
2015-07-22T08:09:20.000000Z,15.96952,15.96694
2015-07-22T08:09:35.000000Z,15.96965,15.96707
2015-07-22T08:09:40.000000Z,15.96988,15.96711
2015-07-22T08:09:50.000000Z,15.96971,15.96709
2015-07-22T08:09:55.000000Z,15.96969,15.96711
2015-07-22T08:10:10.000000Z,15.96956,15.96711
2015-07-22T08:10:15.000000Z,15.96878,15.96633
2015-07-22T08:10:25.000000Z,15.96874,15.96627
2015-07-22T08:10:35.000000Z,15.96874,15.9664
2015-07-22T08:10:40.000000Z,15.96874,15.9664
2015-07-22T08:10:45.000000Z,15.96874,15.96627
2015-07-22T08:10:50.000000Z,15.96842,15.96646
2015-07-22T08:10:55.000000Z,15.96855,15.96633
2015-07-22T08:11:00.000000Z,15.96855,15.96633
2015-07-22T08:11:05.000000Z,15.96855,15.9662
2015-07-22T08:11:10.000000Z,15.96855,15.9662
2015-07-22T08:11:15.000000Z,15.96843,15.96595
2015-07-22T08:11:20.000000Z,15.96855,15.9662
2015-07-22T08:11:30.000000Z,15.9685,15.96616
2015-07-22T08:11:35.000000Z,15.96863,15.9662
2015-07-22T08:11:40.000000Z,15.96812,15.96582
2015-07-22T08:11:45.000000Z,15.96773,15.9653
2015-07-22T08:11:50.000000Z,15.96773,15.9653
2015-07-22T08:11:55.000000Z,15.9676,15.96517
2015-07-22T08:12:05.000000Z,15.96773,15.96517
2015-07-22T08:12:10.000000Z,15.96876,15.96633
2015-07-22T08:12:15.000000Z,15.96876,15.9662
2015-07-22T08:12:25.000000Z,15.96851,15.96621
2015-07-22T08:12:30.000000Z,15.96863,15.9662
2015-07-22T08:12:50.000000Z,15.96902,15.96646
2015-07-22T08:12:55.000000Z,15.96889,15.96633
2015-07-22T08:13:00.000000Z,15.96838,15.96608
2015-07-22T08:13:15.000000Z,15.96838,15.96602
2015-07-22T08:13:25.000000Z,15.96889,15.96627
2015-07-22T08:13:30.000000Z,15.96876,15.96614
2015-07-22T08:13:35.000000Z,15.9685,15.96601
2015-07-22T08:13:45.000000Z,15.96848,15.96601
2015-07-22T08:13:50.000000Z,15.9681,15.9655
2015-07-22T08:13:55.000000Z,15.96812,15.96548
2015-07-22T08:14:05.000000Z,15.96863,15.96599
2015-07-22T08:14:10.000000Z,15.96825,15.96561
2015-07-22T08:14:20.000000Z,15.96825,15.96548
2015-07-22T08:14:25.000000Z,15.96863,15.96599
2015-07-22T08:14:30.000000Z,15.96902,15.96638
2015-07-22T08:14:35.000000Z,15.96898,15.96642
2015-07-22T08:14:40.000000Z,15.96885,15.96629
2015-07-22T08:14:45.000000Z,15.96847,15.96591
2015-07-22T08:14:50.000000Z,15.96821,15.96565
2015-07-22T08:14:55.000000Z,15.96808,15.96578
2015-07-22T08:15:05.000000Z,15.96859,15.96603
2015-07-22T08:15:10.000000Z,15.96872,15.96642
2015-07-22T08:15:15.000000Z,15.96872,15.96629
2015-07-22T08:15:20.000000Z,15.96872,15.96629
2015-07-22T08:15:25.000000Z,15.96846,15.96616
2015-07-22T08:15:30.000000Z,15.96834,15.96604
2015-07-22T08:15:35.000000Z,15.96846,15.96603
2015-07-22T08:15:40.000000Z,15.96833,15.96616
2015-07-22T08:15:45.000000Z,15.96885,15.96629
2015-07-22T08:15:55.000000Z,15.96898,15.96629
2015-07-22T08:16:00.000000Z,15.96885,15.96642
2015-07-22T08:16:05.000000Z,15.96898,15.96655
2015-07-22T08:16:10.000000Z,15.96911,15.96642
2015-07-22T08:16:15.000000Z,15.96911,15.96655
2015-07-22T08:16:20.000000Z,15.96911,15.96668
2015-07-22T08:16:25.000000Z,15.96911,15.96655
2015-07-22T08:16:35.000000Z,15.9704,15.96771
2015-07-22T08:16:40.000000Z,15.97068,15.96795
2015-07-22T08:16:45.000000Z,15.97029,15.96756
2015-07-22T08:16:50.000000Z,15.97029,15.96756
2015-07-22T08:16:55.000000Z,15.9699,15.9673
2015-07-22T08:17:00.000000Z,15.96978,15.96705
2015-07-22T08:17:05.000000Z,15.97042,15.96756
2015-07-22T08:17:10.000000Z,15.97094,15.96847
2015-07-22T08:17:15.000000Z,15.97068,15.96808
2015-07-22T08:17:20.000000Z,15.97094,15.96834
2015-07-22T08:17:25.000000Z,15.97132,15.96885
2015-07-22T08:17:30.000000Z,15.97132,15.96872
2015-07-22T08:17:35.000000Z,15.97158,15.96898
2015-07-22T08:18:00.000000Z,15.97107,15.96834
2015-07-22T08:18:05.000000Z,15.97107,15.96834
2015-07-22T08:18:10.000000Z,15.97107,15.96834
2015-07-22T08:18:15.000000Z,15.97171,15.96898
2015-07-22T08:18:20.000000Z,15.97158,15.96885
2015-07-22T08:18:25.000000Z,15.97171,15.96924
2015-07-22T08:18:30.000000Z,15.97081,15.96821
2015-07-22T08:18:35.000000Z,15.97094,15.96834
2015-07-22T08:18:40.000000Z,15.9721,15.96963
2015-07-22T08:18:45.000000Z,15.97223,15.96989
2015-07-22T08:18:50.000000Z,15.97287,15.97027
2015-07-22T08:18:55.000000Z,15.97184,15.96898
2015-07-22T08:19:00.000000Z,15.97223,15.9695
2015-07-22T08:19:05.000000Z,15.97223,15.96937
2015-07-22T08:19:15.000000Z,15.97223,15.9695
2015-07-22T08:19:20.000000Z,15.9721,15.96963
2015-07-22T08:19:25.000000Z,15.97248,15.97001
2015-07-22T08:19:30.000000Z,15.97223,15.9695
2015-07-22T08:19:35.000000Z,15.97197,15.96963
2015-07-22T08:19:40.000000Z,15.97236,15.9695
2015-07-22T08:19:45.000000Z,15.97223,15.9695
2015-07-22T08:19:50.000000Z,15.97236,15.96976
2015-07-22T08:20:00.000000Z,15.97236,15.96976
2015-07-22T08:20:05.000000Z,15.97248,15.97014
2015-07-22T08:20:15.000000Z,15.97236,15.96989
2015-07-22T08:20:25.000000Z,15.97197,15.96976
2015-07-22T08:20:30.000000Z,15.97223,15.96976
2015-07-22T08:20:35.000000Z,15.97158,15.96898
2015-07-22T08:20:40.000000Z,15.97158,15.96898
2015-07-22T08:21:15.000000Z,15.97158,15.96898
2015-07-22T08:21:20.000000Z,15.97158,15.96911
2015-07-22T08:21:25.000000Z,15.97158,15.96911
2015-07-22T08:21:30.000000Z,15.97158,15.96911
2015-07-22T08:21:55.000000Z,15.97197,15.96937
2015-07-22T08:22:00.000000Z,15.9721,15.96924
2015-07-22T08:22:05.000000Z,15.9721,15.96937
2015-07-22T08:22:10.000000Z,15.97223,15.96963
2015-07-22T08:22:25.000000Z,15.97197,15.96924
2015-07-22T08:22:40.000000Z,15.97145,15.96885
2015-07-22T08:22:45.000000Z,15.97184,15.96924
2015-07-22T08:22:55.000000Z,15.97171,15.96898
2015-07-22T08:23:00.000000Z,15.97171,15.96911
2015-07-22T08:23:05.000000Z,15.97197,15.96937
2015-07-22T08:23:10.000000Z,15.97158,15.96898
2015-07-22T08:23:15.000000Z,15.97107,15.96847
2015-07-22T08:23:25.000000Z,15.97068,15.96808
2015-07-22T08:23:30.000000Z,15.97003,15.96756
2015-07-22T08:23:35.000000Z,15.97016,15.96756
2015-07-22T08:23:45.000000Z,15.97029,15.96756
2015-07-22T08:23:55.000000Z,15.97029,15.96743
2015-07-22T08:24:00.000000Z,15.96978,15.96705
2015-07-22T08:24:05.000000Z,15.96952,15.96705
2015-07-22T08:24:10.000000Z,15.97029,15.96756
2015-07-22T08:24:15.000000Z,15.97029,15.96756
2015-07-22T08:24:20.000000Z,15.97029,15.96769
2015-07-22T08:24:25.000000Z,15.97042,15.96769
2015-07-22T08:24:30.000000Z,15.97029,15.96769
2015-07-22T08:24:35.000000Z,15.96952,15.96705
2015-07-22T08:24:40.000000Z,15.96965,15.96718
2015-07-22T08:24:50.000000Z,15.96978,15.96718
2015-07-22T08:24:55.000000Z,15.97003,15.9673
2015-07-22T08:25:00.000000Z,15.97003,15.9673
2015-07-22T08:25:05.000000Z,15.97003,15.96743
2015-07-22T08:25:10.000000Z,15.9699,15.96717
2015-07-22T08:25:15.000000Z,15.96978,15.96718
2015-07-22T08:25:20.000000Z,15.97003,15.96743
2015-07-22T08:25:25.000000Z,15.97029,15.96782
2015-07-22T08:25:30.000000Z,15.96952,15.96705
2015-07-22T08:25:35.000000Z,15.96887,15.96614
2015-07-22T08:25:40.000000Z,15.97016,15.96756
2015-07-22T08:25:45.000000Z,15.97068,15.96821
2015-07-22T08:25:50.000000Z,15.97064,15.96795
2015-07-22T08:25:55.000000Z,15.97103,15.96821
2015-07-22T08:26:00.000000Z,15.97103,15.96834
2015-07-22T08:26:15.000000Z,15.97077,15.96821
2015-07-22T08:26:20.000000Z,15.97154,15.96898
2015-07-22T08:26:25.000000Z,15.97154,15.96885
2015-07-22T08:26:30.000000Z,15.97154,15.96898
2015-07-22T08:26:35.000000Z,15.97064,15.96821
2015-07-22T08:26:40.000000Z,15.97064,15.96821
2015-07-22T08:26:45.000000Z,15.97115,15.96859
2015-07-22T08:26:50.000000Z,15.97102,15.96846
2015-07-22T08:26:55.000000Z,15.97064,15.96821
2015-07-22T08:27:00.000000Z,15.97103,15.96834
2015-07-22T08:27:05.000000Z,15.97167,15.96898
2015-07-22T08:27:10.000000Z,15.97115,15.96846
2015-07-22T08:27:15.000000Z,15.97064,15.96821
2015-07-22T08:27:20.000000Z,15.97064,15.96795
2015-07-22T08:27:40.000000Z,15.97077,15.96795
2015-07-22T08:27:45.000000Z,15.96961,15.96692
2015-07-22T08:27:50.000000Z,15.96961,15.96705
2015-07-22T08:28:00.000000Z,15.96999,15.9673
2015-07-22T08:28:05.000000Z,15.97012,15.96756
2015-07-22T08:28:10.000000Z,15.96986,15.9673
2015-07-22T08:28:15.000000Z,15.96999,15.96717
2015-07-22T08:28:20.000000Z,15.96986,15.9673
2015-07-22T08:28:25.000000Z,15.96961,15.96705
2015-07-22T08:28:30.000000Z,15.96909,15.9664
2015-07-22T08:28:35.000000Z,15.9687,15.96601
2015-07-22T08:28:40.000000Z,15.96844,15.96588
2015-07-22T08:28:50.000000Z,15.96883,15.96627
2015-07-22T08:28:55.000000Z,15.96896,15.96627
2015-07-22T08:29:00.000000Z,15.9687,15.96614
2015-07-22T08:29:05.000000Z,15.96883,15.96653
2015-07-22T08:29:10.000000Z,15.96896,15.96653
2015-07-22T08:29:20.000000Z,15.96819,15.96563
2015-07-22T08:29:25.000000Z,15.96844,15.96588
2015-07-22T08:29:30.000000Z,15.96973,15.96717
2015-07-22T08:29:55.000000Z,15.96922,15.96666
2015-07-22T08:30:00.000000Z,15.9687,15.96627
2015-07-22T08:30:05.000000Z,15.96966,15.96676
2015-07-22T08:30:10.000000Z,15.96941,15.96689
2015-07-22T08:30:15.000000Z,15.96954,15.96676
2015-07-22T08:30:20.000000Z,15.96876,15.96624
2015-07-22T08:30:25.000000Z,15.96954,15.96676
2015-07-22T08:30:30.000000Z,15.96966,15.96676
2015-07-22T08:30:35.000000Z,15.96876,15.96637
2015-07-22T08:30:40.000000Z,15.96954,15.96702
2015-07-22T08:30:45.000000Z,15.96993,15.96741
2015-07-22T08:30:50.000000Z,15.96993,15.96741
2015-07-22T08:31:00.000000Z,15.96984,15.9672
2015-07-22T08:31:05.000000Z,15.96982,15.9672
2015-07-22T08:31:10.000000Z,15.96855,15.96587
2015-07-22T08:31:20.000000Z,15.96891,15.96614
2015-07-22T08:31:25.000000Z,15.96749,15.96498
2015-07-22T08:31:30.000000Z,15.96865,15.96601
2015-07-22T08:31:35.000000Z,15.96864,15.96578
2015-07-22T08:31:40.000000Z,15.96825,15.96552
2015-07-22T08:31:45.000000Z,15.96889,15.96616
2015-07-22T08:31:50.000000Z,15.97044,15.96758
2015-07-22T08:31:55.000000Z,15.97147,15.96887
2015-07-22T08:32:00.000000Z,15.97263,15.9699
2015-07-22T08:32:05.000000Z,15.97264,15.96978
2015-07-22T08:32:10.000000Z,15.9725,15.97003
2015-07-22T08:32:15.000000Z,15.97238,15.97004
2015-07-22T08:32:20.000000Z,15.97396,15.97128
2015-07-22T08:32:25.000000Z,15.97409,15.97128
2015-07-22T08:32:30.000000Z,15.97396,15.97128
2015-07-22T08:32:35.000000Z,15.97397,15.97103
2015-07-22T08:32:40.000000Z,15.97319,15.97077
2015-07-22T08:32:45.000000Z,15.97332,15.97077
2015-07-22T08:33:00.000000Z,15.97293,15.97025
2015-07-22T08:33:05.000000Z,15.97293,15.97012
2015-07-22T08:33:10.000000Z,15.97358,15.9709
2015-07-22T08:33:15.000000Z,15.97396,15.97128
2015-07-22T08:33:20.000000Z,15.97394,15.9713
2015-07-22T08:33:30.000000Z,15.97407,15.97143
2015-07-22T08:33:35.000000Z,15.97446,15.97195
2015-07-22T08:33:40.000000Z,15.9742,15.97156
2015-07-22T08:33:45.000000Z,15.97394,15.9713
2015-07-22T08:33:50.000000Z,15.9742,15.97156
2015-07-22T08:34:05.000000Z,15.97472,15.97182
2015-07-22T08:34:15.000000Z,15.97511,15.97247
2015-07-22T08:34:20.000000Z,15.97601,15.97337
2015-07-22T08:34:25.000000Z,15.97536,15.97285
2015-07-22T08:34:30.000000Z,15.97575,15.97324
2015-07-22T08:34:35.000000Z,15.97575,15.97324
2015-07-22T08:34:40.000000Z,15.97652,15.97414
2015-07-22T08:34:45.000000Z,15.9773,15.97466
2015-07-22T08:34:50.000000Z,15.97743,15.97466
2015-07-22T08:34:55.000000Z,15.97665,15.97401
2015-07-22T08:35:00.000000Z,15.97777,15.97513
2015-07-22T08:35:05.000000Z,15.97782,15.97526
2015-07-22T08:35:10.000000Z,15.97769,15.97487
2015-07-22T08:35:15.000000Z,15.97756,15.975
2015-07-22T08:35:20.000000Z,15.97764,15.97485
2015-07-22T08:35:25.000000Z,15.97764,15.97485
2015-07-22T08:35:30.000000Z,15.97687,15.97434
2015-07-22T08:35:35.000000Z,15.97738,15.97459
2015-07-22T08:35:50.000000Z,15.97648,15.97369
2015-07-22T08:35:55.000000Z,15.97622,15.97331
2015-07-22T08:36:00.000000Z,15.97635,15.97331
2015-07-22T08:36:05.000000Z,15.97584,15.97305
2015-07-22T08:36:10.000000Z,15.9757,15.97279
2015-07-22T08:36:15.000000Z,15.97555,15.97253
2015-07-22T08:36:20.000000Z,15.97401,15.97099
2015-07-22T08:36:35.000000Z,15.97358,15.97087
2015-07-22T08:36:40.000000Z,15.97371,15.971
2015-07-22T08:36:45.000000Z,15.97474,15.97216
2015-07-22T08:36:50.000000Z,15.97474,15.97229
2015-07-22T08:36:55.000000Z,15.97472,15.97231
2015-07-22T08:37:00.000000Z,15.97446,15.97192
2015-07-22T08:37:05.000000Z,15.97459,15.97192
2015-07-22T08:37:10.000000Z,15.97435,15.97188
2015-07-22T08:37:15.000000Z,15.97426,15.97139
2015-07-22T08:37:25.000000Z,15.96704,15.96391
2015-07-22T08:37:30.000000Z,15.96859,15.96585
2015-07-22T08:37:35.000000Z,15.96949,15.96636
2015-07-22T08:37:40.000000Z,15.96885,15.96572
2015-07-22T08:37:45.000000Z,15.96923,15.96623
2015-07-22T08:37:50.000000Z,15.96917,15.96633
2015-07-22T08:37:55.000000Z,15.9693,15.96646
2015-07-22T08:38:00.000000Z,15.96917,15.96646
2015-07-22T08:38:10.000000Z,15.96915,15.9664
2015-07-22T08:38:15.000000Z,15.96915,15.9664
2015-07-22T08:38:20.000000Z,15.96954,15.96691
2015-07-22T08:38:30.000000Z,15.9698,15.96756
2015-07-22T08:38:35.000000Z,15.97083,15.96846
2015-07-22T08:38:40.000000Z,15.97044,15.96781
2015-07-22T08:38:45.000000Z,15.97083,15.9682
2015-07-22T08:38:50.000000Z,15.97083,15.96808
2015-07-22T08:38:55.000000Z,15.9707,15.96807
2015-07-22T08:39:00.000000Z,15.97135,15.96872
2015-07-22T08:39:05.000000Z,15.9716,15.9691
2015-07-22T08:39:20.000000Z,15.97186,15.96911
2015-07-22T08:39:25.000000Z,15.97135,15.96898
2015-07-22T08:39:30.000000Z,15.97122,15.96872
2015-07-22T08:39:35.000000Z,15.97057,15.96794
2015-07-22T08:39:40.000000Z,15.97122,15.96872
2015-07-22T08:39:45.000000Z,15.97135,15.96898
2015-07-22T08:39:50.000000Z,15.97109,15.96859
2015-07-22T08:40:00.000000Z,15.97135,15.96885
2015-07-22T08:40:05.000000Z,15.97135,15.96898
2015-07-22T08:40:10.000000Z,15.97109,15.96859
2015-07-22T08:40:15.000000Z,15.97044,15.96781
2015-07-22T08:40:35.000000Z,15.9716,15.96885
2015-07-22T08:40:40.000000Z,15.9716,15.96897
2015-07-22T08:40:45.000000Z,15.97135,15.96872
2015-07-22T08:40:50.000000Z,15.9716,15.96897
2015-07-22T08:40:55.000000Z,15.97212,15.96962
2015-07-22T08:41:00.000000Z,15.97212,15.96949
2015-07-22T08:41:05.000000Z,15.97212,15.96962
2015-07-22T08:41:10.000000Z,15.97212,15.96962
2015-07-22T08:41:15.000000Z,15.97186,15.96923
2015-07-22T08:41:20.000000Z,15.97109,15.96846
2015-07-22T08:41:30.000000Z,15.9707,15.96807
2015-07-22T08:41:40.000000Z,15.9707,15.96795
2015-07-22T08:41:45.000000Z,15.9707,15.96807
2015-07-22T08:42:00.000000Z,15.9707,15.96795
2015-07-22T08:42:10.000000Z,15.97083,15.9682
2015-07-22T08:42:15.000000Z,15.9707,15.9682
2015-07-22T08:42:30.000000Z,15.97031,15.96781
2015-07-22T08:42:35.000000Z,15.97031,15.96794
2015-07-22T08:42:40.000000Z,15.9698,15.9673
2015-07-22T08:42:45.000000Z,15.9698,15.96756
2015-07-22T08:42:50.000000Z,15.97031,15.96781
2015-07-22T08:42:55.000000Z,15.97044,15.96794
2015-07-22T08:43:00.000000Z,15.97044,15.96807
2015-07-22T08:43:05.000000Z,15.97006,15.96756
2015-07-22T08:43:10.000000Z,15.97044,15.96807
2015-07-22T08:43:20.000000Z,15.97057,15.96794
2015-07-22T08:43:30.000000Z,15.97057,15.96794
2015-07-22T08:43:40.000000Z,15.97083,15.9682
2015-07-22T08:43:45.000000Z,15.97031,15.96794
2015-07-22T08:43:50.000000Z,15.9707,15.96807
2015-07-22T08:44:00.000000Z,15.97044,15.96781
2015-07-22T08:44:05.000000Z,15.97044,15.96807
2015-07-22T08:44:15.000000Z,15.97046,15.96792
2015-07-22T08:44:20.000000Z,15.97059,15.96805
2015-07-22T08:44:25.000000Z,15.97059,15.96792
2015-07-22T08:44:30.000000Z,15.97072,15.96818
2015-07-22T08:44:35.000000Z,15.97098,15.96818
2015-07-22T08:44:45.000000Z,15.97096,15.96833
2015-07-22T08:44:55.000000Z,15.97083,15.96833
2015-07-22T08:45:00.000000Z,15.97096,15.96833
2015-07-22T08:45:05.000000Z,15.97186,15.96962
2015-07-22T08:45:15.000000Z,15.97264,15.97014
2015-07-22T08:45:25.000000Z,15.97264,15.97027
2015-07-22T08:45:30.000000Z,15.97268,15.97012
2015-07-22T08:45:35.000000Z,15.97281,15.97025
2015-07-22T08:45:40.000000Z,15.97293,15.97037
2015-07-22T08:45:55.000000Z,15.97268,15.96999
2015-07-22T08:46:00.000000Z,15.97216,15.96947
2015-07-22T08:46:05.000000Z,15.9719,15.96909
2015-07-22T08:46:10.000000Z,15.97151,15.969
2015-07-22T08:46:15.000000Z,15.97191,15.96915
2015-07-22T08:46:20.000000Z,15.97217,15.96941
2015-07-22T08:46:25.000000Z,15.9723,15.96954
2015-07-22T08:46:30.000000Z,15.97196,15.96905
2015-07-22T08:46:40.000000Z,15.97207,15.96935
2015-07-22T08:46:45.000000Z,15.97194,15.96935
2015-07-22T08:46:50.000000Z,15.9722,15.96948
2015-07-22T08:46:55.000000Z,15.9722,15.9695
2015-07-22T08:47:00.000000Z,15.97147,15.96921
2015-07-22T08:47:10.000000Z,15.9716,15.96895
2015-07-22T08:47:20.000000Z,15.97147,15.96908
2015-07-22T08:47:25.000000Z,15.97147,15.96895
2015-07-22T08:47:30.000000Z,15.97201,15.96936
2015-07-22T08:47:35.000000Z,15.97184,15.96934
2015-07-22T08:47:40.000000Z,15.97145,15.96921
2015-07-22T08:47:45.000000Z,15.973,15.9705
2015-07-22T08:47:50.000000Z,15.97313,15.97063
2015-07-22T08:47:55.000000Z,15.973,15.97037
2015-07-22T08:48:00.000000Z,15.97326,15.97063
2015-07-22T08:48:05.000000Z,15.97287,15.97037
2015-07-22T08:48:10.000000Z,15.97313,15.97063
2015-07-22T08:48:15.000000Z,15.97315,15.97063
2015-07-22T08:48:30.000000Z,15.97276,15.97024
2015-07-22T08:48:35.000000Z,15.97315,15.9705
2015-07-22T08:48:40.000000Z,15.97302,15.9705
2015-07-22T08:48:55.000000Z,15.97302,15.9705
2015-07-22T08:49:00.000000Z,15.97328,15.97063
2015-07-22T08:49:05.000000Z,15.97289,15.9705
2015-07-22T08:49:10.000000Z,15.97302,15.97037
2015-07-22T08:49:15.000000Z,15.97289,15.9705
2015-07-22T08:49:20.000000Z,15.97302,15.97076
2015-07-22T08:49:30.000000Z,15.97238,15.96986
2015-07-22T08:49:35.000000Z,15.97251,15.96986
2015-07-22T08:49:40.000000Z,15.97251,15.96986
2015-07-22T08:49:45.000000Z,15.97212,15.9696
2015-07-22T08:49:50.000000Z,15.97199,15.9696
2015-07-22T08:49:55.000000Z,15.97212,15.96986
2015-07-22T08:50:00.000000Z,15.97212,15.96973
2015-07-22T08:50:05.000000Z,15.97212,15.96973
2015-07-22T08:50:10.000000Z,15.97212,15.96973
2015-07-22T08:50:15.000000Z,15.97212,15.9696
2015-07-22T08:50:20.000000Z,15.97251,15.96999
2015-07-22T08:50:25.000000Z,15.97212,15.9696
2015-07-22T08:50:40.000000Z,15.97214,15.96954
2015-07-22T08:50:45.000000Z,15.97175,15.96915
2015-07-22T08:50:50.000000Z,15.97214,15.96941
2015-07-22T08:51:00.000000Z,15.97214,15.96941
2015-07-22T08:51:10.000000Z,15.97265,15.97031
2015-07-22T08:51:15.000000Z,15.9724,15.97006
2015-07-22T08:51:20.000000Z,15.97265,15.97031
2015-07-22T08:51:40.000000Z,15.97265,15.97018
2015-07-22T08:51:45.000000Z,15.9724,15.96967
2015-07-22T08:51:50.000000Z,15.97253,15.97006
2015-07-22T08:51:55.000000Z,15.97227,15.96954
2015-07-22T08:52:00.000000Z,15.97253,15.9698
2015-07-22T08:52:10.000000Z,15.9724,15.96967
2015-07-22T08:52:15.000000Z,15.9724,15.96967
2015-07-22T08:52:25.000000Z,15.9724,15.96954
2015-07-22T08:52:30.000000Z,15.97265,15.97005
2015-07-22T08:52:35.000000Z,15.97227,15.96967
2015-07-22T08:52:40.000000Z,15.97188,15.96928
2015-07-22T08:52:45.000000Z,15.97188,15.96928
2015-07-22T08:52:50.000000Z,15.97162,15.96889
2015-07-22T08:53:05.000000Z,15.97124,15.96864
2015-07-22T08:53:10.000000Z,15.97046,15.96799
2015-07-22T08:53:15.000000Z,15.97046,15.96773
2015-07-22T08:53:20.000000Z,15.97033,15.96786
2015-07-22T08:53:25.000000Z,15.97007,15.96747
2015-07-22T08:53:30.000000Z,15.97033,15.9676
2015-07-22T08:53:35.000000Z,15.97059,15.96786
2015-07-22T08:53:45.000000Z,15.96904,15.96657
2015-07-22T08:53:50.000000Z,15.96904,15.96618
2015-07-22T08:53:55.000000Z,15.96904,15.96618
2015-07-22T08:54:00.000000Z,15.96853,15.96606
2015-07-22T08:54:05.000000Z,15.96866,15.96593
2015-07-22T08:54:10.000000Z,15.96762,15.96476
2015-07-22T08:54:15.000000Z,15.96698,15.96438
2015-07-22T08:54:20.000000Z,15.96711,15.96438
2015-07-22T08:54:25.000000Z,15.96737,15.96477
2015-07-22T08:54:30.000000Z,15.96646,15.96399
2015-07-22T08:54:35.000000Z,15.96659,15.96386
2015-07-22T08:54:40.000000Z,15.96672,15.96386
2015-07-22T08:54:50.000000Z,15.96672,15.96386
2015-07-22T08:55:00.000000Z,15.9653,15.96257
2015-07-22T08:55:05.000000Z,15.96556,15.96283
2015-07-22T08:55:10.000000Z,15.96569,15.96309
2015-07-22T08:55:25.000000Z,15.96608,15.96335
2015-07-22T08:55:30.000000Z,15.96646,15.96386
2015-07-22T08:55:35.000000Z,15.96608,15.96335
2015-07-22T08:55:40.000000Z,15.96569,15.96322
2015-07-22T08:55:45.000000Z,15.96633,15.96373
2015-07-22T08:55:50.000000Z,15.96479,15.96206
2015-07-22T08:56:00.000000Z,15.96479,15.96206
2015-07-22T08:56:05.000000Z,15.96479,15.96193
2015-07-22T08:56:10.000000Z,15.96478,15.96218
2015-07-22T08:56:15.000000Z,15.96479,15.96206
2015-07-22T08:56:20.000000Z,15.96466,15.96206
2015-07-22T08:56:25.000000Z,15.96466,15.96206
2015-07-22T08:56:35.000000Z,15.9653,15.96283
2015-07-22T08:56:40.000000Z,15.96595,15.96335
2015-07-22T08:56:45.000000Z,15.96569,15.96283
2015-07-22T08:56:50.000000Z,15.96595,15.96322
2015-07-22T08:56:55.000000Z,15.96595,15.96335
2015-07-22T08:57:00.000000Z,15.96595,15.96322
2015-07-22T08:57:15.000000Z,15.96608,15.96335
2015-07-22T08:57:20.000000Z,15.96633,15.96386
2015-07-22T08:57:25.000000Z,15.96659,15.96399
2015-07-22T08:57:30.000000Z,15.96646,15.96399
2015-07-22T08:57:35.000000Z,15.96659,15.96412
2015-07-22T08:57:40.000000Z,15.96672,15.96412
2015-07-22T08:57:45.000000Z,15.96672,15.96412
2015-07-22T08:57:55.000000Z,15.96672,15.96425
2015-07-22T08:58:00.000000Z,15.96698,15.96438
2015-07-22T08:58:20.000000Z,15.96698,15.9644
2015-07-22T08:58:30.000000Z,15.96698,15.96453
2015-07-22T08:58:40.000000Z,15.96788,15.9653
2015-07-22T08:58:45.000000Z,15.96788,15.96543
2015-07-22T08:58:50.000000Z,15.96801,15.9653
2015-07-22T08:59:15.000000Z,15.96866,15.96608
2015-07-22T08:59:25.000000Z,15.96866,15.96595
2015-07-22T08:59:30.000000Z,15.96775,15.96504
2015-07-22T08:59:35.000000Z,15.96788,15.96504
2015-07-22T08:59:40.000000Z,15.96788,15.96517
2015-07-22T08:59:45.000000Z,15.96788,15.96504
2015-07-22T08:59:50.000000Z,15.96788,15.96517
2015-07-22T08:59:55.000000Z,15.96788,15.9653
2015-07-22T09:00:05.000000Z,15.96866,15.96595
2015-07-22T09:00:10.000000Z,15.96881,15.96608
2015-07-22T09:00:15.000000Z,15.96853,15.96595
2015-07-22T09:00:25.000000Z,15.96788,15.96517
2015-07-22T09:00:30.000000Z,15.96788,15.96517
2015-07-22T09:00:35.000000Z,15.96762,15.96491
2015-07-22T09:00:40.000000Z,15.96797,15.96556
2015-07-22T09:00:55.000000Z,15.96797,15.96554
2015-07-22T09:01:00.000000Z,15.96758,15.96528
2015-07-22T09:01:05.000000Z,15.96758,15.96515
2015-07-22T09:01:10.000000Z,15.96797,15.96554
2015-07-22T09:01:15.000000Z,15.96771,15.96541
2015-07-22T09:01:20.000000Z,15.96771,15.96528
2015-07-22T09:01:35.000000Z,15.96784,15.96502
2015-07-22T09:01:40.000000Z,15.9681,15.96554
2015-07-22T09:01:45.000000Z,15.96836,15.96554
2015-07-22T09:01:50.000000Z,15.96874,15.96631
2015-07-22T09:02:00.000000Z,15.96836,15.96593
2015-07-22T09:02:05.000000Z,15.96836,15.9658
2015-07-22T09:02:10.000000Z,15.96861,15.96618
2015-07-22T09:02:30.000000Z,15.96874,15.96605
2015-07-22T09:02:35.000000Z,15.96913,15.96631
2015-07-22T09:02:40.000000Z,15.96913,15.96631
2015-07-22T09:02:45.000000Z,15.96874,15.96618
2015-07-22T09:02:50.000000Z,15.969,15.96618
2015-07-22T09:02:55.000000Z,15.96821,15.96542
2015-07-22T09:03:00.000000Z,15.96834,15.96542
2015-07-22T09:03:10.000000Z,15.96846,15.9658
2015-07-22T09:03:15.000000Z,15.96808,15.96529
2015-07-22T09:03:20.000000Z,15.96808,15.96529
2015-07-22T09:03:25.000000Z,15.96769,15.96484
2015-07-22T09:03:30.000000Z,15.96773,15.96495
2015-07-22T09:03:35.000000Z,15.96554,15.96263
2015-07-22T09:03:40.000000Z,15.96599,15.9632
2015-07-22T09:03:45.000000Z,15.96619,15.9635
2015-07-22T09:03:55.000000Z,15.96645,15.96376
2015-07-22T09:04:05.000000Z,15.96666,15.9638
2015-07-22T09:04:15.000000Z,15.96653,15.9638
2015-07-22T09:04:20.000000Z,15.96655,15.96378
2015-07-22T09:04:25.000000Z,15.96659,15.9638
2015-07-22T09:04:30.000000Z,15.96655,15.96378
2015-07-22T09:04:50.000000Z,15.96655,15.96391
2015-07-22T09:05:00.000000Z,15.96706,15.96455
2015-07-22T09:05:05.000000Z,15.96745,15.96468
2015-07-22T09:05:10.000000Z,15.96732,15.96481
2015-07-22T09:05:20.000000Z,15.96732,15.96481
2015-07-22T09:05:25.000000Z,15.96745,15.96494
2015-07-22T09:05:30.000000Z,15.96751,15.96496
2015-07-22T09:05:40.000000Z,15.96747,15.96494
2015-07-22T09:05:55.000000Z,15.96725,15.9647
2015-07-22T09:06:05.000000Z,15.96635,15.96354
2015-07-22T09:06:15.000000Z,15.96597,15.96316
2015-07-22T09:06:20.000000Z,15.96648,15.96354
2015-07-22T09:06:25.000000Z,15.96687,15.96419
2015-07-22T09:06:35.000000Z,15.96661,15.9638
2015-07-22T09:06:40.000000Z,15.96683,15.96402
2015-07-22T09:06:45.000000Z,15.96683,15.96389
2015-07-22T09:06:50.000000Z,15.96683,15.96441
2015-07-22T09:06:55.000000Z,15.96683,15.96402
2015-07-22T09:07:00.000000Z,15.96657,15.96363
2015-07-22T09:07:05.000000Z,15.96605,15.96337
2015-07-22T09:07:10.000000Z,15.96644,15.96363
2015-07-22T09:07:15.000000Z,15.96644,15.9635
2015-07-22T09:07:20.000000Z,15.96605,15.96337
2015-07-22T09:07:30.000000Z,15.96631,15.9635
2015-07-22T09:07:35.000000Z,15.96704,15.96442
2015-07-22T09:07:40.000000Z,15.96756,15.96481
2015-07-22T09:07:45.000000Z,15.96769,15.96507
2015-07-22T09:07:50.000000Z,15.9673,15.96468
2015-07-22T09:07:55.000000Z,15.96705,15.96417
2015-07-22T09:08:00.000000Z,15.96666,15.96404
2015-07-22T09:08:05.000000Z,15.96705,15.9643
2015-07-22T09:08:10.000000Z,15.96756,15.96494
2015-07-22T09:08:15.000000Z,15.96704,15.96468
2015-07-22T09:08:20.000000Z,15.96717,15.96468
2015-07-22T09:08:25.000000Z,15.96705,15.96417
2015-07-22T09:08:30.000000Z,15.96666,15.96404
2015-07-22T09:08:35.000000Z,15.9673,15.96455
2015-07-22T09:08:40.000000Z,15.96756,15.96507
2015-07-22T09:08:50.000000Z,15.96756,15.96494
2015-07-22T09:08:55.000000Z,15.96756,15.96498
2015-07-22T09:09:00.000000Z,15.96769,15.96505
2015-07-22T09:09:05.000000Z,15.96769,15.96505
2015-07-22T09:09:10.000000Z,15.96717,15.96453
2015-07-22T09:09:20.000000Z,15.96756,15.96492
2015-07-22T09:09:25.000000Z,15.96743,15.96479
2015-07-22T09:09:30.000000Z,15.96743,15.96479
2015-07-22T09:09:35.000000Z,15.96743,15.96466
2015-07-22T09:09:40.000000Z,15.96743,15.96468
2015-07-22T09:09:45.000000Z,15.96705,15.9643
2015-07-22T09:09:50.000000Z,15.96704,15.96442
2015-07-22T09:09:55.000000Z,15.96743,15.96481
2015-07-22T09:10:00.000000Z,15.96749,15.96481
2015-07-22T09:10:05.000000Z,15.96762,15.9652
2015-07-22T09:10:20.000000Z,15.96736,15.96481
2015-07-22T09:10:25.000000Z,15.96736,15.96481
2015-07-22T09:10:30.000000Z,15.96672,15.96404
2015-07-22T09:10:40.000000Z,15.96633,15.96391
2015-07-22T09:10:45.000000Z,15.96543,15.96288
2015-07-22T09:10:55.000000Z,15.96543,15.96288
2015-07-22T09:11:05.000000Z,15.96491,15.96223
2015-07-22T09:11:10.000000Z,15.96543,15.96275
2015-07-22T09:11:15.000000Z,15.96569,15.96301
2015-07-22T09:11:20.000000Z,15.96569,15.96312
2015-07-22T09:11:25.000000Z,15.96569,15.96286
2015-07-22T09:11:30.000000Z,15.96556,15.96324
2015-07-22T09:11:45.000000Z,15.96569,15.96327
2015-07-22T09:11:50.000000Z,15.96646,15.96391
2015-07-22T09:11:55.000000Z,15.96659,15.96378
2015-07-22T09:12:00.000000Z,15.96633,15.96378
2015-07-22T09:12:05.000000Z,15.96659,15.96404
2015-07-22T09:12:10.000000Z,15.96723,15.96481
2015-07-22T09:12:15.000000Z,15.96672,15.96404
2015-07-22T09:12:20.000000Z,15.96672,15.9643
2015-07-22T09:12:25.000000Z,15.96672,15.96443
2015-07-22T09:12:40.000000Z,15.96646,15.96391
2015-07-22T09:13:05.000000Z,15.96659,15.96404
2015-07-22T09:13:15.000000Z,15.96672,15.96391
2015-07-22T09:13:20.000000Z,15.96685,15.9643
2015-07-22T09:13:25.000000Z,15.96685,15.96443
2015-07-22T09:13:30.000000Z,15.96659,15.96404
2015-07-22T09:13:55.000000Z,15.96698,15.96417
2015-07-22T09:14:00.000000Z,15.96749,15.96481
2015-07-22T09:14:05.000000Z,15.96736,15.96468
2015-07-22T09:14:10.000000Z,15.96723,15.96481
2015-07-22T09:14:15.000000Z,15.96685,15.96443
2015-07-22T09:14:20.000000Z,15.96775,15.96494
2015-07-22T09:14:25.000000Z,15.96762,15.9652
2015-07-22T09:14:30.000000Z,15.96775,15.9652
2015-07-22T09:14:45.000000Z,15.96749,15.96507
2015-07-22T09:14:50.000000Z,15.96646,15.96404
2015-07-22T09:15:00.000000Z,15.96638,15.96389
2015-07-22T09:15:05.000000Z,15.9656,15.96324
2015-07-22T09:15:10.000000Z,15.96599,15.96324
2015-07-22T09:15:15.000000Z,15.96638,15.96376
2015-07-22T09:15:20.000000Z,15.96636,15.9638
2015-07-22T09:15:30.000000Z,15.96651,15.96402
2015-07-22T09:15:35.000000Z,15.96638,15.96389
2015-07-22T09:15:40.000000Z,15.96625,15.96337
2015-07-22T09:15:45.000000Z,15.96612,15.9635
2015-07-22T09:15:50.000000Z,15.96614,15.9635
2015-07-22T09:15:55.000000Z,15.96601,15.96363
2015-07-22T09:16:00.000000Z,15.96627,15.9635
2015-07-22T09:16:05.000000Z,15.96623,15.96348
2015-07-22T09:16:10.000000Z,15.96623,15.96335
2015-07-22T09:16:20.000000Z,15.96597,15.96322
2015-07-22T09:16:35.000000Z,15.96599,15.96313
2015-07-22T09:16:40.000000Z,15.9656,15.96313
2015-07-22T09:16:45.000000Z,15.96496,15.96236
2015-07-22T09:16:50.000000Z,15.96535,15.96262
2015-07-22T09:16:55.000000Z,15.96522,15.96262
2015-07-22T09:17:00.000000Z,15.96479,15.96232
2015-07-22T09:17:05.000000Z,15.96479,15.96245
2015-07-22T09:17:10.000000Z,15.96531,15.96258
2015-07-22T09:17:15.000000Z,15.96544,15.96271
2015-07-22T09:17:20.000000Z,15.96556,15.96296
2015-07-22T09:17:25.000000Z,15.96518,15.96258
2015-07-22T09:17:40.000000Z,15.96479,15.96232
2015-07-22T09:17:45.000000Z,15.96453,15.9618
2015-07-22T09:17:55.000000Z,15.96376,15.96116
2015-07-22T09:18:00.000000Z,15.96285,15.96051
2015-07-22T09:18:05.000000Z,15.96298,15.96025
2015-07-22T09:18:10.000000Z,15.96298,15.96025
2015-07-22T09:18:15.000000Z,15.96298,15.96012
2015-07-22T09:18:20.000000Z,15.96157,15.95871
2015-07-22T09:18:25.000000Z,15.96144,15.95871
2015-07-22T09:18:30.000000Z,15.96066,15.95806
2015-07-22T09:18:35.000000Z,15.96066,15.95793
2015-07-22T09:18:40.000000Z,15.96092,15.95845
2015-07-22T09:18:45.000000Z,15.96131,15.95845
2015-07-22T09:18:50.000000Z,15.96015,15.95755
2015-07-22T09:18:55.000000Z,15.95963,15.9569
2015-07-22T09:19:00.000000Z,15.95961,15.9569
2015-07-22T09:19:05.000000Z,15.95961,15.9569
2015-07-22T09:19:10.000000Z,15.95987,15.95703
2015-07-22T09:19:15.000000Z,15.95909,15.95638
2015-07-22T09:19:20.000000Z,15.95871,15.95613
2015-07-22T09:19:25.000000Z,15.95858,15.95613
2015-07-22T09:19:40.000000Z,15.95819,15.95574
2015-07-22T09:19:45.000000Z,15.95845,15.95587
2015-07-22T09:19:50.000000Z,15.95845,15.95587
2015-07-22T09:19:55.000000Z,15.95845,15.95587
2015-07-22T09:20:00.000000Z,15.95871,15.956
2015-07-22T09:20:05.000000Z,15.95974,15.95703
2015-07-22T09:20:10.000000Z,15.95974,15.95716
2015-07-22T09:20:15.000000Z,15.95935,15.95677
2015-07-22T09:20:20.000000Z,15.95896,15.95651
2015-07-22T09:20:25.000000Z,15.95871,15.95587
2015-07-22T09:20:30.000000Z,15.95896,15.95625
2015-07-22T09:20:35.000000Z,15.95935,15.95664
2015-07-22T09:20:40.000000Z,15.95961,15.9569
2015-07-22T09:20:45.000000Z,15.95961,15.95703
2015-07-22T09:20:55.000000Z,15.95961,15.9569
2015-07-22T09:21:00.000000Z,15.95961,15.95703
2015-07-22T09:21:05.000000Z,15.95961,15.95703
2015-07-22T09:21:10.000000Z,15.95922,15.95664
2015-07-22T09:21:15.000000Z,15.95922,15.95651
2015-07-22T09:21:25.000000Z,15.95883,15.95625
2015-07-22T09:21:30.000000Z,15.95858,15.956
2015-07-22T09:21:35.000000Z,15.95845,15.95574
2015-07-22T09:21:40.000000Z,15.95845,15.95587
2015-07-22T09:21:45.000000Z,15.95638,15.95367
2015-07-22T09:21:50.000000Z,15.95729,15.95458
2015-07-22T09:21:55.000000Z,15.95755,15.95484
2015-07-22T09:22:00.000000Z,15.95755,15.95484
2015-07-22T09:22:10.000000Z,15.95742,15.95471
2015-07-22T09:22:15.000000Z,15.95677,15.95419
2015-07-22T09:22:20.000000Z,15.95767,15.95509
2015-07-22T09:22:25.000000Z,15.95742,15.95497
2015-07-22T09:22:30.000000Z,15.95871,15.956
2015-07-22T09:22:35.000000Z,15.95877,15.95604
2015-07-22T09:22:40.000000Z,15.95915,15.95655
2015-07-22T09:22:45.000000Z,15.95877,15.95604
2015-07-22T09:22:50.000000Z,15.95838,15.95552
2015-07-22T09:22:55.000000Z,15.95799,15.95526
2015-07-22T09:23:05.000000Z,15.95696,15.95436
2015-07-22T09:23:10.000000Z,15.95722,15.95449
2015-07-22T09:23:15.000000Z,15.9575,15.95473
2015-07-22T09:23:20.000000Z,15.95769,15.95475
2015-07-22T09:23:30.000000Z,15.95694,15.95426
2015-07-22T09:23:35.000000Z,15.95708,15.95401
2015-07-22T09:23:40.000000Z,15.95656,15.95388
2015-07-22T09:23:45.000000Z,15.95707,15.95452
2015-07-22T09:23:55.000000Z,15.95649,15.954
2015-07-22T09:24:00.000000Z,15.95765,15.95503
2015-07-22T09:24:05.000000Z,15.95791,15.95529
2015-07-22T09:24:15.000000Z,15.95856,15.95581
2015-07-22T09:24:20.000000Z,15.95856,15.95594
2015-07-22T09:24:25.000000Z,15.9583,15.95542
2015-07-22T09:24:40.000000Z,15.95817,15.95555
2015-07-22T09:24:45.000000Z,15.95765,15.9549
2015-07-22T09:24:50.000000Z,15.95765,15.95488
2015-07-22T09:24:55.000000Z,15.95688,15.95411
2015-07-22T09:25:00.000000Z,15.95662,15.95424
2015-07-22T09:25:05.000000Z,15.95765,15.95501
2015-07-22T09:25:10.000000Z,15.95765,15.95501
2015-07-22T09:25:20.000000Z,15.95778,15.95514
2015-07-22T09:25:25.000000Z,15.95739,15.95475
2015-07-22T09:25:30.000000Z,15.95714,15.95424
2015-07-22T09:25:35.000000Z,15.9575,15.95488
2015-07-22T09:25:40.000000Z,15.95756,15.9549
2015-07-22T09:25:55.000000Z,15.95775,15.95509
2015-07-22T09:26:00.000000Z,15.95741,15.95473
2015-07-22T09:26:05.000000Z,15.95754,15.95473
2015-07-22T09:26:10.000000Z,15.95748,15.95469
2015-07-22T09:26:15.000000Z,15.95761,15.95495
2015-07-22T09:26:20.000000Z,15.95786,15.95507
2015-07-22T09:26:25.000000Z,15.95748,15.95469
2015-07-22T09:26:30.000000Z,15.95748,15.95469
2015-07-22T09:26:35.000000Z,15.95748,15.95456
2015-07-22T09:26:40.000000Z,15.95735,15.95456
2015-07-22T09:26:50.000000Z,15.95748,15.95482
2015-07-22T09:26:55.000000Z,15.95773,15.95507
2015-07-22T09:27:00.000000Z,15.95773,15.9552
2015-07-22T09:27:05.000000Z,15.95773,15.95507
2015-07-22T09:27:15.000000Z,15.95799,15.95533
2015-07-22T09:27:20.000000Z,15.95868,15.95594
2015-07-22T09:27:25.000000Z,15.95881,15.95594
2015-07-22T09:27:30.000000Z,15.95894,15.9562
2015-07-22T09:27:45.000000Z,15.95958,15.95671
2015-07-22T09:27:50.000000Z,15.95945,15.95671
2015-07-22T09:27:55.000000Z,15.95868,15.95632
2015-07-22T09:28:00.000000Z,15.95894,15.95633
2015-07-22T09:28:05.000000Z,15.95855,15.95619
2015-07-22T09:28:10.000000Z,15.95842,15.95568
2015-07-22T09:28:25.000000Z,15.95868,15.95594
2015-07-22T09:28:40.000000Z,15.95868,15.95607
2015-07-22T09:28:45.000000Z,15.95894,15.9562
2015-07-22T09:28:50.000000Z,15.95894,15.9562
2015-07-22T09:28:55.000000Z,15.95945,15.95684
2015-07-22T09:29:00.000000Z,15.95919,15.95645
2015-07-22T09:29:15.000000Z,15.95894,15.95607
2015-07-22T09:29:30.000000Z,15.95868,15.95594
2015-07-22T09:29:35.000000Z,15.95894,15.9562
2015-07-22T09:29:45.000000Z,15.95984,15.95723
2015-07-22T09:29:50.000000Z,15.9601,15.95736
2015-07-22T09:30:00.000000Z,15.96002,15.95736
2015-07-22T09:30:05.000000Z,15.9601,15.95736
2015-07-22T09:30:10.000000Z,15.95992,15.95746
2015-07-22T09:30:15.000000Z,15.95986,15.95746
2015-07-22T09:30:20.000000Z,15.95979,15.9572
2015-07-22T09:30:25.000000Z,15.95986,15.95723
2015-07-22T09:30:30.000000Z,15.95954,15.95673
2015-07-22T09:30:35.000000Z,15.95947,15.95673
2015-07-22T09:30:50.000000Z,15.95961,15.95712
2015-07-22T09:30:55.000000Z,15.95921,15.95647
2015-07-22T09:31:00.000000Z,15.95947,15.95673
2015-07-22T09:31:10.000000Z,15.95947,15.95673
2015-07-22T09:31:30.000000Z,15.96012,15.95751
2015-07-22T09:31:35.000000Z,15.96154,15.95893
2015-07-22T09:31:40.000000Z,15.96113,15.95817
2015-07-22T09:31:45.000000Z,15.96113,15.9583
2015-07-22T09:31:50.000000Z,15.96087,15.95817
2015-07-22T09:31:55.000000Z,15.96074,15.95804
2015-07-22T09:32:00.000000Z,15.96126,15.95856
2015-07-22T09:32:10.000000Z,15.96113,15.95817
2015-07-22T09:32:15.000000Z,15.96074,15.95791
2015-07-22T09:32:20.000000Z,15.96061,15.95778
2015-07-22T09:32:35.000000Z,15.96042,15.95785
2015-07-22T09:32:40.000000Z,15.96016,15.95746
2015-07-22T09:32:45.000000Z,15.96055,15.95785
2015-07-22T09:32:55.000000Z,15.96059,15.95785
2015-07-22T09:33:10.000000Z,15.96033,15.95759
2015-07-22T09:33:15.000000Z,15.95994,15.95707
2015-07-22T09:33:25.000000Z,15.96033,15.95733
2015-07-22T09:33:30.000000Z,15.96033,15.95746
2015-07-22T09:33:35.000000Z,15.96007,15.9572
2015-07-22T09:33:45.000000Z,15.96046,15.95759
2015-07-22T09:33:50.000000Z,15.96059,15.95772
2015-07-22T09:34:00.000000Z,15.96046,15.95759
2015-07-22T09:34:05.000000Z,15.96123,15.95823
2015-07-22T09:34:10.000000Z,15.96136,15.95875
2015-07-22T09:34:15.000000Z,15.96149,15.95862
2015-07-22T09:34:20.000000Z,15.9611,15.95836
2015-07-22T09:34:30.000000Z,15.9611,15.95823
2015-07-22T09:34:35.000000Z,15.96059,15.95785
2015-07-22T09:34:40.000000Z,15.96097,15.9581
2015-07-22T09:34:45.000000Z,15.96097,15.95836
2015-07-22T09:34:50.000000Z,15.96087,15.95817
2015-07-22T09:35:00.000000Z,15.95996,15.95726
2015-07-22T09:35:05.000000Z,15.95958,15.95675
2015-07-22T09:35:10.000000Z,15.96035,15.95752
2015-07-22T09:35:15.000000Z,15.96066,15.95782
2015-07-22T09:35:20.000000Z,15.96064,15.95772
2015-07-22T09:35:25.000000Z,15.96143,15.95866
2015-07-22T09:35:30.000000Z,15.96169,15.95892
2015-07-22T09:35:40.000000Z,15.96115,15.95836
2015-07-22T09:35:50.000000Z,15.96128,15.95836
2015-07-22T09:36:00.000000Z,15.96128,15.95836
2015-07-22T09:36:05.000000Z,15.96076,15.95797
2015-07-22T09:36:10.000000Z,15.96012,15.95733
2015-07-22T09:36:15.000000Z,15.95973,15.9572
2015-07-22T09:36:20.000000Z,15.96064,15.95772
2015-07-22T09:36:25.000000Z,15.96064,15.95785
2015-07-22T09:36:35.000000Z,15.96038,15.95772
2015-07-22T09:36:40.000000Z,15.95999,15.95733
2015-07-22T09:36:45.000000Z,15.96001,15.95739
2015-07-22T09:36:50.000000Z,15.96079,15.95804
2015-07-22T09:36:55.000000Z,15.96001,15.95739
2015-07-22T09:37:00.000000Z,15.96011,15.95741
2015-07-22T09:37:10.000000Z,15.9603,15.95788
2015-07-22T09:37:15.000000Z,15.96056,15.95775
2015-07-22T09:37:20.000000Z,15.96069,15.95775
2015-07-22T09:37:25.000000Z,15.96069,15.95787
2015-07-22T09:37:30.000000Z,15.9606,15.95768
2015-07-22T09:37:35.000000Z,15.9607,15.95781
2015-07-22T09:37:40.000000Z,15.96129,15.95865
2015-07-22T09:37:45.000000Z,15.96097,15.95831
2015-07-22T09:37:50.000000Z,15.96099,15.95835
2015-07-22T09:37:55.000000Z,15.96086,15.95832
2015-07-22T09:38:05.000000Z,15.96056,15.95805
2015-07-22T09:38:10.000000Z,15.96034,15.95796
2015-07-22T09:38:15.000000Z,15.96047,15.95809
2015-07-22T09:38:20.000000Z,15.95982,15.95744
2015-07-22T09:38:25.000000Z,15.95995,15.95757
2015-07-22T09:38:30.000000Z,15.95995,15.95757
2015-07-22T09:38:35.000000Z,15.96047,15.95783
2015-07-22T09:38:40.000000Z,15.96047,15.95783
2015-07-22T09:38:45.000000Z,15.96045,15.95783
2015-07-22T09:38:50.000000Z,15.9598,15.95757
2015-07-22T09:39:00.000000Z,15.95982,15.95755
2015-07-22T09:39:05.000000Z,15.96023,15.95772
2015-07-22T09:39:10.000000Z,15.96036,15.95785
2015-07-22T09:39:20.000000Z,15.96036,15.95772
2015-07-22T09:39:25.000000Z,15.96062,15.95798
2015-07-22T09:39:30.000000Z,15.96036,15.95772
2015-07-22T09:39:45.000000Z,15.9601,15.95759
2015-07-22T09:39:50.000000Z,15.95997,15.95759
2015-07-22T09:39:55.000000Z,15.9601,15.95759
2015-07-22T09:40:00.000000Z,15.96115,15.95858
2015-07-22T09:40:05.000000Z,15.96141,15.95858
2015-07-22T09:40:10.000000Z,15.96115,15.95858
2015-07-22T09:40:15.000000Z,15.96064,15.95807
2015-07-22T09:40:25.000000Z,15.96025,15.95755
2015-07-22T09:40:30.000000Z,15.95986,15.95716
2015-07-22T09:40:55.000000Z,15.95922,15.95678
2015-07-22T09:41:00.000000Z,15.95879,15.95613
2015-07-22T09:41:05.000000Z,15.9586,15.95603
2015-07-22T09:41:10.000000Z,15.9586,15.95603
2015-07-22T09:41:20.000000Z,15.95905,15.95624
2015-07-22T09:41:25.000000Z,15.95884,15.95603
2015-07-22T09:41:30.000000Z,15.95871,15.95603
2015-07-22T09:41:35.000000Z,15.95845,15.95577
2015-07-22T09:41:40.000000Z,15.95819,15.95538
2015-07-22T09:41:45.000000Z,15.95793,15.95525
2015-07-22T09:41:50.000000Z,15.95781,15.95528
2015-07-22T09:42:00.000000Z,15.95785,15.95502
2015-07-22T09:42:05.000000Z,15.95755,15.95476
2015-07-22T09:42:10.000000Z,15.95703,15.95437
2015-07-22T09:42:15.000000Z,15.95701,15.95433
2015-07-22T09:42:20.000000Z,15.95695,15.95418
2015-07-22T09:42:25.000000Z,15.95708,15.95444
2015-07-22T09:42:30.000000Z,15.95708,15.95431
2015-07-22T09:42:45.000000Z,15.9563,15.95366
2015-07-22T09:43:15.000000Z,15.95734,15.9547
2015-07-22T09:43:25.000000Z,15.95734,15.95457
2015-07-22T09:43:30.000000Z,15.95669,15.95418
2015-07-22T09:43:35.000000Z,15.95669,15.95405
2015-07-22T09:43:45.000000Z,15.95708,15.95444
2015-07-22T09:44:00.000000Z,15.95708,15.95444
2015-07-22T09:44:05.000000Z,15.95721,15.95457
2015-07-22T09:44:10.000000Z,15.95734,15.95444
2015-07-22T09:44:15.000000Z,15.95721,15.95457
2015-07-22T09:44:20.000000Z,15.95785,15.95534
2015-07-22T09:44:25.000000Z,15.95785,15.95521
2015-07-22T09:44:35.000000Z,15.95811,15.9556
2015-07-22T09:44:40.000000Z,15.95798,15.95534
2015-07-22T09:44:45.000000Z,15.95785,15.95534
2015-07-22T09:44:50.000000Z,15.95772,15.95521
2015-07-22T09:44:55.000000Z,15.95785,15.95521
2015-07-22T09:45:25.000000Z,15.95824,15.95547
2015-07-22T09:45:30.000000Z,15.95811,15.95534
2015-07-22T09:45:40.000000Z,15.95798,15.95534
2015-07-22T09:45:55.000000Z,15.95824,15.95573
2015-07-22T09:46:05.000000Z,15.95811,15.95547
2015-07-22T09:46:10.000000Z,15.95811,15.95534
2015-07-22T09:46:15.000000Z,15.95772,15.95508
2015-07-22T09:46:40.000000Z,15.95811,15.95547
2015-07-22T09:46:50.000000Z,15.95811,15.95543
2015-07-22T09:46:55.000000Z,15.95798,15.95517
2015-07-22T09:47:00.000000Z,15.95734,15.95479
2015-07-22T09:47:05.000000Z,15.95837,15.95595
2015-07-22T09:47:10.000000Z,15.95837,15.95582
2015-07-22T09:47:20.000000Z,15.9585,15.95569
2015-07-22T09:47:25.000000Z,15.9585,15.95582
2015-07-22T09:47:30.000000Z,15.95772,15.95491
2015-07-22T09:47:40.000000Z,15.95747,15.95479
2015-07-22T09:47:45.000000Z,15.95772,15.95491
2015-07-22T09:47:50.000000Z,15.95824,15.95543
2015-07-22T09:47:55.000000Z,15.95826,15.95541
2015-07-22T09:48:00.000000Z,15.95826,15.95541
2015-07-22T09:48:05.000000Z,15.95813,15.95526
2015-07-22T09:48:10.000000Z,15.958,15.95513
2015-07-22T09:48:20.000000Z,15.95942,15.95642
2015-07-22T09:48:25.000000Z,15.95929,15.95655
2015-07-22T09:48:35.000000Z,15.95903,15.95629
2015-07-22T09:48:40.000000Z,15.95916,15.95629
2015-07-22T09:48:55.000000Z,15.95936,15.95672
2015-07-22T09:49:00.000000Z,15.96044,15.95753
2015-07-22T09:49:05.000000Z,15.95954,15.95663
2015-07-22T09:49:10.000000Z,15.95941,15.95673
2015-07-22T09:49:20.000000Z,15.95935,15.95673
2015-07-22T09:49:30.000000Z,15.95943,15.95673
2015-07-22T09:49:50.000000Z,15.95939,15.95671
2015-07-22T09:49:55.000000Z,15.95978,15.9571
2015-07-22T09:50:00.000000Z,15.96016,15.95761
2015-07-22T09:50:05.000000Z,15.96029,15.95748
