time,closeAsk,closeBid,volume
2015-08-11T18:07:05.000000Z,9.5703125,9.5703125,1.0
2015-08-11T18:07:10.000000Z,9.5703125,9.5703125,10.0
2015-08-11T18:07:15.000000Z,9.5703125,9.5703125,27.0
2015-08-11T18:07:20.000000Z,9.5703125,9.5703125,12.0
2015-08-11T18:07:25.000000Z,9.5703125,9.5703125,4.0
2015-08-11T18:07:30.000000Z,9.578125,9.5703125,20.0
2015-08-11T18:07:35.000000Z,9.578125,9.5703125,11.0
2015-08-11T18:07:40.000000Z,9.5703125,9.5703125,9.0
2015-08-11T18:07:50.000000Z,9.5703125,9.5703125,58.0
2015-08-11T18:07:55.000000Z,9.5703125,9.5703125,56.0
2015-08-11T18:08:00.000000Z,9.5703125,9.5703125,20.0
2015-08-11T18:08:05.000000Z,9.5703125,9.5703125,22.0
2015-08-11T18:08:10.000000Z,9.5703125,9.5703125,20.0
2015-08-11T18:08:15.000000Z,9.5703125,9.5703125,2.0
2015-08-11T18:08:20.000000Z,9.5703125,9.5703125,1.0
2015-08-11T18:08:25.000000Z,9.5703125,9.5703125,6.0
2015-08-11T18:08:30.000000Z,9.5703125,9.5703125,4.0
2015-08-11T18:08:35.000000Z,9.5703125,9.5703125,10.0
2015-08-11T18:08:40.000000Z,9.5703125,9.5703125,32.0
2015-08-11T18:08:45.000000Z,9.5703125,9.5703125,35.0
2015-08-11T18:08:50.000000Z,9.5703125,9.5703125,38.0
2015-08-11T18:08:55.000000Z,9.5703125,9.5703125,21.0
2015-08-11T18:09:00.000000Z,9.5703125,9.5703125,5.0
2015-08-11T18:09:05.000000Z,9.5703125,9.5703125,2.0
2015-08-11T18:09:15.000000Z,9.5703125,9.5703125,16.0
2015-08-11T18:09:20.000000Z,9.5703125,9.5703125,2.0
2015-08-11T18:09:25.000000Z,9.5703125,9.5703125,1.0
2015-08-11T18:09:30.000000Z,9.5703125,9.5703125,29.0
2015-08-11T18:09:35.000000Z,9.5703125,9.5703125,58.0
2015-08-11T18:09:40.000000Z,9.5703125,9.5703125,36.0
2015-08-11T18:09:45.000000Z,9.5703125,9.5703125,3.0
2015-08-11T18:09:50.000000Z,9.5703125,9.5703125,21.0
2015-08-11T18:09:55.000000Z,9.5703125,9.5703125,20.0
2015-08-11T18:10:00.000000Z,9.5703125,9.5703125,41.0
2015-08-11T18:10:05.000000Z,9.5703125,9.5703125,2.0
2015-08-11T18:10:10.000000Z,9.5703125,9.5703125,26.0
2015-08-11T18:10:15.000000Z,9.5703125,9.5703125,2.0
2015-08-11T18:10:20.000000Z,9.5703125,9.5703125,1.0
2015-08-11T18:10:25.000000Z,9.5703125,9.5703125,2.0
2015-08-11T18:10:30.000000Z,9.5703125,9.5703125,5.0
2015-08-11T18:10:35.000000Z,9.5703125,9.5703125,11.0
2015-08-11T18:10:40.000000Z,9.5703125,9.5703125,7.0
2015-08-11T18:10:45.000000Z,9.5703125,9.5703125,4.0
2015-08-11T18:10:50.000000Z,9.5703125,9.5703125,2.0
2015-08-11T18:10:55.000000Z,9.5703125,9.5703125,1.0
2015-08-11T18:11:00.000000Z,9.5703125,9.5703125,4.0
2015-08-11T18:11:05.000000Z,9.5703125,9.5703125,3.0
2015-08-11T18:11:10.000000Z,9.5703125,9.5703125,2.0
2015-08-11T18:11:15.000000Z,9.5703125,9.5703125,3.0
2015-08-11T18:11:25.000000Z,9.5703125,9.5703125,1.0
2015-08-11T18:11:30.000000Z,9.5703125,9.5703125,1.0
2015-08-11T18:11:45.000000Z,9.5703125,9.5703125,1.0
2015-08-11T18:11:50.000000Z,9.5703125,9.5703125,2.0
2015-08-11T18:11:55.000000Z,9.5703125,9.5703125,1.0
2015-08-11T18:12:00.000000Z,9.5703125,9.5703125,1.0
2015-08-11T18:12:05.000000Z,9.5703125,9.5703125,2.0
2015-08-11T18:12:10.000000Z,9.5703125,9.5703125,3.0
2015-08-11T18:12:15.000000Z,9.5703125,9.5703125,2.0
2015-08-11T18:12:20.000000Z,9.5703125,9.5703125,3.0
2015-08-11T18:12:25.000000Z,9.5703125,9.5703125,26.0
2015-08-11T18:12:30.000000Z,9.5703125,9.5703125,33.0
2015-08-11T18:12:35.000000Z,9.5703125,9.5703125,56.0
2015-08-11T18:12:40.000000Z,9.5703125,9.5703125,46.0
2015-08-11T18:12:45.000000Z,9.5703125,9.5703125,5.0
2015-08-11T18:12:50.000000Z,9.5703125,9.5703125,3.0
2015-08-11T18:13:00.000000Z,9.5703125,9.5703125,7.0
2015-08-11T18:13:05.000000Z,9.5703125,9.5703125,1.0
2015-08-11T18:13:10.000000Z,9.5703125,9.5703125,6.0
2015-08-11T18:13:15.000000Z,9.5703125,9.5703125,1.0
2015-08-11T18:13:20.000000Z,9.5703125,9.5703125,8.0
2015-08-11T18:13:30.000000Z,9.5703125,9.5703125,33.0
2015-08-11T18:13:50.000000Z,9.5703125,9.5703125,8.0
2015-08-11T18:13:55.000000Z,9.5703125,9.5703125,4.0
2015-08-11T18:14:00.000000Z,9.5703125,9.5703125,10.0
2015-08-11T18:14:05.000000Z,9.5703125,9.5703125,3.0
2015-08-11T18:14:10.000000Z,9.5703125,9.5703125,2.0
2015-08-11T18:14:15.000000Z,9.5703125,9.5703125,1.0
2015-08-11T18:14:20.000000Z,9.5703125,9.5703125,2.0
2015-08-11T18:14:25.000000Z,9.5703125,9.5703125,1.0
2015-08-11T18:14:30.000000Z,9.5703125,9.5703125,35.0
2015-08-11T18:14:35.000000Z,9.5703125,9.5703125,1.0
2015-08-11T18:14:40.000000Z,9.5703125,9.5703125,1.0
2015-08-11T18:14:45.000000Z,9.5703125,9.5703125,1.0
2015-08-11T18:14:50.000000Z,9.5703125,9.5703125,3.0
2015-08-11T18:14:55.000000Z,9.5703125,9.5703125,1.0
2015-08-11T18:15:00.000000Z,9.5703125,9.5703125,1.0
2015-08-11T18:15:05.000000Z,9.5703125,9.5703125,2.0
2015-08-11T18:15:10.000000Z,9.5703125,9.5703125,1.0
2015-08-11T18:15:25.000000Z,9.5703125,9.5703125,3.0
2015-08-11T18:15:30.000000Z,9.5703125,9.5703125,2.0
2015-08-11T18:15:35.000000Z,9.5703125,9.5703125,2.0
2015-08-11T18:15:50.000000Z,9.5703125,9.5703125,3.0
2015-08-11T18:16:05.000000Z,9.5703125,9.5703125,1.0
2015-08-11T18:16:10.000000Z,9.5703125,9.5703125,1.0
2015-08-11T18:16:30.000000Z,9.5703125,9.5703125,2.0
2015-08-11T18:16:35.000000Z,9.5703125,9.5703125,1.0
2015-08-11T18:16:40.000000Z,9.5703125,9.5703125,2.0
2015-08-11T18:16:45.000000Z,9.5703125,9.5703125,2.0
2015-08-11T18:16:50.000000Z,9.5703125,9.5703125,4.0
2015-08-11T18:16:55.000000Z,9.5703125,9.5703125,2.0
2015-08-11T18:17:00.000000Z,9.5703125,9.5703125,2.0
2015-08-11T18:17:05.000000Z,9.5703125,9.5703125,2.0
2015-08-11T18:17:10.000000Z,9.5703125,9.5703125,1.0
2015-08-11T18:17:15.000000Z,9.5703125,9.5703125,4.0
2015-08-11T18:17:20.000000Z,9.5703125,9.5703125,3.0
2015-08-11T18:17:25.000000Z,9.5703125,9.5703125,1.0
2015-08-11T18:17:30.000000Z,9.5703125,9.5703125,1.0
2015-08-11T18:17:35.000000Z,9.5703125,9.5703125,2.0
2015-08-11T18:17:40.000000Z,9.5703125,9.5703125,2.0
2015-08-11T18:17:45.000000Z,9.5703125,9.5703125,1.0
2015-08-11T18:17:55.000000Z,9.5703125,9.5703125,1.0
2015-08-11T18:18:00.000000Z,9.5703125,9.5703125,3.0
2015-08-11T18:18:05.000000Z,9.5703125,9.5703125,9.0
2015-08-11T18:18:10.000000Z,9.5703125,9.5703125,2.0
2015-08-11T18:18:20.000000Z,9.5703125,9.5703125,2.0
2015-08-11T18:18:25.000000Z,9.5703125,9.5703125,1.0
2015-08-11T18:18:55.000000Z,9.5703125,9.5703125,2.0
2015-08-11T18:19:10.000000Z,9.5703125,9.5703125,6.0
2015-08-11T18:19:15.000000Z,9.5703125,9.5703125,3.0
2015-08-11T18:19:20.000000Z,9.5703125,9.5703125,1.0
2015-08-11T18:19:25.000000Z,9.5703125,9.5703125,17.0
2015-08-11T18:19:30.000000Z,9.5703125,9.5703125,1.0
2015-08-11T18:19:40.000000Z,9.5703125,9.5703125,5.0
2015-08-11T18:19:45.000000Z,9.5703125,9.5703125,1.0
2015-08-11T18:19:50.000000Z,9.5703125,9.5703125,2.0
2015-08-11T18:20:00.000000Z,9.5703125,9.5703125,4.0
2015-08-11T18:20:10.000000Z,9.5703125,9.5703125,1.0
2015-08-11T18:20:15.000000Z,9.5703125,9.5703125,2.0
2015-08-11T18:20:20.000000Z,9.5703125,9.5703125,15.0
2015-08-11T18:20:25.000000Z,9.5703125,9.5703125,4.0
2015-08-11T18:20:30.000000Z,9.5703125,9.5703125,2.0
2015-08-11T18:20:35.000000Z,9.5703125,9.5703125,5.0
2015-08-11T18:20:40.000000Z,9.5703125,9.5703125,1.0
2015-08-11T18:20:50.000000Z,9.5703125,9.5703125,8.0
2015-08-11T18:20:55.000000Z,9.5703125,9.5703125,1.0
2015-08-11T18:21:00.000000Z,9.5703125,9.5703125,1.0
2015-08-11T18:21:15.000000Z,9.5703125,9.5703125,5.0
2015-08-11T18:21:20.000000Z,9.5703125,9.5703125,2.0
2015-08-11T18:21:25.000000Z,9.5703125,9.5703125,19.0
2015-08-11T18:21:30.000000Z,9.5703125,9.5703125,21.0
2015-08-11T18:21:35.000000Z,9.5703125,9.5703125,14.0
2015-08-11T18:21:40.000000Z,9.5703125,9.5703125,3.0
2015-08-11T18:21:45.000000Z,9.5703125,9.5703125,3.0
2015-08-11T18:21:50.000000Z,9.5703125,9.5703125,1.0
2015-08-11T18:21:55.000000Z,9.5703125,9.5703125,6.0
2015-08-11T18:22:00.000000Z,9.5703125,9.5703125,4.0
2015-08-11T18:22:05.000000Z,9.5703125,9.5703125,3.0
2015-08-11T18:22:10.000000Z,9.5703125,9.5703125,1.0
2015-08-11T18:22:15.000000Z,9.5703125,9.5703125,1.0
2015-08-11T18:22:20.000000Z,9.5703125,9.5703125,2.0
2015-08-11T18:22:25.000000Z,9.5703125,9.5703125,1.0
2015-08-11T18:22:35.000000Z,9.5703125,9.5703125,2.0
2015-08-11T18:22:40.000000Z,9.5703125,9.5703125,39.0
2015-08-11T18:22:45.000000Z,9.5703125,9.5703125,5.0
2015-08-11T18:22:50.000000Z,9.578125,9.5703125,67.0
2015-08-11T18:22:55.000000Z,9.578125,9.5703125,6.0
2015-08-11T18:23:00.000000Z,9.578125,9.5703125,18.0
2015-08-11T18:23:05.000000Z,9.578125,9.5703125,6.0
2015-08-11T18:23:10.000000Z,9.578125,9.5703125,13.0
2015-08-11T18:23:15.000000Z,9.578125,9.5703125,20.0
2015-08-11T18:23:20.000000Z,9.578125,9.5703125,32.0
2015-08-11T18:23:25.000000Z,9.578125,9.5703125,19.0
2015-08-11T18:23:30.000000Z,9.578125,9.5703125,14.0
2015-08-11T18:23:35.000000Z,9.578125,9.5703125,3.0
2015-08-11T18:23:40.000000Z,9.578125,9.5703125,1.0
2015-08-11T18:23:45.000000Z,9.578125,9.5703125,3.0
2015-08-11T18:23:50.000000Z,9.578125,9.5703125,5.0
2015-08-11T18:24:00.000000Z,9.578125,9.5703125,2.0
2015-08-11T18:24:10.000000Z,9.578125,9.5703125,5.0
2015-08-11T18:24:25.000000Z,9.578125,9.5703125,6.0
2015-08-11T18:24:30.000000Z,9.578125,9.5703125,8.0
2015-08-11T18:24:45.000000Z,9.578125,9.5703125,1.0
2015-08-11T18:24:50.000000Z,9.578125,9.5703125,1.0
2015-08-11T18:24:55.000000Z,9.578125,9.5703125,4.0
2015-08-11T18:25:00.000000Z,9.578125,9.5703125,17.0
2015-08-11T18:25:05.000000Z,9.578125,9.5703125,2.0
2015-08-11T18:25:10.000000Z,9.578125,9.5703125,22.0
2015-08-11T18:25:15.000000Z,9.578125,9.5703125,2.0
2015-08-11T18:25:20.000000Z,9.578125,9.5703125,20.0
2015-08-11T18:25:25.000000Z,9.578125,9.5703125,2.0
2015-08-11T18:25:30.000000Z,9.578125,9.5703125,12.0
2015-08-11T18:25:35.000000Z,9.578125,9.5703125,4.0
2015-08-11T18:25:40.000000Z,9.578125,9.5703125,14.0
2015-08-11T18:25:45.000000Z,9.578125,9.5703125,7.0
2015-08-11T18:25:50.000000Z,9.578125,9.5703125,6.0
2015-08-11T18:25:55.000000Z,9.578125,9.5703125,6.0
2015-08-11T18:26:00.000000Z,9.578125,9.5703125,3.0
2015-08-11T18:26:05.000000Z,9.578125,9.5703125,9.0
2015-08-11T18:26:10.000000Z,9.578125,9.5703125,42.0
2015-08-11T18:26:15.000000Z,9.5703125,9.5703125,24.0
2015-08-11T18:26:20.000000Z,9.5703125,9.5703125,2.0
2015-08-11T18:26:25.000000Z,9.5703125,9.5703125,1.0
2015-08-11T18:26:30.000000Z,9.5703125,9.5703125,29.0
2015-08-11T18:26:35.000000Z,9.5703125,9.5703125,13.0
2015-08-11T18:26:40.000000Z,9.5703125,9.5703125,4.0
2015-08-11T18:26:45.000000Z,9.5703125,9.5703125,2.0
2015-08-11T18:26:50.000000Z,9.5703125,9.5703125,5.0
2015-08-11T18:26:55.000000Z,9.5703125,9.5703125,1.0
2015-08-11T18:27:00.000000Z,9.5703125,9.5703125,30.0
2015-08-11T18:27:05.000000Z,9.5703125,9.5703125,11.0
2015-08-11T18:27:10.000000Z,9.5703125,9.5703125,10.0
2015-08-11T18:27:15.000000Z,9.5703125,9.5703125,6.0
2015-08-11T18:27:20.000000Z,9.5703125,9.5703125,4.0
2015-08-11T18:27:25.000000Z,9.5703125,9.5703125,5.0
2015-08-11T18:27:30.000000Z,9.5703125,9.5703125,2.0
2015-08-11T18:27:35.000000Z,9.5703125,9.5703125,3.0
2015-08-11T18:27:40.000000Z,9.5703125,9.5703125,6.0
2015-08-11T18:27:45.000000Z,9.5703125,9.5703125,7.0
2015-08-11T18:27:50.000000Z,9.5703125,9.5703125,3.0
2015-08-11T18:27:55.000000Z,9.5703125,9.5703125,7.0
2015-08-11T18:28:00.000000Z,9.5703125,9.5703125,2.0
2015-08-11T18:28:05.000000Z,9.5703125,9.5703125,1.0
2015-08-11T18:28:10.000000Z,9.5703125,9.5703125,11.0
2015-08-11T18:28:15.000000Z,9.5703125,9.5703125,6.0
2015-08-11T18:28:20.000000Z,9.5703125,9.5703125,11.0
2015-08-11T18:28:25.000000Z,9.5703125,9.5703125,1.0
2015-08-11T18:28:30.000000Z,9.5703125,9.5703125,7.0
2015-08-11T18:28:35.000000Z,9.5703125,9.5703125,8.0
2015-08-11T18:28:40.000000Z,9.5703125,9.5703125,9.0
2015-08-11T18:28:45.000000Z,9.5703125,9.5703125,8.0
2015-08-11T18:28:50.000000Z,9.5703125,9.5703125,11.0
2015-08-11T18:28:55.000000Z,9.5703125,9.5703125,3.0
2015-08-11T18:29:00.000000Z,9.5703125,9.5703125,21.0
2015-08-11T18:29:05.000000Z,9.5703125,9.5703125,7.0
2015-08-11T18:29:10.000000Z,9.5703125,9.5703125,6.0
2015-08-11T18:29:15.000000Z,9.5703125,9.5703125,11.0
2015-08-11T18:29:20.000000Z,9.5703125,9.5703125,3.0
2015-08-11T18:29:25.000000Z,9.5703125,9.5703125,4.0
2015-08-11T18:29:30.000000Z,9.5703125,9.5703125,14.0
2015-08-11T18:29:35.000000Z,9.5703125,9.5703125,7.0
2015-08-11T18:29:40.000000Z,9.5703125,9.5703125,2.0
2015-08-11T18:29:45.000000Z,9.5703125,9.5703125,3.0
2015-08-11T18:29:50.000000Z,9.5703125,9.5703125,4.0
2015-08-11T18:30:00.000000Z,9.5703125,9.5703125,7.0
2015-08-11T18:30:05.000000Z,9.5703125,9.5703125,2.0
2015-08-11T18:30:10.000000Z,9.5703125,9.5703125,4.0
2015-08-11T18:30:15.000000Z,9.5703125,9.5703125,4.0
2015-08-11T18:30:30.000000Z,9.5703125,9.5703125,1.0
2015-08-11T18:30:35.000000Z,9.5703125,9.5703125,12.0
2015-08-11T18:30:40.000000Z,9.5703125,9.5703125,3.0
2015-08-11T18:30:45.000000Z,9.5703125,9.5703125,3.0
2015-08-11T18:30:50.000000Z,9.5703125,9.5703125,3.0
2015-08-11T18:31:00.000000Z,9.5703125,9.5703125,4.0
2015-08-11T18:31:05.000000Z,9.5703125,9.5703125,4.0
2015-08-11T18:31:20.000000Z,9.5703125,9.5703125,4.0
2015-08-11T18:31:25.000000Z,9.5703125,9.5703125,2.0
2015-08-11T18:31:35.000000Z,9.5703125,9.5703125,12.0
2015-08-11T18:31:40.000000Z,9.5703125,9.5703125,5.0
2015-08-11T18:31:50.000000Z,9.5703125,9.5703125,2.0
2015-08-11T18:32:00.000000Z,9.5703125,9.5703125,8.0
2015-08-11T18:32:05.000000Z,9.5703125,9.5703125,9.0
2015-08-11T18:32:10.000000Z,9.5703125,9.5703125,3.0
2015-08-11T18:32:20.000000Z,9.5703125,9.5703125,4.0
2015-08-11T18:32:25.000000Z,9.5703125,9.5703125,3.0
2015-08-11T18:32:30.000000Z,9.5703125,9.5703125,7.0
2015-08-11T18:32:35.000000Z,9.5703125,9.5703125,3.0
2015-08-11T18:32:40.000000Z,9.5703125,9.5703125,13.0
2015-08-11T18:32:45.000000Z,9.5703125,9.5703125,6.0
2015-08-11T18:32:50.000000Z,9.5703125,9.5703125,1.0
2015-08-11T18:32:55.000000Z,9.5703125,9.5703125,8.0
2015-08-11T18:33:00.000000Z,9.5703125,9.5703125,1.0
2015-08-11T18:33:05.000000Z,9.5703125,9.5703125,3.0
2015-08-11T18:33:10.000000Z,9.5703125,9.5703125,5.0
2015-08-11T18:33:15.000000Z,9.5703125,9.5703125,1.0
2015-08-11T18:33:25.000000Z,9.5703125,9.5703125,4.0
2015-08-11T18:33:40.000000Z,9.5703125,9.5703125,11.0
2015-08-11T18:33:45.000000Z,9.5703125,9.5703125,8.0
2015-08-11T18:33:55.000000Z,9.5703125,9.5703125,2.0
2015-08-11T18:34:00.000000Z,9.5703125,9.5703125,1.0
2015-08-11T18:34:05.000000Z,9.5703125,9.5703125,2.0
2015-08-11T18:34:15.000000Z,9.5703125,9.5703125,8.0
2015-08-11T18:34:20.000000Z,9.5703125,9.5703125,6.0
2015-08-11T18:34:25.000000Z,9.5703125,9.5703125,1.0
2015-08-11T18:34:30.000000Z,9.5703125,9.5703125,5.0
2015-08-11T18:34:35.000000Z,9.5703125,9.5703125,3.0
2015-08-11T18:34:55.000000Z,9.5703125,9.5703125,1.0
2015-08-11T18:35:00.000000Z,9.5703125,9.5703125,14.0
2015-08-11T18:35:05.000000Z,9.5703125,9.5703125,8.0
2015-08-11T18:35:10.000000Z,9.5703125,9.5703125,3.0
2015-08-11T18:35:20.000000Z,9.5703125,9.5703125,13.0
2015-08-11T18:35:25.000000Z,9.5703125,9.5703125,2.0
2015-08-11T18:35:30.000000Z,9.5703125,9.5703125,12.0
2015-08-11T18:35:35.000000Z,9.5703125,9.5703125,10.0
2015-08-11T18:35:40.000000Z,9.5703125,9.5703125,22.0
2015-08-11T18:35:45.000000Z,9.5703125,9.5703125,6.0
2015-08-11T18:35:50.000000Z,9.5703125,9.5703125,13.0
2015-08-11T18:35:55.000000Z,9.5703125,9.5703125,4.0
2015-08-11T18:36:00.000000Z,9.5703125,9.5703125,4.0
2015-08-11T18:36:05.000000Z,9.5703125,9.5703125,10.0
2015-08-11T18:36:10.000000Z,9.5703125,9.5703125,4.0
2015-08-11T18:36:15.000000Z,9.5703125,9.5703125,9.0
2015-08-11T18:36:20.000000Z,9.5703125,9.5703125,4.0
2015-08-11T18:36:25.000000Z,9.5703125,9.5703125,2.0
2015-08-11T18:36:30.000000Z,9.5703125,9.5703125,1.0
2015-08-11T18:36:45.000000Z,9.5703125,9.5703125,2.0
2015-08-11T18:36:50.000000Z,9.5703125,9.5703125,3.0
2015-08-11T18:36:55.000000Z,9.5703125,9.5703125,6.0
2015-08-11T18:37:00.000000Z,9.5703125,9.5703125,6.0
2015-08-11T18:37:05.000000Z,9.5703125,9.5703125,4.0
2015-08-11T18:37:10.000000Z,9.5703125,9.5703125,3.0
2015-08-11T18:37:15.000000Z,9.5703125,9.5703125,3.0
2015-08-11T18:37:25.000000Z,9.5703125,9.5703125,1.0
2015-08-11T18:37:30.000000Z,9.5703125,9.5703125,2.0
2015-08-11T18:37:35.000000Z,9.5703125,9.5703125,1.0
2015-08-11T18:37:45.000000Z,9.5703125,9.5703125,1.0
2015-08-11T18:37:50.000000Z,9.5703125,9.5703125,1.0
2015-08-11T18:37:55.000000Z,9.5703125,9.5703125,6.0
2015-08-11T18:38:00.000000Z,9.5703125,9.5703125,6.0
2015-08-11T18:38:15.000000Z,9.5703125,9.5703125,6.0
2015-08-11T18:38:20.000000Z,9.5703125,9.5703125,7.0
2015-08-11T18:38:25.000000Z,9.5703125,9.5703125,9.0
2015-08-11T18:38:35.000000Z,9.5703125,9.5703125,3.0
2015-08-11T18:38:40.000000Z,9.5703125,9.5703125,4.0
2015-08-11T18:38:45.000000Z,9.5703125,9.5703125,7.0
2015-08-11T18:38:50.000000Z,9.5703125,9.5703125,2.0
2015-08-11T18:38:55.000000Z,9.5703125,9.5703125,7.0
2015-08-11T18:39:00.000000Z,9.5703125,9.5703125,5.0
2015-08-11T18:39:10.000000Z,9.5703125,9.5703125,9.0
2015-08-11T18:39:15.000000Z,9.5703125,9.5703125,1.0
2015-08-11T18:39:20.000000Z,9.5703125,9.5703125,4.0
2015-08-11T18:39:25.000000Z,9.5703125,9.5703125,4.0
2015-08-11T18:39:30.000000Z,9.5703125,9.5703125,3.0
2015-08-11T18:39:35.000000Z,9.5703125,9.5703125,3.0
2015-08-11T18:39:40.000000Z,9.5703125,9.5703125,1.0
2015-08-11T18:39:45.000000Z,9.5703125,9.5703125,2.0
2015-08-11T18:39:50.000000Z,9.5703125,9.5703125,8.0
2015-08-11T18:39:55.000000Z,9.5703125,9.5703125,4.0
2015-08-11T18:40:00.000000Z,9.5703125,9.5703125,2.0
2015-08-11T18:40:05.000000Z,9.5703125,9.5703125,1.0
2015-08-11T18:40:10.000000Z,9.5703125,9.5703125,3.0
2015-08-11T18:40:20.000000Z,9.5703125,9.5703125,3.0
2015-08-11T18:40:25.000000Z,9.5703125,9.5703125,1.0
2015-08-11T18:40:30.000000Z,9.5703125,9.5703125,2.0
2015-08-11T18:41:00.000000Z,9.5703125,9.5703125,1.0
2015-08-11T18:41:10.000000Z,9.5703125,9.5703125,1.0
2015-08-11T18:41:15.000000Z,9.5703125,9.5703125,1.0
2015-08-11T18:41:20.000000Z,9.5703125,9.5703125,2.0
2015-08-11T18:41:30.000000Z,9.5703125,9.5703125,3.0
2015-08-11T18:41:35.000000Z,9.5703125,9.5703125,3.0
2015-08-11T18:41:45.000000Z,9.5703125,9.5703125,1.0
2015-08-11T18:41:50.000000Z,9.5703125,9.5703125,4.0
2015-08-11T18:42:00.000000Z,9.5703125,9.5703125,1.0
2015-08-11T18:42:05.000000Z,9.5703125,9.5703125,6.0
2015-08-11T18:42:10.000000Z,9.5703125,9.5703125,1.0
2015-08-11T18:42:20.000000Z,9.5703125,9.5703125,2.0
2015-08-11T18:42:25.000000Z,9.5703125,9.5703125,1.0
2015-08-11T18:42:30.000000Z,9.5703125,9.5703125,3.0
2015-08-11T18:43:00.000000Z,9.5703125,9.5703125,1.0
2015-08-11T18:43:05.000000Z,9.5703125,9.5703125,5.0
2015-08-11T18:43:10.000000Z,9.5703125,9.5703125,11.0
2015-08-11T18:43:15.000000Z,9.5703125,9.5703125,1.0
2015-08-11T18:43:20.000000Z,9.5703125,9.5703125,1.0
2015-08-11T18:43:30.000000Z,9.5703125,9.5703125,1.0
2015-08-11T18:43:35.000000Z,9.5703125,9.5703125,4.0
2015-08-11T18:43:40.000000Z,9.5703125,9.5703125,2.0
2015-08-11T18:43:45.000000Z,9.5703125,9.5703125,6.0
2015-08-11T18:43:55.000000Z,9.5703125,9.5703125,3.0
2015-08-11T18:44:00.000000Z,9.5703125,9.5703125,1.0
2015-08-11T18:44:05.000000Z,9.5703125,9.5703125,1.0
2015-08-11T18:44:10.000000Z,9.5703125,9.5703125,1.0
2015-08-11T18:44:15.000000Z,9.5703125,9.5703125,8.0
2015-08-11T18:44:20.000000Z,9.5703125,9.5703125,3.0
2015-08-11T18:44:25.000000Z,9.5703125,9.5703125,6.0
2015-08-11T18:44:30.000000Z,9.5703125,9.5703125,6.0
2015-08-11T18:44:40.000000Z,9.5703125,9.5703125,6.0
2015-08-11T18:44:45.000000Z,9.5703125,9.5703125,8.0
2015-08-11T18:44:50.000000Z,9.5703125,9.5703125,2.0
2015-08-11T18:44:55.000000Z,9.5703125,9.5703125,1.0
2015-08-11T18:45:00.000000Z,9.5703125,9.5703125,2.0
2015-08-11T18:45:10.000000Z,9.5703125,9.5703125,25.0
2015-08-11T18:45:15.000000Z,9.5703125,9.5703125,5.0
2015-08-11T18:45:20.000000Z,9.5703125,9.5703125,4.0
2015-08-11T18:45:25.000000Z,9.5703125,9.5703125,4.0
2015-08-11T18:45:30.000000Z,9.5703125,9.5703125,3.0
2015-08-11T18:45:35.000000Z,9.5703125,9.5703125,3.0
2015-08-11T18:45:40.000000Z,9.5703125,9.5703125,3.0
2015-08-11T18:45:45.000000Z,9.5703125,9.5703125,1.0
2015-08-11T18:46:05.000000Z,9.5703125,9.5703125,6.0
2015-08-11T18:46:10.000000Z,9.5703125,9.5703125,17.0
2015-08-11T18:46:15.000000Z,9.5703125,9.5703125,6.0
2015-08-11T18:46:20.000000Z,9.5703125,9.5703125,3.0
2015-08-11T18:46:40.000000Z,9.5703125,9.5703125,4.0
2015-08-11T18:46:45.000000Z,9.5703125,9.5703125,3.0
2015-08-11T18:46:50.000000Z,9.5703125,9.5703125,8.0
2015-08-11T18:46:55.000000Z,9.5703125,9.5703125,1.0
2015-08-11T18:47:00.000000Z,9.5703125,9.5703125,2.0
2015-08-11T18:47:05.000000Z,9.5703125,9.5703125,18.0
2015-08-11T18:47:10.000000Z,9.5703125,9.5703125,4.0
2015-08-11T18:47:20.000000Z,9.5703125,9.5703125,1.0
2015-08-11T18:47:30.000000Z,9.5703125,9.5703125,5.0
2015-08-11T18:47:40.000000Z,9.5703125,9.5703125,2.0
2015-08-11T18:47:45.000000Z,9.5703125,9.5703125,2.0
2015-08-11T18:47:50.000000Z,9.5703125,9.5703125,2.0
2015-08-11T18:47:55.000000Z,9.5703125,9.5703125,8.0
2015-08-11T18:48:00.000000Z,9.5703125,9.5703125,8.0
2015-08-11T18:48:20.000000Z,9.5703125,9.5703125,9.0
2015-08-11T18:48:25.000000Z,9.5703125,9.5703125,1.0
2015-08-11T18:48:30.000000Z,9.5703125,9.5703125,5.0
2015-08-11T18:48:40.000000Z,9.5703125,9.5703125,6.0
2015-08-11T18:48:45.000000Z,9.5703125,9.5703125,2.0
2015-08-11T18:48:50.000000Z,9.5703125,9.5703125,1.0
2015-08-11T18:48:55.000000Z,9.5703125,9.5703125,1.0
2015-08-11T18:49:00.000000Z,9.5703125,9.5703125,5.0
2015-08-11T18:49:05.000000Z,9.5703125,9.5703125,1.0
2015-08-11T18:49:10.000000Z,9.5703125,9.5703125,5.0
2015-08-11T18:49:15.000000Z,9.5703125,9.5703125,9.0
2015-08-11T18:49:20.000000Z,9.5703125,9.5703125,4.0
2015-08-11T18:49:25.000000Z,9.5703125,9.5703125,4.0
2015-08-11T18:50:00.000000Z,9.5703125,9.5703125,1.0
2015-08-11T18:50:05.000000Z,9.5703125,9.5703125,3.0
2015-08-11T18:50:10.000000Z,9.5703125,9.5703125,4.0
2015-08-11T18:50:20.000000Z,9.5703125,9.5703125,30.0
2015-08-11T18:50:25.000000Z,9.5703125,9.5703125,3.0
2015-08-11T18:51:00.000000Z,9.5703125,9.5703125,1.0
2015-08-11T18:51:15.000000Z,9.5703125,9.5703125,2.0
2015-08-11T18:51:20.000000Z,9.5703125,9.5703125,4.0
2015-08-11T18:51:25.000000Z,9.5703125,9.5703125,1.0
2015-08-11T18:51:35.000000Z,9.5703125,9.5703125,2.0
2015-08-11T18:51:45.000000Z,9.5703125,9.5703125,5.0
2015-08-11T18:52:05.000000Z,9.5703125,9.5703125,2.0
2015-08-11T18:52:10.000000Z,9.5703125,9.5703125,2.0
2015-08-11T18:52:25.000000Z,9.5703125,9.5703125,1.0
2015-08-11T18:52:55.000000Z,9.5703125,9.5703125,5.0
2015-08-11T18:53:00.000000Z,9.5703125,9.5703125,1.0
2015-08-11T18:53:20.000000Z,9.5703125,9.5703125,4.0
2015-08-11T18:53:25.000000Z,9.5703125,9.5703125,4.0
2015-08-11T18:53:30.000000Z,9.5703125,9.5703125,1.0
2015-08-11T18:53:40.000000Z,9.5703125,9.5703125,3.0
2015-08-11T18:53:45.000000Z,9.5703125,9.5703125,2.0
2015-08-11T18:53:50.000000Z,9.5703125,9.5703125,2.0
2015-08-11T18:54:05.000000Z,9.5703125,9.5703125,4.0
2015-08-11T18:54:10.000000Z,9.5703125,9.5703125,2.0
2015-08-11T18:54:20.000000Z,9.5703125,9.5703125,5.0
2015-08-11T18:54:25.000000Z,9.5703125,9.5703125,2.0
2015-08-11T18:54:30.000000Z,9.5703125,9.5703125,2.0
2015-08-11T18:54:45.000000Z,9.5703125,9.5703125,5.0
2015-08-11T18:54:50.000000Z,9.5703125,9.5703125,1.0
2015-08-11T18:55:00.000000Z,9.5703125,9.5703125,10.0
2015-08-11T18:55:05.000000Z,9.5703125,9.5703125,4.0
2015-08-11T18:55:10.000000Z,9.5703125,9.5703125,11.0
2015-08-11T18:55:15.000000Z,9.5703125,9.5703125,4.0
2015-08-11T18:55:20.000000Z,9.5703125,9.5703125,9.0
2015-08-11T18:55:25.000000Z,9.5703125,9.5703125,2.0
2015-08-11T18:55:30.000000Z,9.5703125,9.5703125,2.0
2015-08-11T18:55:35.000000Z,9.5703125,9.5703125,8.0
2015-08-11T18:55:40.000000Z,9.5703125,9.5703125,1.0
2015-08-11T18:55:45.000000Z,9.5703125,9.5703125,3.0
2015-08-11T18:55:50.000000Z,9.5703125,9.5703125,1.0
2015-08-11T18:55:55.000000Z,9.5703125,9.5703125,3.0
2015-08-11T18:56:00.000000Z,9.5703125,9.5703125,5.0
2015-08-11T18:56:05.000000Z,9.5703125,9.5703125,3.0
2015-08-11T18:56:10.000000Z,9.5703125,9.5703125,1.0
2015-08-11T18:56:15.000000Z,9.5703125,9.5703125,2.0
2015-08-11T18:56:20.000000Z,9.5703125,9.5703125,29.0
2015-08-11T18:56:25.000000Z,9.5703125,9.5703125,8.0
2015-08-11T18:56:30.000000Z,9.5703125,9.5703125,9.0
2015-08-11T18:56:35.000000Z,9.5703125,9.5703125,5.0
2015-08-11T18:56:40.000000Z,9.5703125,9.5703125,6.0
2015-08-11T18:57:00.000000Z,9.5703125,9.5703125,4.0
2015-08-11T18:57:10.000000Z,9.5703125,9.5703125,4.0
2015-08-11T18:57:15.000000Z,9.5703125,9.5703125,1.0
2015-08-11T18:57:20.000000Z,9.5703125,9.5703125,10.0
2015-08-11T18:57:25.000000Z,9.5703125,9.5703125,20.0
2015-08-11T18:57:30.000000Z,9.5703125,9.5703125,2.0
2015-08-11T18:57:40.000000Z,9.5703125,9.5703125,4.0
2015-08-11T18:57:45.000000Z,9.5703125,9.5703125,6.0
2015-08-11T18:57:50.000000Z,9.5703125,9.5703125,37.0
2015-08-11T18:57:55.000000Z,9.5703125,9.5703125,1.0
2015-08-11T18:58:00.000000Z,9.5703125,9.5703125,27.0
2015-08-11T18:58:05.000000Z,9.5703125,9.5703125,19.0
2015-08-11T18:58:10.000000Z,9.5703125,9.5703125,14.0
2015-08-11T18:58:15.000000Z,9.5703125,9.5703125,33.0
2015-08-11T18:58:20.000000Z,9.5703125,9.5703125,1.0
2015-08-11T18:58:25.000000Z,9.5703125,9.5703125,2.0
2015-08-11T18:58:35.000000Z,9.5703125,9.5703125,1.0
2015-08-11T18:58:40.000000Z,9.5703125,9.5703125,4.0
2015-08-11T18:58:45.000000Z,9.5703125,9.5703125,2.0
2015-08-11T18:58:50.000000Z,9.5703125,9.5703125,3.0
2015-08-11T18:59:00.000000Z,9.5703125,9.5703125,2.0
2015-08-11T18:59:05.000000Z,9.5703125,9.5703125,5.0
2015-08-11T18:59:10.000000Z,9.5703125,9.5703125,14.0
2015-08-11T18:59:15.000000Z,9.5703125,9.5703125,9.0
2015-08-11T18:59:20.000000Z,9.5703125,9.5703125,7.0
2015-08-11T18:59:30.000000Z,9.5703125,9.5703125,12.0
2015-08-11T18:59:35.000000Z,9.5703125,9.5703125,8.0
2015-08-11T18:59:40.000000Z,9.5703125,9.5703125,21.0
2015-08-11T18:59:45.000000Z,9.5703125,9.5703125,15.0
2015-08-11T18:59:50.000000Z,9.5703125,9.5703125,29.0
2015-08-11T18:59:55.000000Z,9.5703125,9.5703125,15.0
2015-08-11T19:00:00.000000Z,9.5703125,9.5703125,11.0
2015-08-11T19:00:05.000000Z,9.5703125,9.5703125,34.0
2015-08-11T19:00:10.000000Z,9.5703125,9.5703125,25.0
2015-08-11T19:00:15.000000Z,9.5703125,9.5703125,13.0
2015-08-11T19:00:20.000000Z,9.5703125,9.5703125,19.0
2015-08-11T19:00:25.000000Z,9.5703125,9.5703125,28.0
2015-08-11T19:00:30.000000Z,9.5703125,9.5703125,7.0
2015-08-11T19:00:35.000000Z,9.5703125,9.5703125,3.0
2015-08-11T19:00:50.000000Z,9.5703125,9.5703125,4.0
2015-08-11T19:00:55.000000Z,9.5703125,9.5703125,2.0
2015-08-11T19:01:00.000000Z,9.5703125,9.5703125,1.0
2015-08-11T19:01:05.000000Z,9.5703125,9.5703125,1.0
2015-08-11T19:01:10.000000Z,9.5703125,9.5703125,5.0
2015-08-11T19:01:15.000000Z,9.5703125,9.5703125,10.0
2015-08-11T19:01:20.000000Z,9.5703125,9.5703125,16.0
2015-08-11T19:01:25.000000Z,9.5703125,9.5703125,8.0
2015-08-11T19:01:30.000000Z,9.5703125,9.5703125,4.0
2015-08-11T19:01:35.000000Z,9.5703125,9.5703125,2.0
2015-08-11T19:01:40.000000Z,9.5703125,9.5703125,5.0
2015-08-11T19:01:45.000000Z,9.5703125,9.5703125,2.0
2015-08-11T19:01:50.000000Z,9.5703125,9.5703125,5.0
2015-08-11T19:01:55.000000Z,9.5703125,9.5703125,2.0
2015-08-11T19:02:00.000000Z,9.5703125,9.5703125,4.0
2015-08-11T19:02:05.000000Z,9.5703125,9.5703125,2.0
2015-08-11T19:02:10.000000Z,9.5703125,9.5703125,8.0
2015-08-11T19:02:15.000000Z,9.5703125,9.5703125,12.0
2015-08-11T19:02:20.000000Z,9.5703125,9.5703125,5.0
2015-08-11T19:02:25.000000Z,9.5703125,9.5703125,11.0
2015-08-11T19:02:30.000000Z,9.5703125,9.5703125,3.0
2015-08-11T19:02:35.000000Z,9.5703125,9.5703125,14.0
2015-08-11T19:02:40.000000Z,9.5703125,9.5703125,6.0
2015-08-11T19:02:45.000000Z,9.5703125,9.5703125,14.0
2015-08-11T19:02:50.000000Z,9.5703125,9.5703125,13.0
2015-08-11T19:02:55.000000Z,9.5703125,9.5703125,2.0
2015-08-11T19:03:00.000000Z,9.5703125,9.5703125,4.0
2015-08-11T19:03:05.000000Z,9.5703125,9.5703125,2.0
2015-08-11T19:03:10.000000Z,9.5703125,9.5703125,1.0
2015-08-11T19:03:15.000000Z,9.5703125,9.5703125,2.0
2015-08-11T19:03:20.000000Z,9.5703125,9.5703125,3.0
2015-08-11T19:03:25.000000Z,9.5703125,9.5703125,3.0
2015-08-11T19:03:30.000000Z,9.5703125,9.5703125,3.0
2015-08-11T19:03:35.000000Z,9.5703125,9.5625,42.0
2015-08-11T19:03:40.000000Z,9.5703125,9.5625,6.0
2015-08-11T19:03:50.000000Z,9.5703125,9.5625,15.0
2015-08-11T19:03:55.000000Z,9.5703125,9.5625,6.0
2015-08-11T19:04:00.000000Z,9.5703125,9.5625,23.0
2015-08-11T19:04:05.000000Z,9.5703125,9.5625,31.0
2015-08-11T19:04:10.000000Z,9.5703125,9.5625,9.0
2015-08-11T19:04:15.000000Z,9.5703125,9.5625,15.0
2015-08-11T19:04:20.000000Z,9.5703125,9.5625,1.0
2015-08-11T19:04:25.000000Z,9.5703125,9.5625,13.0
2015-08-11T19:04:30.000000Z,9.5703125,9.5625,3.0
2015-08-11T19:04:40.000000Z,9.5703125,9.5625,9.0
2015-08-11T19:04:45.000000Z,9.5703125,9.5625,11.0
2015-08-11T19:04:50.000000Z,9.5703125,9.5625,8.0
2015-08-11T19:04:55.000000Z,9.5703125,9.5625,3.0
2015-08-11T19:05:00.000000Z,9.5703125,9.5625,46.0
2015-08-11T19:05:05.000000Z,9.5703125,9.5625,11.0
2015-08-11T19:05:10.000000Z,9.5703125,9.5625,17.0
2015-08-11T19:05:15.000000Z,9.5703125,9.5625,34.0
2015-08-11T19:05:20.000000Z,9.5703125,9.5625,15.0
2015-08-11T19:05:25.000000Z,9.5703125,9.5625,6.0
2015-08-11T19:05:30.000000Z,9.5703125,9.5625,10.0
2015-08-11T19:05:35.000000Z,9.5703125,9.5625,40.0
2015-08-11T19:05:40.000000Z,9.5703125,9.5625,37.0
2015-08-11T19:05:45.000000Z,9.5703125,9.5625,37.0
2015-08-11T19:05:50.000000Z,9.5703125,9.5625,26.0
2015-08-11T19:05:55.000000Z,9.5703125,9.5625,20.0
2015-08-11T19:06:00.000000Z,9.5703125,9.5703125,40.0
2015-08-11T19:06:05.000000Z,9.5703125,9.5703125,42.0
2015-08-11T19:06:10.000000Z,9.5703125,9.5703125,65.0
2015-08-11T19:06:15.000000Z,9.5703125,9.5703125,7.0
2015-08-11T19:06:25.000000Z,9.5703125,9.5703125,3.0
2015-08-11T19:06:30.000000Z,9.5703125,9.5703125,21.0
2015-08-11T19:06:35.000000Z,9.5703125,9.5703125,1.0
2015-08-11T19:06:40.000000Z,9.5703125,9.5703125,2.0
2015-08-11T19:06:45.000000Z,9.5703125,9.5703125,4.0
2015-08-11T19:06:50.000000Z,9.5703125,9.5703125,3.0
2015-08-11T19:06:55.000000Z,9.5703125,9.5703125,27.0
2015-08-11T19:07:00.000000Z,9.5703125,9.5703125,3.0
2015-08-11T19:07:10.000000Z,9.5703125,9.5703125,3.0
2015-08-11T19:07:15.000000Z,9.5703125,9.5703125,2.0
2015-08-11T19:07:20.000000Z,9.5703125,9.5703125,4.0
2015-08-11T19:07:30.000000Z,9.5703125,9.5625,29.0
2015-08-11T19:07:35.000000Z,9.5703125,9.5625,2.0
2015-08-11T19:07:45.000000Z,9.5703125,9.5625,26.0
2015-08-11T19:07:50.000000Z,9.5703125,9.5625,15.0
2015-08-11T19:07:55.000000Z,9.5703125,9.5625,25.0
2015-08-11T19:08:00.000000Z,9.5703125,9.5703125,9.0
2015-08-11T19:08:05.000000Z,9.5703125,9.5703125,7.0
2015-08-11T19:08:10.000000Z,9.5703125,9.5703125,2.0
2015-08-11T19:08:15.000000Z,9.5703125,9.5703125,30.0
2015-08-11T19:08:20.000000Z,9.5703125,9.5703125,6.0
2015-08-11T19:08:25.000000Z,9.5703125,9.5703125,5.0
2015-08-11T19:08:30.000000Z,9.5703125,9.5625,52.0
2015-08-11T19:08:35.000000Z,9.5703125,9.5625,5.0
2015-08-11T19:08:40.000000Z,9.5703125,9.5625,2.0
2015-08-11T19:08:45.000000Z,9.5703125,9.5625,4.0
2015-08-11T19:08:50.000000Z,9.5703125,9.5625,5.0
2015-08-11T19:08:55.000000Z,9.5703125,9.5625,4.0
2015-08-11T19:09:00.000000Z,9.5703125,9.5625,1.0
2015-08-11T19:09:05.000000Z,9.5703125,9.5625,1.0
2015-08-11T19:09:10.000000Z,9.5703125,9.5625,1.0
2015-08-11T19:09:15.000000Z,9.5703125,9.5625,17.0
2015-08-11T19:09:20.000000Z,9.5703125,9.5625,8.0
2015-08-11T19:10:30.000000Z,9.5703125,9.5625,2.0
2015-08-11T19:10:40.000000Z,9.5703125,9.5625,12.0
2015-08-11T19:10:45.000000Z,9.5703125,9.5625,23.0
2015-08-11T19:10:50.000000Z,9.5703125,9.5625,2.0
2015-08-11T19:10:55.000000Z,9.5703125,9.5625,28.0
2015-08-11T19:11:00.000000Z,9.5703125,9.5625,4.0
2015-08-11T19:11:05.000000Z,9.5703125,9.5625,7.0
2015-08-11T19:11:10.000000Z,9.5703125,9.5625,3.0
2015-08-11T19:11:15.000000Z,9.5703125,9.5625,1.0
2015-08-11T19:11:30.000000Z,9.5703125,9.5625,5.0
2015-08-11T19:11:35.000000Z,9.5703125,9.5625,1.0
2015-08-11T19:11:55.000000Z,9.5703125,9.5625,1.0
2015-08-11T19:12:05.000000Z,9.5703125,9.5625,2.0
2015-08-11T19:12:15.000000Z,9.5703125,9.5625,2.0
2015-08-11T19:12:20.000000Z,9.5703125,9.5625,2.0
2015-08-11T19:12:30.000000Z,9.5703125,9.5625,1.0
2015-08-11T19:12:35.000000Z,9.5703125,9.5625,1.0
2015-08-11T19:12:40.000000Z,9.5703125,9.5625,1.0
2015-08-11T19:12:55.000000Z,9.5703125,9.5625,2.0
2015-08-11T19:13:00.000000Z,9.5703125,9.5625,1.0
2015-08-11T19:13:10.000000Z,9.5703125,9.5625,3.0
2015-08-11T19:13:15.000000Z,9.5703125,9.5625,1.0
2015-08-11T19:13:20.000000Z,9.5703125,9.5625,2.0
2015-08-11T19:13:25.000000Z,9.5703125,9.5625,2.0
2015-08-11T19:13:30.000000Z,9.5703125,9.5625,2.0
2015-08-11T19:13:35.000000Z,9.5703125,9.5625,2.0
2015-08-11T19:13:40.000000Z,9.5703125,9.5625,1.0
2015-08-11T19:13:45.000000Z,9.5703125,9.5625,1.0
2015-08-11T19:13:50.000000Z,9.5703125,9.5625,29.0
2015-08-11T19:13:55.000000Z,9.5703125,9.5625,20.0
2015-08-11T19:14:00.000000Z,9.5703125,9.5625,13.0
2015-08-11T19:14:05.000000Z,9.5703125,9.5625,37.0
2015-08-11T19:14:10.000000Z,9.5703125,9.5625,46.0
2015-08-11T19:14:15.000000Z,9.5703125,9.5625,26.0
2015-08-11T19:14:20.000000Z,9.5703125,9.5625,9.0
2015-08-11T19:14:25.000000Z,9.5703125,9.5625,10.0
2015-08-11T19:14:30.000000Z,9.5703125,9.5625,7.0
2015-08-11T19:14:35.000000Z,9.5703125,9.5625,9.0
2015-08-11T19:14:40.000000Z,9.5703125,9.5625,9.0
2015-08-11T19:14:45.000000Z,9.5703125,9.5625,5.0
2015-08-11T19:14:55.000000Z,9.5703125,9.5625,4.0
2015-08-11T19:15:00.000000Z,9.5703125,9.5625,5.0
2015-08-11T19:15:05.000000Z,9.5703125,9.5625,2.0
2015-08-11T19:15:15.000000Z,9.5703125,9.5625,7.0
2015-08-11T19:15:20.000000Z,9.5703125,9.5625,2.0
2015-08-11T19:15:25.000000Z,9.5703125,9.5625,4.0
2015-08-11T19:15:30.000000Z,9.5703125,9.5625,9.0
2015-08-11T19:15:35.000000Z,9.5703125,9.5625,3.0
2015-08-11T19:15:40.000000Z,9.5703125,9.5625,5.0
2015-08-11T19:15:45.000000Z,9.5703125,9.5625,14.0
2015-08-11T19:15:50.000000Z,9.5703125,9.5625,5.0
2015-08-11T19:15:55.000000Z,9.5703125,9.5625,29.0
2015-08-11T19:16:00.000000Z,9.5703125,9.5625,9.0
2015-08-11T19:16:05.000000Z,9.5703125,9.5625,4.0
2015-08-11T19:16:10.000000Z,9.5703125,9.5625,13.0
2015-08-11T19:16:15.000000Z,9.5703125,9.5703125,7.0
2015-08-11T19:16:20.000000Z,9.5703125,9.5703125,7.0
2015-08-11T19:16:25.000000Z,9.5703125,9.5625,27.0
2015-08-11T19:16:30.000000Z,9.5703125,9.5625,6.0
2015-08-11T19:16:35.000000Z,9.5703125,9.5625,1.0
2015-08-11T19:16:40.000000Z,9.5703125,9.5625,5.0
2015-08-11T19:16:45.000000Z,9.5703125,9.5625,3.0
2015-08-11T19:16:50.000000Z,9.5703125,9.5625,3.0
2015-08-11T19:17:00.000000Z,9.5703125,9.5625,3.0
2015-08-11T19:17:05.000000Z,9.5703125,9.5625,3.0
2015-08-11T19:17:10.000000Z,9.5703125,9.5625,7.0
2015-08-11T19:17:15.000000Z,9.5703125,9.5625,22.0
2015-08-11T19:17:20.000000Z,9.5703125,9.5625,3.0
2015-08-11T19:17:25.000000Z,9.5703125,9.5625,5.0
2015-08-11T19:17:30.000000Z,9.5703125,9.5625,8.0
2015-08-11T19:17:45.000000Z,9.5703125,9.5625,2.0
2015-08-11T19:18:15.000000Z,9.5703125,9.5625,3.0
2015-08-11T19:18:20.000000Z,9.5703125,9.5625,4.0
2015-08-11T19:18:30.000000Z,9.5703125,9.5625,4.0
2015-08-11T19:18:35.000000Z,9.5703125,9.5625,2.0
2015-08-11T19:18:45.000000Z,9.5703125,9.5625,1.0
2015-08-11T19:18:50.000000Z,9.5703125,9.5625,4.0
2015-08-11T19:19:00.000000Z,9.5703125,9.5625,7.0
2015-08-11T19:19:05.000000Z,9.5703125,9.5625,41.0
2015-08-11T19:19:10.000000Z,9.5703125,9.5625,41.0
2015-08-11T19:19:15.000000Z,9.5703125,9.5703125,97.0
2015-08-11T19:19:20.000000Z,9.5703125,9.5703125,41.0
2015-08-11T19:19:25.000000Z,9.5703125,9.5703125,6.0
2015-08-11T19:19:30.000000Z,9.5703125,9.5703125,11.0
2015-08-11T19:19:35.000000Z,9.5703125,9.5703125,35.0
2015-08-11T19:19:40.000000Z,9.5703125,9.5703125,40.0
2015-08-11T19:19:45.000000Z,9.5703125,9.5625,51.0
2015-08-11T19:19:50.000000Z,9.5703125,9.5625,23.0
2015-08-11T19:19:55.000000Z,9.5703125,9.5625,26.0
2015-08-11T19:20:05.000000Z,9.5703125,9.5625,3.0
2015-08-11T19:20:10.000000Z,9.5703125,9.5625,47.0
2015-08-11T19:20:15.000000Z,9.5703125,9.5625,48.0
2015-08-11T19:20:20.000000Z,9.5703125,9.5625,63.0
2015-08-11T19:20:25.000000Z,9.5703125,9.5625,36.0
2015-08-11T19:20:30.000000Z,9.5703125,9.5625,8.0
2015-08-11T19:20:35.000000Z,9.5703125,9.5625,2.0
2015-08-11T19:20:40.000000Z,9.5703125,9.5625,4.0
2015-08-11T19:20:45.000000Z,9.5703125,9.5625,4.0
2015-08-11T19:20:50.000000Z,9.5703125,9.5625,51.0
2015-08-11T19:20:55.000000Z,9.5703125,9.5625,44.0
2015-08-11T19:21:00.000000Z,9.5703125,9.5625,34.0
2015-08-11T19:21:05.000000Z,9.5703125,9.5625,2.0
2015-08-11T19:21:10.000000Z,9.5703125,9.5625,25.0
2015-08-11T19:21:15.000000Z,9.5703125,9.5625,10.0
2015-08-11T19:21:20.000000Z,9.5703125,9.5625,30.0
2015-08-11T19:21:25.000000Z,9.5703125,9.5625,31.0
2015-08-11T19:21:30.000000Z,9.5703125,9.5625,18.0
2015-08-11T19:21:35.000000Z,9.5703125,9.5625,3.0
2015-08-11T19:21:40.000000Z,9.5703125,9.5625,3.0
2015-08-11T19:21:45.000000Z,9.5703125,9.5625,3.0
2015-08-11T19:21:55.000000Z,9.5703125,9.5625,1.0
2015-08-11T19:22:10.000000Z,9.5703125,9.5625,1.0
2015-08-11T19:22:30.000000Z,9.5703125,9.5625,2.0
2015-08-11T19:22:35.000000Z,9.5703125,9.5625,1.0
2015-08-11T19:22:50.000000Z,9.5703125,9.5625,1.0
2015-08-11T19:23:00.000000Z,9.5703125,9.5625,15.0
2015-08-11T19:23:05.000000Z,9.5703125,9.5625,47.0
2015-08-11T19:23:10.000000Z,9.5703125,9.5625,59.0
2015-08-11T19:23:15.000000Z,9.5703125,9.5625,40.0
2015-08-11T19:23:20.000000Z,9.5703125,9.5625,24.0
2015-08-11T19:23:25.000000Z,9.5703125,9.5625,56.0
2015-08-11T19:23:30.000000Z,9.5703125,9.5625,12.0
2015-08-11T19:23:35.000000Z,9.5703125,9.5625,3.0
2015-08-11T19:23:50.000000Z,9.5703125,9.5625,2.0
2015-08-11T19:24:05.000000Z,9.5703125,9.5625,2.0
2015-08-11T19:24:10.000000Z,9.5703125,9.5625,3.0
2015-08-11T19:24:15.000000Z,9.5703125,9.5625,4.0
2015-08-11T19:24:20.000000Z,9.5703125,9.5625,2.0
2015-08-11T19:24:25.000000Z,9.5703125,9.5625,28.0
2015-08-11T19:24:30.000000Z,9.5703125,9.5625,47.0
2015-08-11T19:24:35.000000Z,9.5703125,9.5625,6.0
2015-08-11T19:24:40.000000Z,9.5703125,9.5625,2.0
2015-08-11T19:24:45.000000Z,9.5703125,9.5625,2.0
2015-08-11T19:24:50.000000Z,9.5703125,9.5625,29.0
2015-08-11T19:24:55.000000Z,9.5703125,9.5625,4.0
2015-08-11T19:25:00.000000Z,9.5703125,9.5625,14.0
2015-08-11T19:25:05.000000Z,9.5703125,9.5625,35.0
2015-08-11T19:25:10.000000Z,9.5703125,9.5625,10.0
2015-08-11T19:25:15.000000Z,9.5703125,9.5625,49.0
2015-08-11T19:25:20.000000Z,9.5703125,9.5625,33.0
2015-08-11T19:25:25.000000Z,9.5703125,9.5625,50.0
2015-08-11T19:25:30.000000Z,9.5703125,9.5625,44.0
2015-08-11T19:25:35.000000Z,9.5703125,9.5625,51.0
2015-08-11T19:25:40.000000Z,9.5703125,9.5625,31.0
2015-08-11T19:25:45.000000Z,9.5703125,9.5625,22.0
2015-08-11T19:25:50.000000Z,9.5703125,9.5625,2.0
2015-08-11T19:25:55.000000Z,9.5703125,9.5625,20.0
2015-08-11T19:26:00.000000Z,9.5703125,9.5625,15.0
2015-08-11T19:26:05.000000Z,9.5703125,9.5625,8.0
2015-08-11T19:26:10.000000Z,9.5703125,9.5625,23.0
2015-08-11T19:26:15.000000Z,9.5703125,9.5625,38.0
2015-08-11T19:26:20.000000Z,9.5703125,9.5625,39.0
2015-08-11T19:26:25.000000Z,9.5703125,9.5625,33.0
2015-08-11T19:26:30.000000Z,9.5703125,9.5625,48.0
2015-08-11T19:26:35.000000Z,9.5703125,9.5625,5.0
2015-08-11T19:26:50.000000Z,9.5703125,9.5625,35.0
2015-08-11T19:26:55.000000Z,9.5703125,9.5625,32.0
2015-08-11T19:27:00.000000Z,9.5703125,9.5625,39.0
2015-08-11T19:27:05.000000Z,9.5703125,9.5625,28.0
2015-08-11T19:27:10.000000Z,9.5703125,9.5625,1.0
2015-08-11T19:27:15.000000Z,9.5703125,9.5625,1.0
2015-08-11T19:27:20.000000Z,9.5703125,9.5625,4.0
2015-08-11T19:27:30.000000Z,9.5703125,9.5625,48.0
2015-08-11T19:27:35.000000Z,9.5703125,9.5625,7.0
2015-08-11T19:27:45.000000Z,9.5703125,9.5625,1.0
2015-08-11T19:27:50.000000Z,9.5703125,9.5625,1.0
2015-08-11T19:28:00.000000Z,9.5703125,9.5625,7.0
2015-08-11T19:28:05.000000Z,9.5703125,9.5625,2.0
2015-08-11T19:28:10.000000Z,9.5703125,9.5625,1.0
2015-08-11T19:28:15.000000Z,9.5703125,9.5625,4.0
2015-08-11T19:28:20.000000Z,9.5703125,9.5625,3.0
2015-08-11T19:28:25.000000Z,9.5703125,9.5625,1.0
2015-08-11T19:28:30.000000Z,9.5703125,9.5625,1.0
2015-08-11T19:28:45.000000Z,9.5703125,9.5625,1.0
2015-08-11T19:28:55.000000Z,9.5703125,9.5625,3.0
2015-08-11T19:29:15.000000Z,9.5703125,9.5625,1.0
2015-08-11T19:29:20.000000Z,9.5703125,9.5625,1.0
2015-08-11T19:29:25.000000Z,9.5703125,9.5625,2.0
2015-08-11T19:29:30.000000Z,9.5703125,9.5625,1.0
2015-08-11T19:29:35.000000Z,9.5703125,9.5625,1.0
2015-08-11T19:29:55.000000Z,9.5703125,9.5625,9.0
2015-08-11T19:30:00.000000Z,9.5703125,9.5625,1.0
2015-08-11T19:30:05.000000Z,9.5703125,9.5625,3.0
2015-08-11T19:30:10.000000Z,9.5703125,9.5625,4.0
2015-08-11T19:30:15.000000Z,9.5703125,9.5625,4.0
2015-08-11T19:30:20.000000Z,9.5703125,9.5625,5.0
2015-08-11T19:30:25.000000Z,9.5703125,9.5625,1.0
2015-08-11T19:30:30.000000Z,9.5703125,9.5625,3.0
2015-08-11T19:30:35.000000Z,9.5703125,9.5625,1.0
2015-08-11T19:30:40.000000Z,9.5703125,9.5625,4.0
2015-08-11T19:30:45.000000Z,9.5703125,9.5625,7.0
2015-08-11T19:30:50.000000Z,9.5703125,9.5625,2.0
2015-08-11T19:30:55.000000Z,9.5703125,9.5625,1.0
2015-08-11T19:31:00.000000Z,9.5703125,9.5625,1.0
2015-08-11T19:31:05.000000Z,9.5703125,9.5625,2.0
2015-08-11T19:31:10.000000Z,9.5703125,9.5625,2.0
2015-08-11T19:31:20.000000Z,9.5703125,9.5625,1.0
2015-08-11T19:31:30.000000Z,9.5703125,9.5625,1.0
2015-08-11T19:31:35.000000Z,9.5703125,9.5625,6.0
2015-08-11T19:31:40.000000Z,9.5703125,9.5625,10.0
2015-08-11T19:31:45.000000Z,9.5703125,9.5625,1.0
2015-08-11T19:31:50.000000Z,9.5703125,9.5625,1.0
2015-08-11T19:31:55.000000Z,9.5703125,9.5625,6.0
2015-08-11T19:32:10.000000Z,9.5703125,9.5625,1.0
2015-08-11T19:32:15.000000Z,9.5703125,9.5625,1.0
2015-08-11T19:32:20.000000Z,9.5703125,9.5625,3.0
2015-08-11T19:32:25.000000Z,9.5703125,9.5625,1.0
2015-08-11T19:32:45.000000Z,9.5703125,9.5625,5.0
2015-08-11T19:32:55.000000Z,9.5703125,9.5625,11.0
2015-08-11T19:33:00.000000Z,9.5703125,9.5625,7.0
2015-08-11T19:33:05.000000Z,9.5703125,9.5625,16.0
2015-08-11T19:33:15.000000Z,9.5703125,9.5625,11.0
2015-08-11T19:33:20.000000Z,9.5703125,9.5625,10.0
2015-08-11T19:33:25.000000Z,9.5703125,9.5625,8.0
2015-08-11T19:33:30.000000Z,9.5703125,9.5625,15.0
2015-08-11T19:33:35.000000Z,9.5703125,9.5625,7.0
2015-08-11T19:33:40.000000Z,9.5703125,9.5625,1.0
2015-08-11T19:33:45.000000Z,9.5703125,9.5625,1.0
2015-08-11T19:33:50.000000Z,9.5703125,9.5625,2.0
2015-08-11T19:33:55.000000Z,9.5703125,9.5625,9.0
2015-08-11T19:34:00.000000Z,9.5703125,9.5625,3.0
2015-08-11T19:34:05.000000Z,9.5703125,9.5625,4.0
2015-08-11T19:34:10.000000Z,9.5703125,9.5625,3.0
2015-08-11T19:34:15.000000Z,9.5703125,9.5625,2.0
2015-08-11T19:34:25.000000Z,9.5703125,9.5625,1.0
2015-08-11T19:34:45.000000Z,9.5703125,9.5625,3.0
2015-08-11T19:34:50.000000Z,9.5703125,9.5625,1.0
2015-08-11T19:35:00.000000Z,9.5703125,9.5625,5.0
2015-08-11T19:35:05.000000Z,9.5703125,9.5625,1.0
2015-08-11T19:35:10.000000Z,9.5703125,9.5625,1.0
2015-08-11T19:35:15.000000Z,9.5703125,9.5625,11.0
2015-08-11T19:35:20.000000Z,9.5703125,9.5625,2.0
2015-08-11T19:35:25.000000Z,9.5703125,9.5625,2.0
2015-08-11T19:35:30.000000Z,9.5703125,9.5625,1.0
2015-08-11T19:35:35.000000Z,9.5703125,9.5625,1.0
2015-08-11T19:35:45.000000Z,9.5703125,9.5625,6.0
2015-08-11T19:35:50.000000Z,9.5703125,9.5625,9.0
2015-08-11T19:35:55.000000Z,9.5703125,9.5625,5.0
2015-08-11T19:36:00.000000Z,9.5703125,9.5625,9.0
2015-08-11T19:36:10.000000Z,9.5703125,9.5625,1.0
2015-08-11T19:36:15.000000Z,9.5703125,9.5625,11.0
2015-08-11T19:36:20.000000Z,9.5703125,9.5625,4.0
2015-08-11T19:36:30.000000Z,9.5703125,9.5625,1.0
2015-08-11T19:36:35.000000Z,9.5703125,9.5625,1.0
2015-08-11T19:36:45.000000Z,9.5703125,9.5625,1.0
2015-08-11T19:36:50.000000Z,9.5703125,9.5625,2.0
2015-08-11T19:36:55.000000Z,9.5703125,9.5625,2.0
2015-08-11T19:37:00.000000Z,9.5703125,9.5625,11.0
2015-08-11T19:37:05.000000Z,9.5703125,9.5625,2.0
2015-08-11T19:37:10.000000Z,9.5703125,9.5625,1.0
2015-08-11T19:37:20.000000Z,9.5703125,9.5625,3.0
2015-08-11T19:37:25.000000Z,9.5703125,9.5625,1.0
2015-08-11T19:37:30.000000Z,9.5703125,9.5625,2.0
2015-08-11T19:37:50.000000Z,9.5703125,9.5625,1.0
2015-08-11T19:37:55.000000Z,9.5703125,9.5625,1.0
2015-08-11T19:38:00.000000Z,9.5703125,9.5625,3.0
2015-08-11T19:38:05.000000Z,9.5703125,9.5625,2.0
2015-08-11T19:38:15.000000Z,9.5703125,9.5625,3.0
2015-08-11T19:38:20.000000Z,9.5703125,9.5625,2.0
2015-08-11T19:38:25.000000Z,9.5703125,9.5625,2.0
2015-08-11T19:38:45.000000Z,9.5703125,9.5625,2.0
2015-08-11T19:39:45.000000Z,9.5703125,9.5625,3.0
2015-08-11T19:39:50.000000Z,9.5703125,9.5625,1.0
2015-08-11T19:40:15.000000Z,9.5703125,9.5625,1.0
2015-08-11T19:40:20.000000Z,9.5703125,9.5625,1.0
2015-08-11T19:40:50.000000Z,9.5703125,9.5625,1.0
2015-08-11T19:40:55.000000Z,9.5703125,9.5625,2.0
2015-08-11T19:41:00.000000Z,9.5703125,9.5625,1.0
2015-08-11T19:41:05.000000Z,9.5703125,9.5625,3.0
2015-08-11T19:41:20.000000Z,9.5703125,9.5625,1.0
2015-08-11T19:41:35.000000Z,9.5703125,9.5625,3.0
2015-08-11T19:41:40.000000Z,9.5703125,9.5625,1.0
2015-08-11T19:41:45.000000Z,9.5703125,9.5625,1.0
2015-08-11T19:42:00.000000Z,9.5703125,9.5625,3.0
2015-08-11T19:42:15.000000Z,9.5703125,9.5625,2.0
2015-08-11T19:42:55.000000Z,9.5703125,9.5625,1.0
2015-08-11T19:43:05.000000Z,9.5703125,9.5625,4.0
2015-08-11T19:43:55.000000Z,9.5703125,9.5625,2.0
2015-08-11T19:44:10.000000Z,9.5703125,9.5625,1.0
2015-08-11T19:44:30.000000Z,9.5703125,9.5625,2.0
2015-08-11T19:44:45.000000Z,9.5703125,9.5625,1.0
2015-08-11T19:44:50.000000Z,9.5703125,9.5625,1.0
2015-08-11T19:45:00.000000Z,9.5703125,9.5625,2.0
2015-08-11T19:45:20.000000Z,9.5703125,9.5625,1.0
2015-08-11T19:45:35.000000Z,9.5703125,9.5625,2.0
2015-08-11T19:45:40.000000Z,9.5703125,9.5625,1.0
2015-08-11T19:45:50.000000Z,9.5703125,9.5625,4.0
2015-08-11T19:46:00.000000Z,9.5703125,9.5625,4.0
2015-08-11T19:46:05.000000Z,9.5703125,9.5625,1.0
2015-08-11T19:46:10.000000Z,9.5703125,9.5625,18.0
2015-08-11T19:46:15.000000Z,9.5703125,9.5625,5.0
2015-08-11T19:46:25.000000Z,9.5703125,9.5625,2.0
2015-08-11T19:46:35.000000Z,9.5703125,9.5625,1.0
2015-08-11T19:46:40.000000Z,9.5703125,9.5625,1.0
2015-08-11T19:46:45.000000Z,9.5703125,9.5625,2.0
2015-08-11T19:46:55.000000Z,9.5703125,9.5625,2.0
2015-08-11T19:47:05.000000Z,9.5703125,9.5625,2.0
2015-08-11T19:47:10.000000Z,9.5703125,9.5625,4.0
2015-08-11T19:47:20.000000Z,9.5703125,9.5625,1.0
2015-08-11T19:47:25.000000Z,9.5703125,9.5625,1.0
2015-08-11T19:47:30.000000Z,9.5703125,9.5625,4.0
2015-08-11T19:47:35.000000Z,9.5703125,9.5625,15.0
2015-08-11T19:47:40.000000Z,9.5703125,9.5625,1.0
2015-08-11T19:48:10.000000Z,9.5703125,9.5625,8.0
2015-08-11T19:48:30.000000Z,9.5703125,9.5625,2.0
2015-08-11T19:48:35.000000Z,9.5703125,9.5625,3.0
2015-08-11T19:48:40.000000Z,9.5703125,9.5625,36.0
2015-08-11T19:48:45.000000Z,9.5703125,9.5625,10.0
2015-08-11T19:48:50.000000Z,9.5625,9.5625,47.0
2015-08-11T19:48:55.000000Z,9.5625,9.5625,44.0
2015-08-11T19:49:00.000000Z,9.5625,9.5625,6.0
2015-08-11T19:49:05.000000Z,9.5625,9.5625,22.0
2015-08-11T19:49:10.000000Z,9.5625,9.5625,11.0
2015-08-11T19:49:15.000000Z,9.5625,9.5625,6.0
2015-08-11T19:49:20.000000Z,9.5625,9.5625,1.0
2015-08-11T19:49:35.000000Z,9.5625,9.5625,1.0
2015-08-11T19:49:40.000000Z,9.5625,9.5625,2.0
2015-08-11T19:49:50.000000Z,9.5625,9.5625,1.0
2015-08-11T19:49:55.000000Z,9.5625,9.5625,1.0
2015-08-11T19:50:00.000000Z,9.5625,9.5625,5.0
2015-08-11T19:50:05.000000Z,9.5625,9.5625,1.0
2015-08-11T19:50:10.000000Z,9.5625,9.5625,1.0
2015-08-11T19:50:15.000000Z,9.5625,9.5625,1.0
2015-08-11T19:50:20.000000Z,9.5625,9.5625,1.0
2015-08-11T19:50:25.000000Z,9.5625,9.5625,2.0
2015-08-11T19:50:30.000000Z,9.5625,9.5625,1.0
2015-08-11T19:50:35.000000Z,9.5625,9.5625,3.0
2015-08-11T19:50:40.000000Z,9.5625,9.5625,1.0
2015-08-11T19:50:45.000000Z,9.5625,9.5625,3.0
2015-08-11T19:50:50.000000Z,9.5625,9.5625,10.0
2015-08-11T19:50:55.000000Z,9.5625,9.5625,1.0
2015-08-11T19:51:05.000000Z,9.5625,9.5625,1.0
2015-08-11T19:51:10.000000Z,9.5625,9.5625,2.0
2015-08-11T19:51:20.000000Z,9.5625,9.5625,4.0
2015-08-11T19:51:25.000000Z,9.5625,9.5625,2.0
2015-08-11T19:51:30.000000Z,9.5625,9.5625,2.0
2015-08-11T19:51:40.000000Z,9.5625,9.5625,3.0
2015-08-11T19:51:45.000000Z,9.5625,9.5625,2.0
2015-08-11T19:51:50.000000Z,9.5625,9.5625,1.0
2015-08-11T19:52:10.000000Z,9.5625,9.5625,7.0
2015-08-11T19:52:15.000000Z,9.5625,9.5625,5.0
2015-08-11T19:52:25.000000Z,9.5625,9.5625,5.0
2015-08-11T19:52:30.000000Z,9.5625,9.5625,2.0
2015-08-11T19:52:35.000000Z,9.5625,9.5625,4.0
2015-08-11T19:52:45.000000Z,9.5625,9.5625,2.0
2015-08-11T19:52:50.000000Z,9.5625,9.5625,3.0
2015-08-11T19:52:55.000000Z,9.5625,9.5625,38.0
2015-08-11T19:53:00.000000Z,9.5625,9.5625,1.0
2015-08-11T19:53:10.000000Z,9.5625,9.5625,3.0
2015-08-11T19:53:15.000000Z,9.5625,9.5625,25.0
2015-08-11T19:53:20.000000Z,9.5625,9.5625,14.0
2015-08-11T19:53:25.000000Z,9.5625,9.5625,14.0
2015-08-11T19:53:30.000000Z,9.5625,9.5625,30.0
2015-08-11T19:53:35.000000Z,9.5625,9.5625,2.0
2015-08-11T19:53:40.000000Z,9.5625,9.5625,7.0
2015-08-11T19:53:45.000000Z,9.5625,9.5625,1.0
2015-08-11T19:53:50.000000Z,9.5625,9.5625,4.0
2015-08-11T19:53:55.000000Z,9.5625,9.5625,1.0
2015-08-11T19:54:00.000000Z,9.5625,9.5625,2.0
2015-08-11T19:54:05.000000Z,9.5625,9.5625,1.0
2015-08-11T19:54:15.000000Z,9.5625,9.5625,1.0
2015-08-11T19:54:20.000000Z,9.5625,9.5625,1.0
2015-08-11T19:54:25.000000Z,9.5625,9.5625,1.0
2015-08-11T19:54:30.000000Z,9.5625,9.5625,4.0
2015-08-11T19:54:40.000000Z,9.5625,9.5625,1.0
2015-08-11T19:54:45.000000Z,9.5625,9.5625,1.0
2015-08-11T19:54:55.000000Z,9.5625,9.5625,4.0
2015-08-11T19:55:00.000000Z,9.5625,9.5625,15.0
2015-08-11T19:55:05.000000Z,9.5625,9.5625,12.0
2015-08-11T19:55:10.000000Z,9.5625,9.5625,7.0
2015-08-11T19:55:15.000000Z,9.5625,9.5625,3.0
2015-08-11T19:55:20.000000Z,9.5625,9.5625,1.0
2015-08-11T19:55:25.000000Z,9.5625,9.5625,1.0
2015-08-11T19:55:30.000000Z,9.5625,9.5625,6.0
2015-08-11T19:55:35.000000Z,9.5625,9.5625,4.0
2015-08-11T19:55:40.000000Z,9.5625,9.5625,8.0
2015-08-11T19:55:50.000000Z,9.5625,9.5625,2.0
2015-08-11T19:55:55.000000Z,9.5625,9.5625,8.0
2015-08-11T19:56:00.000000Z,9.5625,9.5625,1.0
2015-08-11T19:56:10.000000Z,9.5625,9.5625,3.0
2015-08-11T19:56:15.000000Z,9.5625,9.5625,1.0
2015-08-11T19:56:20.000000Z,9.5625,9.5625,3.0
2015-08-11T19:56:30.000000Z,9.5625,9.5625,5.0
2015-08-11T19:56:35.000000Z,9.5625,9.5625,1.0
2015-08-11T19:56:40.000000Z,9.5625,9.5625,5.0
2015-08-11T19:56:45.000000Z,9.5625,9.5625,3.0
2015-08-11T19:56:50.000000Z,9.5625,9.5625,5.0
2015-08-11T19:56:55.000000Z,9.5625,9.5625,7.0
2015-08-11T19:57:00.000000Z,9.5625,9.5625,1.0
2015-08-11T19:57:15.000000Z,9.5625,9.5625,2.0
2015-08-11T19:57:20.000000Z,9.5625,9.5625,4.0
2015-08-11T19:57:25.000000Z,9.5625,9.5625,1.0
2015-08-11T19:57:30.000000Z,9.5625,9.5625,2.0
2015-08-11T19:57:35.000000Z,9.5625,9.5625,3.0
2015-08-11T19:57:40.000000Z,9.5625,9.5625,1.0
2015-08-11T19:57:45.000000Z,9.5625,9.5625,3.0
2015-08-11T19:57:55.000000Z,9.5625,9.5625,3.0
2015-08-11T19:58:05.000000Z,9.5625,9.5625,6.0
2015-08-11T19:58:10.000000Z,9.5625,9.5625,10.0
2015-08-11T19:58:15.000000Z,9.5625,9.5625,4.0
2015-08-11T19:58:20.000000Z,9.5625,9.5625,3.0
2015-08-11T19:58:25.000000Z,9.5625,9.5625,5.0
2015-08-11T19:58:30.000000Z,9.5625,9.5625,2.0
2015-08-11T19:58:35.000000Z,9.5625,9.5625,1.0
2015-08-11T19:58:40.000000Z,9.5625,9.5625,5.0
2015-08-11T19:58:50.000000Z,9.5625,9.5625,3.0
2015-08-11T19:58:55.000000Z,9.5625,9.5625,6.0
2015-08-11T19:59:00.000000Z,9.5625,9.5625,2.0
2015-08-11T19:59:05.000000Z,9.5625,9.5625,1.0
2015-08-11T19:59:10.000000Z,9.5625,9.5625,3.0
2015-08-11T19:59:15.000000Z,9.5625,9.5625,4.0
2015-08-11T19:59:25.000000Z,9.5625,9.5625,1.0
2015-08-11T19:59:30.000000Z,9.5625,9.5625,9.0
2015-08-11T19:59:45.000000Z,9.5625,9.5625,7.0
2015-08-11T19:59:50.000000Z,9.5625,9.5625,7.0
2015-08-11T19:59:55.000000Z,9.5625,9.5625,6.0
2015-08-11T20:00:00.000000Z,9.5625,9.5625,11.0
2015-08-11T20:00:05.000000Z,9.5625,9.5625,3.0
2015-08-11T20:00:10.000000Z,9.5625,9.5625,3.0
2015-08-11T20:00:15.000000Z,9.5625,9.5625,15.0
2015-08-11T20:00:20.000000Z,9.5625,9.5625,4.0
2015-08-11T20:00:25.000000Z,9.5625,9.5625,9.0
2015-08-11T20:00:30.000000Z,9.5625,9.5625,3.0
2015-08-11T20:00:35.000000Z,9.5625,9.5625,4.0
2015-08-11T20:00:40.000000Z,9.5625,9.5625,4.0
2015-08-11T20:00:45.000000Z,9.5625,9.5625,6.0
2015-08-11T20:01:00.000000Z,9.5625,9.5625,3.0
2015-08-11T20:01:05.000000Z,9.5625,9.5625,1.0
2015-08-11T20:01:10.000000Z,9.5625,9.5625,5.0
2015-08-11T20:01:15.000000Z,9.5625,9.5625,5.0
2015-08-11T20:01:20.000000Z,9.5625,9.5625,6.0
2015-08-11T20:01:25.000000Z,9.5625,9.5625,3.0
2015-08-11T20:01:35.000000Z,9.5625,9.5625,4.0
2015-08-11T20:01:40.000000Z,9.5625,9.5625,5.0
2015-08-11T20:01:45.000000Z,9.5625,9.5625,5.0
2015-08-11T20:01:50.000000Z,9.5625,9.5625,3.0
2015-08-11T20:01:55.000000Z,9.5625,9.5625,3.0
2015-08-11T20:02:00.000000Z,9.5625,9.5625,2.0
2015-08-11T20:02:05.000000Z,9.5625,9.5625,1.0
2015-08-11T20:02:20.000000Z,9.5625,9.5625,4.0
2015-08-11T20:02:25.000000Z,9.5625,9.5625,1.0
2015-08-11T20:02:30.000000Z,9.5625,9.5625,2.0
2015-08-11T20:02:40.000000Z,9.5625,9.5625,1.0
2015-08-11T20:02:50.000000Z,9.5625,9.5625,4.0
2015-08-11T20:02:55.000000Z,9.5625,9.5625,1.0
2015-08-11T20:03:00.000000Z,9.5625,9.5625,1.0
2015-08-11T20:03:05.000000Z,9.5625,9.5625,2.0
2015-08-11T20:03:10.000000Z,9.5625,9.5625,4.0
2015-08-11T20:03:15.000000Z,9.5625,9.5625,2.0
2015-08-11T20:03:30.000000Z,9.5625,9.5625,1.0
2015-08-11T20:03:35.000000Z,9.5625,9.5625,1.0
2015-08-11T20:03:45.000000Z,9.5625,9.5625,4.0
2015-08-11T20:03:50.000000Z,9.5625,9.5625,1.0
2015-08-11T20:03:55.000000Z,9.5625,9.5625,2.0
2015-08-11T20:04:00.000000Z,9.5625,9.5625,8.0
2015-08-11T20:04:05.000000Z,9.5625,9.5625,7.0
2015-08-11T20:04:15.000000Z,9.5625,9.5625,10.0
2015-08-11T20:04:20.000000Z,9.5625,9.5625,2.0
2015-08-11T20:04:25.000000Z,9.5625,9.5625,2.0
2015-08-11T20:04:30.000000Z,9.5625,9.5625,2.0
2015-08-11T20:04:40.000000Z,9.5625,9.5625,2.0
2015-08-11T20:04:45.000000Z,9.5625,9.5625,2.0
2015-08-11T20:04:50.000000Z,9.5625,9.5625,33.0
2015-08-11T20:04:55.000000Z,9.5625,9.5625,9.0
2015-08-11T20:05:00.000000Z,9.5625,9.5625,3.0
2015-08-11T20:05:05.000000Z,9.5625,9.5625,12.0
2015-08-11T20:05:10.000000Z,9.5625,9.5625,8.0
2015-08-11T20:05:15.000000Z,9.5625,9.5625,5.0
2015-08-11T20:05:20.000000Z,9.5625,9.5625,3.0
2015-08-11T20:05:25.000000Z,9.5625,9.5625,2.0
2015-08-11T20:05:30.000000Z,9.5625,9.5625,1.0
2015-08-11T20:05:50.000000Z,9.5625,9.5625,1.0
2015-08-11T20:06:00.000000Z,9.5625,9.5625,3.0
2015-08-11T20:06:05.000000Z,9.5625,9.5625,4.0
2015-08-11T20:06:10.000000Z,9.5625,9.5625,5.0
2015-08-11T20:06:15.000000Z,9.5625,9.5625,3.0
2015-08-11T20:06:20.000000Z,9.5625,9.5625,2.0
2015-08-11T20:06:25.000000Z,9.5625,9.5625,2.0
2015-08-11T20:06:30.000000Z,9.5625,9.5625,8.0
2015-08-11T20:06:35.000000Z,9.5625,9.5625,5.0
2015-08-11T20:06:40.000000Z,9.5625,9.5625,1.0
2015-08-11T20:06:45.000000Z,9.5625,9.5625,1.0
2015-08-11T20:06:55.000000Z,9.5625,9.5625,1.0
2015-08-11T20:07:00.000000Z,9.5625,9.5625,1.0
2015-08-11T20:07:15.000000Z,9.5625,9.5625,1.0
2015-08-11T20:07:20.000000Z,9.5625,9.5625,2.0
2015-08-11T20:07:25.000000Z,9.5625,9.5625,8.0
2015-08-11T20:07:30.000000Z,9.5625,9.5625,5.0
2015-08-11T20:07:50.000000Z,9.5625,9.5625,3.0
2015-08-11T20:08:10.000000Z,9.5625,9.5625,7.0
2015-08-11T20:08:30.000000Z,9.5625,9.5625,1.0
2015-08-11T20:08:35.000000Z,9.5625,9.5625,1.0
2015-08-11T20:08:40.000000Z,9.5625,9.5625,1.0
2015-08-11T20:08:45.000000Z,9.5625,9.5625,2.0
2015-08-11T20:09:10.000000Z,9.5625,9.5625,3.0
2015-08-11T20:09:15.000000Z,9.5625,9.5625,1.0
2015-08-11T20:09:20.000000Z,9.5625,9.5625,2.0
2015-08-11T20:09:25.000000Z,9.5625,9.5625,12.0
2015-08-11T20:09:30.000000Z,9.5625,9.5625,7.0
2015-08-11T20:09:35.000000Z,9.5625,9.5625,2.0
2015-08-11T20:09:45.000000Z,9.5625,9.5625,1.0
2015-08-11T20:10:00.000000Z,9.5625,9.5625,2.0
2015-08-11T20:10:05.000000Z,9.5625,9.5625,1.0
2015-08-11T20:10:10.000000Z,9.5625,9.5625,11.0
2015-08-11T20:10:15.000000Z,9.5625,9.5625,5.0
2015-08-11T20:10:30.000000Z,9.5625,9.5625,2.0
2015-08-11T20:10:35.000000Z,9.5625,9.5625,1.0
2015-08-11T20:10:40.000000Z,9.5625,9.5625,2.0
2015-08-11T20:10:45.000000Z,9.5625,9.5625,1.0
2015-08-11T20:10:50.000000Z,9.5625,9.5625,1.0
2015-08-11T20:11:00.000000Z,9.5625,9.5625,3.0
2015-08-11T20:11:10.000000Z,9.5625,9.5625,3.0
2015-08-11T20:11:25.000000Z,9.5625,9.5625,1.0
2015-08-11T20:11:30.000000Z,9.5625,9.5625,1.0
2015-08-11T20:11:35.000000Z,9.5625,9.5625,1.0
2015-08-11T20:11:40.000000Z,9.5625,9.5625,1.0
2015-08-11T20:11:45.000000Z,9.5625,9.5625,1.0
2015-08-11T20:11:50.000000Z,9.5625,9.5625,6.0
2015-08-11T20:12:10.000000Z,9.5625,9.5625,6.0
2015-08-11T20:12:15.000000Z,9.5625,9.5625,2.0
2015-08-11T20:12:20.000000Z,9.5625,9.5625,2.0
2015-08-11T20:12:25.000000Z,9.5625,9.5625,5.0
2015-08-11T20:12:30.000000Z,9.5625,9.5625,1.0
2015-08-11T20:12:35.000000Z,9.5625,9.5625,2.0
2015-08-11T20:12:40.000000Z,9.5625,9.5625,4.0
2015-08-11T20:12:45.000000Z,9.5625,9.5625,2.0
2015-08-11T20:12:50.000000Z,9.5625,9.5625,2.0
2015-08-11T20:12:55.000000Z,9.5625,9.5625,2.0
2015-08-11T20:13:00.000000Z,9.5625,9.5625,2.0
2015-08-11T20:13:10.000000Z,9.5625,9.5625,5.0
2015-08-11T20:13:15.000000Z,9.5625,9.5625,2.0
2015-08-11T20:13:20.000000Z,9.5625,9.5625,2.0
2015-08-11T20:13:40.000000Z,9.5625,9.5625,1.0
2015-08-11T20:13:45.000000Z,9.5625,9.5625,3.0
2015-08-11T20:13:50.000000Z,9.5625,9.5625,4.0
2015-08-11T20:13:55.000000Z,9.5625,9.5625,1.0
2015-08-11T20:14:10.000000Z,9.5625,9.5625,1.0
2015-08-11T20:14:15.000000Z,9.5625,9.5625,4.0
2015-08-11T20:14:20.000000Z,9.5625,9.5625,2.0
2015-08-11T20:14:30.000000Z,9.5625,9.5625,6.0
2015-08-11T20:14:35.000000Z,9.5625,9.5625,3.0
2015-08-11T20:14:40.000000Z,9.5625,9.5625,3.0
2015-08-11T20:14:45.000000Z,9.5625,9.5625,2.0
2015-08-11T20:14:50.000000Z,9.5625,9.5625,11.0
2015-08-11T20:14:55.000000Z,9.5625,9.5625,8.0
2015-08-11T20:15:00.000000Z,9.5625,9.5625,25.0
2015-08-11T20:15:05.000000Z,9.5625,9.5625,4.0
2015-08-11T20:15:10.000000Z,9.5625,9.5625,2.0
2015-08-11T20:15:15.000000Z,9.5625,9.5625,5.0
2015-08-11T20:15:20.000000Z,9.5625,9.5625,8.0
2015-08-11T20:15:25.000000Z,9.5625,9.5625,6.0
2015-08-11T20:15:30.000000Z,9.5625,9.5625,22.0
2015-08-11T20:15:35.000000Z,9.5625,9.5625,7.0
2015-08-11T20:15:55.000000Z,9.5625,9.5625,9.0
2015-08-11T20:16:00.000000Z,9.5625,9.5625,1.0
2015-08-11T20:16:10.000000Z,9.5625,9.5625,4.0
2015-08-11T20:16:15.000000Z,9.5625,9.5625,2.0
2015-08-11T20:16:20.000000Z,9.5625,9.5625,3.0
2015-08-11T20:16:30.000000Z,9.5625,9.5625,1.0
2015-08-11T20:16:35.000000Z,9.5625,9.5625,3.0
2015-08-11T20:16:45.000000Z,9.5625,9.5625,4.0
2015-08-11T20:16:55.000000Z,9.5625,9.5625,3.0
2015-08-11T20:17:00.000000Z,9.5625,9.5625,2.0
2015-08-11T20:17:05.000000Z,9.5625,9.5625,5.0
2015-08-11T20:17:15.000000Z,9.5625,9.5625,2.0
2015-08-11T20:17:20.000000Z,9.5625,9.5625,5.0
2015-08-11T20:17:25.000000Z,9.5625,9.5625,13.0
2015-08-11T20:17:30.000000Z,9.5625,9.5625,3.0
2015-08-11T20:17:40.000000Z,9.5625,9.5625,7.0
2015-08-11T20:17:45.000000Z,9.5625,9.5625,3.0
2015-08-11T20:17:50.000000Z,9.5625,9.5625,2.0
2015-08-11T20:18:10.000000Z,9.5625,9.5625,2.0
2015-08-11T20:18:20.000000Z,9.5625,9.5625,2.0
2015-08-11T20:18:25.000000Z,9.5625,9.5625,1.0
2015-08-11T20:18:45.000000Z,9.5625,9.5625,1.0
2015-08-11T20:19:10.000000Z,9.5625,9.5625,1.0
2015-08-11T20:19:15.000000Z,9.5625,9.5625,3.0
2015-08-11T20:19:20.000000Z,9.5625,9.5625,6.0
2015-08-11T20:19:40.000000Z,9.5625,9.5625,1.0
2015-08-11T20:19:50.000000Z,9.5625,9.5625,1.0
2015-08-11T20:20:00.000000Z,9.5625,9.5625,4.0
2015-08-11T20:20:05.000000Z,9.5625,9.5625,1.0
2015-08-11T20:20:10.000000Z,9.5625,9.5625,1.0
2015-08-11T20:20:20.000000Z,9.5625,9.5625,1.0
2015-08-11T20:20:45.000000Z,9.5625,9.5625,1.0
2015-08-11T20:20:55.000000Z,9.5625,9.5625,1.0
2015-08-11T20:21:05.000000Z,9.5625,9.5625,1.0
2015-08-11T20:22:10.000000Z,9.5625,9.5625,4.0
2015-08-11T20:22:20.000000Z,9.5625,9.5625,2.0
2015-08-11T20:22:30.000000Z,9.5625,9.5625,4.0
2015-08-11T20:22:35.000000Z,9.5625,9.5625,1.0
2015-08-11T20:22:40.000000Z,9.5625,9.5625,3.0
2015-08-11T20:22:45.000000Z,9.5625,9.5625,5.0
2015-08-11T20:22:50.000000Z,9.5625,9.5625,5.0
2015-08-11T20:22:55.000000Z,9.5625,9.5625,4.0
2015-08-11T20:23:00.000000Z,9.5625,9.5625,3.0
2015-08-11T20:23:10.000000Z,9.5625,9.5625,1.0
2015-08-11T20:23:15.000000Z,9.5625,9.5625,1.0
2015-08-11T20:23:50.000000Z,9.5625,9.5625,1.0
2015-08-11T20:24:30.000000Z,9.5625,9.5625,3.0
2015-08-11T20:24:40.000000Z,9.5625,9.5625,2.0
2015-08-11T20:24:50.000000Z,9.5625,9.5625,2.0
2015-08-11T20:24:55.000000Z,9.5625,9.5625,1.0
2015-08-11T20:25:00.000000Z,9.5625,9.5625,3.0
2015-08-11T20:25:15.000000Z,9.5625,9.5625,1.0
2015-08-11T20:25:25.000000Z,9.5625,9.5625,1.0
2015-08-11T20:25:35.000000Z,9.5625,9.5625,3.0
2015-08-11T20:25:40.000000Z,9.5625,9.5625,3.0
2015-08-11T20:25:50.000000Z,9.5625,9.5625,1.0
2015-08-11T20:26:05.000000Z,9.5625,9.5625,1.0
2015-08-11T20:26:10.000000Z,9.5625,9.5625,6.0
2015-08-11T20:26:15.000000Z,9.5625,9.5625,1.0
2015-08-11T20:26:20.000000Z,9.5625,9.5625,2.0
2015-08-11T20:26:25.000000Z,9.5625,9.5625,3.0
2015-08-11T20:26:30.000000Z,9.5625,9.5625,1.0
2015-08-11T20:26:40.000000Z,9.5625,9.5625,2.0
2015-08-11T20:26:45.000000Z,9.5625,9.5625,5.0
2015-08-11T20:26:55.000000Z,9.5625,9.5625,1.0
2015-08-11T20:27:10.000000Z,9.5625,9.5625,1.0
2015-08-11T20:27:15.000000Z,9.5625,9.5625,2.0
2015-08-11T20:27:40.000000Z,9.5625,9.5625,2.0
2015-08-11T20:28:05.000000Z,9.5625,9.5625,2.0
2015-08-11T20:28:20.000000Z,9.5625,9.5625,3.0
2015-08-11T20:28:25.000000Z,9.5625,9.5625,3.0
2015-08-11T20:28:30.000000Z,9.5625,9.5625,1.0
2015-08-11T20:28:40.000000Z,9.5625,9.5625,2.0
2015-08-11T20:28:45.000000Z,9.5625,9.5625,1.0
2015-08-11T20:28:50.000000Z,9.5625,9.5625,4.0
2015-08-11T20:28:55.000000Z,9.5625,9.5625,44.0
2015-08-11T20:29:00.000000Z,9.5625,9.5625,2.0
2015-08-11T20:29:05.000000Z,9.5625,9.5625,1.0
2015-08-11T20:29:10.000000Z,9.5625,9.5625,2.0
2015-08-11T20:29:20.000000Z,9.5625,9.5625,1.0
2015-08-11T20:29:30.000000Z,9.5625,9.5625,2.0
2015-08-11T20:29:35.000000Z,9.5625,9.5625,1.0
2015-08-11T20:29:40.000000Z,9.5625,9.5625,1.0
2015-08-11T20:29:45.000000Z,9.5625,9.5625,1.0
2015-08-11T20:29:50.000000Z,9.5625,9.5625,1.0
2015-08-11T20:30:00.000000Z,9.5625,9.5625,3.0
2015-08-11T20:30:35.000000Z,9.5625,9.5625,13.0
2015-08-11T20:30:40.000000Z,9.5625,9.5625,6.0
2015-08-11T20:30:45.000000Z,9.5625,9.5625,1.0
2015-08-11T20:30:55.000000Z,9.5625,9.5625,2.0
2015-08-11T20:31:00.000000Z,9.5625,9.5625,3.0
2015-08-11T20:31:05.000000Z,9.5625,9.5625,1.0
2015-08-11T20:31:10.000000Z,9.5625,9.5625,21.0
2015-08-11T20:31:15.000000Z,9.5625,9.5625,17.0
2015-08-11T20:31:20.000000Z,9.5625,9.5625,2.0
2015-08-11T20:31:25.000000Z,9.5625,9.5625,3.0
2015-08-11T20:31:30.000000Z,9.5625,9.5625,1.0
2015-08-11T20:31:35.000000Z,9.5625,9.5625,2.0
2015-08-11T20:31:50.000000Z,9.5625,9.5625,1.0
2015-08-11T20:31:55.000000Z,9.5625,9.5625,2.0
2015-08-11T20:32:00.000000Z,9.5625,9.5625,1.0
2015-08-11T20:32:10.000000Z,9.5625,9.5625,1.0
2015-08-11T20:32:15.000000Z,9.5625,9.5625,2.0
2015-08-11T20:32:25.000000Z,9.5625,9.5625,2.0
2015-08-11T20:32:30.000000Z,9.5625,9.5625,2.0
2015-08-11T20:32:35.000000Z,9.5625,9.5625,1.0
2015-08-11T20:32:40.000000Z,9.5625,9.5625,2.0
2015-08-11T20:32:45.000000Z,9.5625,9.5625,2.0
2015-08-11T20:32:50.000000Z,9.5625,9.5625,3.0
2015-08-11T20:32:55.000000Z,9.5625,9.5625,2.0
2015-08-11T20:33:00.000000Z,9.5625,9.5625,7.0
2015-08-11T20:33:10.000000Z,9.5625,9.5625,5.0
2015-08-11T20:33:15.000000Z,9.5625,9.5625,1.0
2015-08-11T20:33:25.000000Z,9.5625,9.5625,2.0
2015-08-11T20:33:40.000000Z,9.5625,9.5625,2.0
2015-08-11T20:33:45.000000Z,9.5625,9.5625,2.0
2015-08-11T20:33:50.000000Z,9.5625,9.5625,4.0
2015-08-11T20:34:00.000000Z,9.5625,9.5625,20.0
2015-08-11T20:34:05.000000Z,9.5625,9.5625,3.0
2015-08-11T20:34:10.000000Z,9.5625,9.5625,3.0
2015-08-11T20:34:20.000000Z,9.5625,9.5625,4.0
2015-08-11T20:34:30.000000Z,9.5625,9.5625,1.0
2015-08-11T20:34:35.000000Z,9.5625,9.5625,1.0
2015-08-11T20:34:40.000000Z,9.5625,9.5625,4.0
2015-08-11T20:34:45.000000Z,9.5625,9.5625,3.0
2015-08-11T20:34:55.000000Z,9.5625,9.5625,2.0
2015-08-11T20:35:05.000000Z,9.5625,9.5625,4.0
2015-08-11T20:35:10.000000Z,9.5625,9.5625,6.0
2015-08-11T20:35:15.000000Z,9.5625,9.5625,1.0
2015-08-11T20:35:20.000000Z,9.5625,9.5625,1.0
2015-08-11T20:35:25.000000Z,9.5625,9.5625,2.0
2015-08-11T20:35:40.000000Z,9.5625,9.5625,9.0
2015-08-11T20:35:45.000000Z,9.5625,9.5625,20.0
2015-08-11T20:35:50.000000Z,9.5625,9.5625,8.0
2015-08-11T20:35:55.000000Z,9.5625,9.5625,10.0
2015-08-11T20:36:00.000000Z,9.5625,9.5625,10.0
2015-08-11T20:36:05.000000Z,9.5625,9.5625,32.0
2015-08-11T20:36:10.000000Z,9.5625,9.5625,10.0
2015-08-11T20:36:15.000000Z,9.5625,9.5625,3.0
2015-08-11T20:36:20.000000Z,9.5625,9.5625,9.0
2015-08-11T20:36:25.000000Z,9.5625,9.5625,32.0
2015-08-11T20:36:30.000000Z,9.5625,9.5625,20.0
2015-08-11T20:36:35.000000Z,9.5625,9.5625,12.0
2015-08-11T20:36:40.000000Z,9.5625,9.5625,4.0
2015-08-11T20:36:45.000000Z,9.5625,9.5625,14.0
2015-08-11T20:36:50.000000Z,9.5625,9.5625,12.0
2015-08-11T20:36:55.000000Z,9.5625,9.5625,13.0
2015-08-11T20:37:00.000000Z,9.5625,9.5625,11.0
2015-08-11T20:37:05.000000Z,9.5625,9.5625,10.0
2015-08-11T20:37:10.000000Z,9.5625,9.5625,14.0
2015-08-11T20:37:15.000000Z,9.5625,9.5625,28.0
2015-08-11T20:37:20.000000Z,9.5625,9.5625,13.0
2015-08-11T20:37:25.000000Z,9.5625,9.5625,2.0
2015-08-11T20:37:30.000000Z,9.5625,9.5625,5.0
2015-08-11T20:37:35.000000Z,9.5625,9.5625,12.0
2015-08-11T20:37:40.000000Z,9.5625,9.5625,16.0
2015-08-11T20:37:45.000000Z,9.5625,9.5625,4.0
2015-08-11T20:38:00.000000Z,9.5625,9.5625,1.0
2015-08-11T20:38:05.000000Z,9.5625,9.5625,2.0
2015-08-11T20:38:10.000000Z,9.5625,9.5625,4.0
2015-08-11T20:38:15.000000Z,9.5625,9.5625,3.0
2015-08-11T20:38:25.000000Z,9.5625,9.5625,2.0
2015-08-11T20:38:30.000000Z,9.5625,9.5625,3.0
2015-08-11T20:38:35.000000Z,9.5625,9.5625,9.0
2015-08-11T20:38:40.000000Z,9.5625,9.5625,7.0
2015-08-11T20:38:45.000000Z,9.5625,9.5625,3.0
2015-08-11T20:38:50.000000Z,9.5625,9.5625,6.0
2015-08-11T20:38:55.000000Z,9.5625,9.5625,13.0
2015-08-11T20:39:00.000000Z,9.5625,9.5625,15.0
2015-08-11T20:39:05.000000Z,9.5625,9.5625,10.0
2015-08-11T20:39:10.000000Z,9.5625,9.5625,6.0
2015-08-11T20:39:15.000000Z,9.5625,9.5625,18.0
2015-08-11T20:39:20.000000Z,9.5625,9.5625,4.0
2015-08-11T20:39:25.000000Z,9.5625,9.5625,1.0
2015-08-11T20:39:30.000000Z,9.5625,9.5625,9.0
2015-08-11T20:40:25.000000Z,9.5625,9.5625,2.0
2015-08-11T20:40:35.000000Z,9.5625,9.5625,5.0
2015-08-11T20:40:40.000000Z,9.5625,9.5625,3.0
2015-08-11T20:40:45.000000Z,9.5625,9.5625,2.0
2015-08-11T20:40:50.000000Z,9.5625,9.5625,13.0
2015-08-11T20:40:55.000000Z,9.5625,9.5625,3.0
2015-08-11T20:41:05.000000Z,9.5625,9.5546875,13.0
2015-08-11T20:41:10.000000Z,9.5625,9.5546875,5.0
2015-08-11T20:41:20.000000Z,9.5625,9.5546875,20.0
2015-08-11T20:41:25.000000Z,9.5625,9.5546875,27.0
2015-08-11T20:41:30.000000Z,9.5625,9.5546875,8.0
2015-08-11T20:41:35.000000Z,9.5625,9.5546875,2.0
2015-08-11T20:41:40.000000Z,9.5625,9.5546875,12.0
2015-08-11T20:41:45.000000Z,9.5625,9.5546875,14.0
2015-08-11T20:41:50.000000Z,9.5625,9.5546875,8.0
2015-08-11T20:41:55.000000Z,9.5625,9.5546875,15.0
2015-08-11T20:42:00.000000Z,9.5625,9.5546875,1.0
2015-08-11T20:42:05.000000Z,9.5625,9.5546875,28.0
2015-08-11T20:42:10.000000Z,9.5625,9.5546875,4.0
2015-08-11T20:42:15.000000Z,9.5625,9.5546875,1.0
2015-08-11T20:42:20.000000Z,9.5625,9.5546875,2.0
2015-08-11T20:42:25.000000Z,9.5625,9.5546875,22.0
2015-08-11T20:42:30.000000Z,9.5625,9.5546875,20.0
2015-08-11T20:42:35.000000Z,9.5625,9.5546875,21.0
2015-08-11T20:42:40.000000Z,9.5625,9.5546875,36.0
2015-08-11T20:42:45.000000Z,9.5625,9.5546875,14.0
2015-08-11T20:42:50.000000Z,9.5625,9.5546875,18.0
2015-08-11T20:43:05.000000Z,9.5625,9.5546875,1.0
2015-08-11T20:43:10.000000Z,9.5625,9.5546875,18.0
2015-08-11T20:43:15.000000Z,9.5625,9.5546875,18.0
2015-08-11T20:43:20.000000Z,9.5625,9.5546875,2.0
2015-08-11T20:43:35.000000Z,9.5625,9.5546875,4.0
2015-08-11T20:43:45.000000Z,9.5625,9.5546875,6.0
2015-08-11T20:43:50.000000Z,9.5625,9.5546875,5.0
2015-08-11T20:43:55.000000Z,9.5625,9.5546875,1.0
2015-08-11T20:44:20.000000Z,9.5625,9.5546875,3.0
2015-08-11T20:44:25.000000Z,9.5625,9.5546875,15.0
2015-08-11T20:44:30.000000Z,9.5625,9.5546875,29.0
2015-08-11T20:44:35.000000Z,9.5625,9.5546875,2.0
2015-08-11T20:44:50.000000Z,9.5625,9.5546875,2.0
2015-08-11T20:45:00.000000Z,9.5625,9.5546875,4.0
2015-08-11T20:45:05.000000Z,9.5625,9.5546875,1.0
2015-08-11T20:45:10.000000Z,9.5625,9.5546875,1.0
2015-08-11T20:45:15.000000Z,9.5625,9.5546875,1.0
2015-08-11T20:45:30.000000Z,9.5625,9.5546875,21.0
2015-08-11T20:45:35.000000Z,9.5625,9.5546875,12.0
2015-08-11T20:45:40.000000Z,9.5625,9.5546875,4.0
2015-08-11T20:45:45.000000Z,9.5625,9.5546875,33.0
2015-08-11T20:45:50.000000Z,9.5625,9.5546875,2.0
2015-08-11T20:45:55.000000Z,9.5625,9.5546875,2.0
2015-08-11T20:46:00.000000Z,9.5625,9.5546875,11.0
2015-08-11T20:46:05.000000Z,9.5625,9.5546875,16.0
2015-08-11T20:46:10.000000Z,9.5625,9.5546875,12.0
2015-08-11T20:46:15.000000Z,9.5625,9.5546875,8.0
2015-08-11T20:46:20.000000Z,9.5625,9.5546875,5.0
2015-08-11T20:46:30.000000Z,9.5625,9.5546875,1.0
2015-08-11T20:46:40.000000Z,9.5625,9.5546875,8.0
2015-08-11T20:46:45.000000Z,9.5625,9.5546875,14.0
2015-08-11T20:46:50.000000Z,9.5625,9.5546875,44.0
2015-08-11T20:46:55.000000Z,9.5625,9.5546875,16.0
2015-08-11T20:47:00.000000Z,9.5625,9.5546875,22.0
2015-08-11T20:47:05.000000Z,9.5625,9.5546875,15.0
2015-08-11T20:47:10.000000Z,9.5625,9.5546875,7.0
2015-08-11T20:47:15.000000Z,9.5625,9.5546875,10.0
2015-08-11T20:47:20.000000Z,9.5625,9.5546875,25.0
2015-08-11T20:47:25.000000Z,9.5625,9.5546875,26.0
2015-08-11T20:47:30.000000Z,9.5625,9.5546875,17.0
2015-08-11T20:47:35.000000Z,9.5625,9.5546875,5.0
2015-08-11T20:47:45.000000Z,9.5625,9.5546875,1.0
2015-08-11T20:47:50.000000Z,9.5625,9.5546875,20.0
2015-08-11T20:47:55.000000Z,9.5625,9.5546875,10.0
2015-08-11T20:48:00.000000Z,9.5625,9.5546875,5.0
2015-08-11T20:48:05.000000Z,9.5625,9.5546875,2.0
2015-08-11T20:48:10.000000Z,9.5625,9.5546875,19.0
2015-08-11T20:48:15.000000Z,9.5625,9.5546875,1.0
2015-08-11T20:48:20.000000Z,9.5625,9.5546875,30.0
2015-08-11T20:48:25.000000Z,9.5625,9.5546875,2.0
2015-08-11T20:48:30.000000Z,9.5625,9.5546875,3.0
2015-08-11T20:48:35.000000Z,9.5625,9.5546875,1.0
2015-08-11T20:48:40.000000Z,9.5625,9.5546875,3.0
2015-08-11T20:48:45.000000Z,9.5625,9.5546875,4.0
2015-08-11T20:48:50.000000Z,9.5625,9.5546875,28.0
2015-08-11T20:48:55.000000Z,9.5625,9.5546875,31.0
2015-08-11T20:49:00.000000Z,9.5625,9.5546875,23.0
2015-08-11T20:49:05.000000Z,9.5625,9.5546875,4.0
2015-08-11T20:49:10.000000Z,9.5625,9.5546875,2.0
2015-08-11T20:49:15.000000Z,9.5625,9.5546875,44.0
2015-08-11T20:49:20.000000Z,9.5625,9.5546875,23.0
2015-08-11T20:49:25.000000Z,9.5625,9.5546875,24.0
2015-08-11T20:49:30.000000Z,9.5625,9.5546875,11.0
2015-08-11T20:49:35.000000Z,9.5625,9.5546875,1.0
2015-08-11T20:49:40.000000Z,9.5625,9.5546875,3.0
2015-08-11T20:49:45.000000Z,9.5625,9.5546875,1.0
2015-08-11T20:49:50.000000Z,9.5625,9.5546875,4.0
2015-08-11T20:49:55.000000Z,9.5625,9.5546875,8.0
2015-08-11T20:50:00.000000Z,9.5625,9.5546875,8.0
2015-08-11T20:50:05.000000Z,9.5625,9.5546875,6.0
2015-08-11T20:50:10.000000Z,9.5625,9.5546875,11.0
2015-08-11T20:50:15.000000Z,9.5625,9.5546875,11.0
2015-08-11T20:50:20.000000Z,9.5625,9.5546875,8.0
2015-08-11T20:50:25.000000Z,9.5625,9.5546875,6.0
2015-08-11T20:50:30.000000Z,9.5625,9.5546875,2.0
2015-08-11T20:50:35.000000Z,9.5625,9.5546875,6.0
2015-08-11T20:50:40.000000Z,9.5625,9.5546875,12.0
2015-08-11T20:50:45.000000Z,9.5625,9.5546875,5.0
2015-08-11T20:50:50.000000Z,9.5625,9.5546875,3.0
2015-08-11T20:50:55.000000Z,9.5625,9.5546875,8.0
2015-08-11T20:51:00.000000Z,9.5625,9.5546875,8.0
2015-08-11T20:51:05.000000Z,9.5625,9.5546875,3.0
2015-08-11T20:51:10.000000Z,9.5625,9.5546875,4.0
2015-08-11T20:51:15.000000Z,9.5625,9.5546875,4.0
2015-08-11T20:51:20.000000Z,9.5625,9.5546875,4.0
2015-08-11T20:51:25.000000Z,9.5625,9.5546875,2.0
2015-08-11T20:51:35.000000Z,9.5625,9.5546875,2.0
2015-08-11T20:51:40.000000Z,9.5625,9.5546875,3.0
2015-08-11T20:51:45.000000Z,9.5625,9.5546875,3.0
2015-08-11T20:51:50.000000Z,9.5625,9.5546875,4.0
2015-08-11T20:52:00.000000Z,9.5625,9.5546875,9.0
2015-08-11T20:52:05.000000Z,9.5625,9.5546875,6.0
2015-08-11T20:52:10.000000Z,9.5625,9.5546875,3.0
2015-08-11T20:52:15.000000Z,9.5625,9.5546875,9.0
2015-08-11T20:52:20.000000Z,9.5625,9.5546875,1.0
2015-08-11T20:52:30.000000Z,9.5625,9.5546875,4.0
2015-08-11T20:52:40.000000Z,9.5625,9.5546875,4.0
2015-08-11T20:52:45.000000Z,9.5625,9.5546875,4.0
2015-08-11T20:52:50.000000Z,9.5625,9.5546875,2.0
2015-08-11T20:53:00.000000Z,9.5625,9.5546875,3.0
2015-08-11T20:53:05.000000Z,9.5625,9.5546875,1.0
2015-08-11T20:53:10.000000Z,9.5625,9.5546875,2.0
2015-08-11T20:53:20.000000Z,9.5625,9.5546875,2.0
2015-08-11T20:53:50.000000Z,9.5625,9.5546875,1.0
2015-08-11T20:54:00.000000Z,9.5625,9.5546875,1.0
2015-08-11T20:54:05.000000Z,9.5625,9.5546875,1.0
2015-08-11T20:54:10.000000Z,9.5625,9.5546875,3.0
2015-08-11T20:54:15.000000Z,9.5625,9.5546875,5.0
2015-08-11T20:54:20.000000Z,9.5625,9.5546875,2.0
2015-08-11T20:54:30.000000Z,9.5625,9.5546875,1.0
2015-08-11T20:54:35.000000Z,9.5625,9.5546875,1.0
2015-08-11T20:54:55.000000Z,9.5625,9.5546875,2.0
2015-08-11T20:55:00.000000Z,9.5703125,9.5546875,3.0
2015-08-11T20:55:25.000000Z,9.5703125,9.5546875,3.0
2015-08-11T20:55:55.000000Z,9.5703125,9.5546875,2.0
2015-08-11T20:56:10.000000Z,9.5703125,9.5546875,4.0
2015-08-11T20:56:15.000000Z,9.5703125,9.5546875,2.0
2015-08-11T20:56:20.000000Z,9.5703125,9.5546875,2.0
2015-08-11T20:56:25.000000Z,9.5625,9.5546875,1.0
2015-08-11T20:56:30.000000Z,9.5703125,9.5546875,2.0
2015-08-11T20:56:40.000000Z,9.5703125,9.5546875,1.0
2015-08-11T20:56:50.000000Z,9.5703125,9.5546875,3.0
2015-08-11T20:57:00.000000Z,9.5703125,9.5546875,4.0
2015-08-11T20:57:05.000000Z,9.5703125,9.5546875,4.0
2015-08-11T20:57:15.000000Z,9.5703125,9.5546875,5.0
2015-08-11T20:57:20.000000Z,9.5703125,9.5546875,2.0
2015-08-11T20:57:30.000000Z,9.5703125,9.5546875,8.0
2015-08-11T20:57:35.000000Z,9.5625,9.5546875,10.0
2015-08-11T20:57:40.000000Z,9.5625,9.5546875,3.0
2015-08-11T20:57:45.000000Z,9.5625,9.5546875,3.0
2015-08-11T20:57:55.000000Z,9.5625,9.5546875,3.0
2015-08-11T20:58:00.000000Z,9.5625,9.5546875,1.0
2015-08-11T20:58:10.000000Z,9.5625,9.5546875,2.0
2015-08-11T20:58:25.000000Z,9.5625,9.5546875,1.0
2015-08-11T20:58:30.000000Z,9.5625,9.5546875,1.0
2015-08-11T20:58:35.000000Z,9.5625,9.5546875,4.0
2015-08-11T20:58:40.000000Z,9.5625,9.5546875,3.0
2015-08-11T20:58:45.000000Z,9.5625,9.5546875,1.0
2015-08-11T20:58:50.000000Z,9.5625,9.5546875,9.0
2015-08-11T20:58:55.000000Z,9.5625,9.5546875,4.0
2015-08-11T20:59:00.000000Z,9.5625,9.5546875,5.0
2015-08-11T20:59:10.000000Z,9.5625,9.5546875,1.0
2015-08-11T20:59:15.000000Z,9.5625,9.5546875,4.0
2015-08-11T20:59:20.000000Z,9.5625,9.5546875,2.0
2015-08-11T20:59:30.000000Z,9.5625,9.5546875,15.0
2015-08-11T20:59:35.000000Z,9.5625,9.5546875,2.0
2015-08-11T20:59:40.000000Z,9.5625,9.5546875,2.0
2015-08-11T20:59:45.000000Z,9.5625,9.5546875,1.0
2015-08-11T21:01:35.000000Z,9.5703125,9.5546875,1.0
2015-08-11T21:02:15.000000Z,9.5703125,9.5546875,1.0
2015-08-11T21:02:35.000000Z,9.5703125,9.5546875,1.0
2015-08-11T21:03:20.000000Z,9.5703125,9.5546875,1.0
2015-08-11T21:04:00.000000Z,9.5703125,9.5546875,1.0
2015-08-11T21:04:20.000000Z,9.5703125,9.5546875,1.0
2015-08-11T21:04:45.000000Z,9.5703125,9.5546875,2.0
2015-08-11T21:04:50.000000Z,9.5703125,9.5546875,3.0
2015-08-11T21:05:05.000000Z,9.5703125,9.5546875,1.0
2015-08-11T21:05:10.000000Z,9.5703125,9.5546875,1.0
2015-08-11T21:05:25.000000Z,9.5703125,9.5546875,1.0
2015-08-11T21:05:30.000000Z,9.5703125,9.5546875,1.0
2015-08-11T21:05:35.000000Z,9.5703125,9.5546875,3.0
2015-08-11T21:05:45.000000Z,9.5703125,9.5546875,2.0
2015-08-11T21:05:50.000000Z,9.5703125,9.5546875,1.0
2015-08-11T21:06:05.000000Z,9.5703125,9.5546875,1.0
2015-08-11T21:06:50.000000Z,9.5703125,9.5546875,1.0
2015-08-11T21:07:00.000000Z,9.5703125,9.5546875,1.0
2015-08-11T21:08:25.000000Z,9.5703125,9.5546875,2.0
2015-08-11T21:08:30.000000Z,9.5703125,9.5546875,1.0
2015-08-11T21:08:45.000000Z,9.5703125,9.5546875,1.0
2015-08-11T21:09:25.000000Z,9.5703125,9.5546875,1.0
2015-08-11T21:09:35.000000Z,9.5625,9.5546875,2.0
2015-08-11T21:09:45.000000Z,9.5625,9.5546875,1.0
2015-08-11T21:10:05.000000Z,9.5703125,9.5546875,2.0
2015-08-11T21:10:50.000000Z,9.5625,9.5546875,1.0
2015-08-11T21:11:10.000000Z,9.5625,9.5546875,1.0
2015-08-11T21:11:30.000000Z,9.5703125,9.5546875,4.0
2015-08-11T21:11:50.000000Z,9.5703125,9.5546875,1.0
2015-08-11T21:12:30.000000Z,9.5625,9.5546875,2.0
2015-08-11T21:12:50.000000Z,9.5625,9.5546875,2.0
2015-08-11T21:13:55.000000Z,9.5625,9.5546875,1.0
2015-08-11T21:14:15.000000Z,9.5625,9.5546875,1.0
2015-08-11T21:14:35.000000Z,9.5625,9.5546875,2.0
2015-08-11T21:14:40.000000Z,9.5625,9.5546875,1.0
2015-08-11T21:14:50.000000Z,9.5703125,9.5546875,2.0
2015-08-11T21:15:35.000000Z,9.5703125,9.5546875,2.0
2015-08-11T21:15:55.000000Z,9.5703125,9.5546875,1.0
2015-08-11T21:16:15.000000Z,9.5703125,9.5546875,1.0
2015-08-11T21:16:50.000000Z,9.5703125,9.5546875,3.0
2015-08-11T21:18:20.000000Z,9.5703125,9.5546875,1.0
2015-08-11T21:18:50.000000Z,9.5703125,9.5546875,2.0
2015-08-11T21:19:20.000000Z,9.5703125,9.5546875,1.0
2015-08-11T21:19:25.000000Z,9.5703125,9.5546875,1.0
2015-08-11T21:20:00.000000Z,9.5703125,9.5546875,1.0
2015-08-11T21:20:05.000000Z,9.5703125,9.5546875,1.0
2015-08-11T21:20:15.000000Z,9.5703125,9.5546875,1.0
2015-08-11T21:20:25.000000Z,9.5703125,9.5546875,1.0
2015-08-11T21:20:45.000000Z,9.5703125,9.5546875,2.0
2015-08-11T21:20:50.000000Z,9.5703125,9.5546875,1.0
2015-08-11T21:21:20.000000Z,9.5703125,9.5546875,1.0
2015-08-11T21:21:50.000000Z,9.5703125,9.5546875,1.0
2015-08-11T21:22:05.000000Z,9.5703125,9.5546875,1.0
2015-08-11T21:22:30.000000Z,9.5703125,9.5546875,1.0
2015-08-11T21:22:35.000000Z,9.5703125,9.5546875,1.0
2015-08-11T21:22:40.000000Z,9.5703125,9.5546875,1.0
2015-08-11T21:22:45.000000Z,9.5703125,9.5546875,1.0
2015-08-11T21:22:50.000000Z,9.5703125,9.5546875,2.0
2015-08-11T21:23:00.000000Z,9.5703125,9.5546875,1.0
2015-08-11T21:23:15.000000Z,9.5703125,9.5546875,3.0
2015-08-11T21:23:25.000000Z,9.5703125,9.5546875,1.0
2015-08-11T21:23:30.000000Z,9.5703125,9.5546875,1.0
2015-08-11T21:24:40.000000Z,9.5703125,9.5546875,1.0
2015-08-11T21:24:50.000000Z,9.5703125,9.5546875,1.0
2015-08-11T21:24:55.000000Z,9.5703125,9.5546875,1.0
2015-08-11T21:25:10.000000Z,9.5703125,9.5546875,1.0
2015-08-11T21:25:15.000000Z,9.5703125,9.5546875,4.0
2015-08-11T21:25:20.000000Z,9.5703125,9.5546875,2.0
2015-08-11T21:25:25.000000Z,9.5703125,9.5546875,2.0
2015-08-11T21:25:30.000000Z,9.5703125,9.5546875,2.0
2015-08-11T21:25:35.000000Z,9.5703125,9.5546875,2.0
2015-08-11T21:25:45.000000Z,9.5703125,9.5546875,1.0
2015-08-11T21:25:50.000000Z,9.5703125,9.5546875,1.0
2015-08-11T21:25:55.000000Z,9.5703125,9.5546875,1.0
2015-08-11T21:26:35.000000Z,9.5703125,9.5546875,1.0
2015-08-11T21:26:45.000000Z,9.5703125,9.5546875,2.0
2015-08-11T21:26:50.000000Z,9.5625,9.5546875,1.0
2015-08-11T21:26:55.000000Z,9.5625,9.5546875,1.0
2015-08-11T21:27:15.000000Z,9.5625,9.5546875,2.0
2015-08-11T21:27:20.000000Z,9.5625,9.5546875,2.0
2015-08-11T21:27:55.000000Z,9.5625,9.5546875,2.0
2015-08-11T21:28:00.000000Z,9.5625,9.5546875,2.0
2015-08-11T21:28:15.000000Z,9.5703125,9.5546875,1.0
2015-08-11T21:28:40.000000Z,9.5625,9.5546875,1.0
2015-08-11T21:28:50.000000Z,9.5625,9.5546875,2.0
2015-08-11T21:29:40.000000Z,9.5625,9.5546875,1.0
2015-08-11T21:30:00.000000Z,9.5625,9.5546875,4.0
2015-08-11T21:30:10.000000Z,9.5625,9.5546875,1.0
2015-08-11T21:30:35.000000Z,9.5625,9.5546875,2.0
2015-08-11T21:30:45.000000Z,9.5625,9.5546875,3.0
2015-08-11T21:31:45.000000Z,9.5625,9.5546875,1.0
2015-08-11T21:31:50.000000Z,9.5625,9.5546875,5.0
2015-08-11T21:31:55.000000Z,9.5625,9.5546875,1.0
2015-08-11T21:32:10.000000Z,9.5625,9.5546875,1.0
2015-08-11T21:32:15.000000Z,9.5625,9.5546875,1.0
2015-08-11T21:32:45.000000Z,9.5625,9.5546875,2.0
2015-08-11T21:32:50.000000Z,9.5625,9.5546875,2.0
2015-08-11T21:33:25.000000Z,9.5625,9.5546875,1.0
2015-08-11T21:33:45.000000Z,9.5625,9.5546875,1.0
2015-08-11T21:34:25.000000Z,9.5625,9.5546875,1.0
2015-08-11T21:34:45.000000Z,9.5625,9.5546875,1.0
2015-08-11T21:34:50.000000Z,9.5625,9.5546875,3.0
2015-08-11T21:34:55.000000Z,9.5625,9.5546875,1.0
2015-08-11T21:35:05.000000Z,9.5625,9.5546875,2.0
2015-08-11T21:35:10.000000Z,9.5625,9.5546875,2.0
2015-08-11T21:35:15.000000Z,9.5625,9.5546875,2.0
2015-08-11T21:35:20.000000Z,9.5625,9.5546875,1.0
2015-08-11T21:35:30.000000Z,9.5625,9.5546875,1.0
2015-08-11T21:35:35.000000Z,9.5625,9.5546875,3.0
2015-08-11T21:36:00.000000Z,9.5703125,9.5546875,2.0
2015-08-11T21:36:05.000000Z,9.5703125,9.5546875,3.0
2015-08-11T21:36:15.000000Z,9.5703125,9.5546875,1.0
2015-08-11T21:36:45.000000Z,9.5703125,9.5546875,1.0
2015-08-11T21:37:15.000000Z,9.5703125,9.5546875,1.0
2015-08-11T21:37:40.000000Z,9.5703125,9.5546875,2.0
2015-08-11T21:37:55.000000Z,9.5703125,9.5546875,2.0
2015-08-11T21:38:05.000000Z,9.5703125,9.5546875,1.0
2015-08-11T21:38:15.000000Z,9.5703125,9.5546875,2.0
2015-08-11T21:38:20.000000Z,9.5703125,9.5546875,3.0
2015-08-11T21:38:35.000000Z,9.5703125,9.5546875,2.0
2015-08-11T21:38:45.000000Z,9.5703125,9.5546875,1.0
2015-08-11T21:38:55.000000Z,9.5703125,9.5546875,10.0
2015-08-11T21:39:15.000000Z,9.5703125,9.5546875,1.0
2015-08-11T21:39:30.000000Z,9.5703125,9.5546875,3.0
2015-08-11T21:39:35.000000Z,9.5703125,9.5546875,1.0
2015-08-11T21:39:55.000000Z,9.5703125,9.5546875,3.0
2015-08-11T21:40:00.000000Z,9.5703125,9.5546875,1.0
2015-08-11T21:40:10.000000Z,9.5703125,9.5546875,4.0
2015-08-11T21:40:15.000000Z,9.5703125,9.5546875,3.0
2015-08-11T21:40:20.000000Z,9.5703125,9.5546875,1.0
2015-08-11T21:40:25.000000Z,9.5703125,9.5546875,1.0
2015-08-11T21:40:30.000000Z,9.5703125,9.5546875,1.0
2015-08-11T21:40:35.000000Z,9.5703125,9.5546875,6.0
2015-08-11T21:40:40.000000Z,9.5703125,9.5546875,1.0
2015-08-11T21:40:50.000000Z,9.5703125,9.5546875,1.0
2015-08-11T21:40:55.000000Z,9.5703125,9.5546875,3.0
2015-08-11T21:41:00.000000Z,9.5703125,9.5546875,1.0
2015-08-11T21:41:15.000000Z,9.5703125,9.5546875,1.0
2015-08-11T21:41:20.000000Z,9.5703125,9.5546875,3.0
2015-08-11T21:41:40.000000Z,9.5703125,9.5546875,1.0
2015-08-11T21:41:45.000000Z,9.5703125,9.5546875,7.0
2015-08-11T21:41:50.000000Z,9.5703125,9.5546875,1.0
2015-08-11T21:42:20.000000Z,9.5703125,9.5546875,1.0
2015-08-11T21:42:25.000000Z,9.5703125,9.5546875,1.0
2015-08-11T21:42:45.000000Z,9.5703125,9.5546875,1.0
2015-08-11T21:42:50.000000Z,9.5703125,9.5546875,1.0
2015-08-11T21:43:10.000000Z,9.5703125,9.5546875,1.0
2015-08-11T21:43:20.000000Z,9.5703125,9.5546875,2.0
2015-08-11T21:43:25.000000Z,9.5703125,9.5546875,1.0
2015-08-11T21:43:45.000000Z,9.5703125,9.5546875,1.0
2015-08-11T21:44:00.000000Z,9.5703125,9.5546875,1.0
2015-08-11T21:44:05.000000Z,9.5703125,9.5546875,1.0
2015-08-11T21:44:45.000000Z,9.5703125,9.5546875,4.0
2015-08-11T21:44:50.000000Z,9.5703125,9.5546875,1.0
2015-08-11T21:45:00.000000Z,9.5703125,9.5546875,3.0
2015-08-11T21:45:35.000000Z,9.5703125,9.5546875,1.0
2015-08-11T21:45:55.000000Z,9.5703125,9.5546875,1.0
2015-08-11T21:46:05.000000Z,9.5703125,9.5546875,1.0
2015-08-11T21:46:10.000000Z,9.5625,9.5546875,2.0
2015-08-11T21:46:15.000000Z,9.5625,9.5546875,2.0
2015-08-11T21:46:20.000000Z,9.5625,9.5546875,1.0
2015-08-11T21:46:25.000000Z,9.5625,9.5546875,1.0
2015-08-11T21:46:30.000000Z,9.5625,9.5546875,1.0
2015-08-11T21:46:35.000000Z,9.5625,9.5546875,1.0
2015-08-11T21:46:50.000000Z,9.5625,9.5546875,1.0
2015-08-11T21:47:10.000000Z,9.5625,9.5546875,2.0
2015-08-11T21:47:30.000000Z,9.5625,9.5546875,1.0
2015-08-11T21:47:50.000000Z,9.5625,9.5546875,1.0
2015-08-11T21:47:55.000000Z,9.5625,9.5546875,1.0
2015-08-11T21:48:00.000000Z,9.5625,9.5546875,1.0
2015-08-11T21:48:05.000000Z,9.5625,9.5546875,2.0
2015-08-11T21:48:35.000000Z,9.5625,9.5546875,1.0
2015-08-11T21:48:50.000000Z,9.5625,9.5546875,1.0
2015-08-11T21:48:55.000000Z,9.5625,9.5546875,1.0
2015-08-11T21:49:15.000000Z,9.5625,9.5546875,2.0
2015-08-11T21:49:20.000000Z,9.5625,9.5546875,2.0
2015-08-11T21:49:25.000000Z,9.5625,9.5546875,1.0
2015-08-11T21:49:35.000000Z,9.5625,9.5546875,1.0
2015-08-11T21:49:40.000000Z,9.5625,9.5546875,13.0
2015-08-11T21:49:45.000000Z,9.5703125,9.5546875,18.0
2015-08-11T21:49:50.000000Z,9.5703125,9.5546875,3.0
2015-08-11T21:50:05.000000Z,9.5703125,9.5546875,1.0
2015-08-11T21:50:15.000000Z,9.5703125,9.5546875,1.0
2015-08-11T21:50:20.000000Z,9.5703125,9.5546875,1.0
2015-08-11T21:50:25.000000Z,9.5703125,9.5546875,1.0
2015-08-11T21:50:30.000000Z,9.5703125,9.5546875,3.0
2015-08-11T21:50:35.000000Z,9.5703125,9.5546875,1.0
2015-08-11T21:50:50.000000Z,9.5625,9.5546875,3.0
2015-08-11T21:50:55.000000Z,9.5625,9.5546875,2.0
2015-08-11T21:51:10.000000Z,9.5625,9.5546875,1.0
2015-08-11T21:51:25.000000Z,9.5625,9.5546875,1.0
2015-08-11T21:51:35.000000Z,9.5625,9.5546875,2.0
2015-08-11T21:51:40.000000Z,9.5625,9.5546875,3.0
2015-08-11T21:51:45.000000Z,9.5625,9.5546875,1.0
2015-08-11T21:51:50.000000Z,9.5625,9.5546875,1.0
2015-08-11T21:51:55.000000Z,9.5625,9.5546875,1.0
2015-08-11T21:52:00.000000Z,9.5625,9.5546875,3.0
2015-08-11T21:52:05.000000Z,9.5625,9.5546875,3.0
2015-08-11T21:52:15.000000Z,9.5625,9.5546875,2.0
2015-08-11T21:52:20.000000Z,9.5625,9.5546875,2.0
2015-08-11T21:52:35.000000Z,9.5625,9.5546875,1.0
2015-08-11T21:52:40.000000Z,9.5625,9.5546875,2.0
2015-08-11T21:52:45.000000Z,9.5625,9.5546875,1.0
2015-08-11T21:52:50.000000Z,9.5625,9.5546875,3.0
2015-08-11T21:52:55.000000Z,9.5625,9.5546875,2.0
2015-08-11T21:53:00.000000Z,9.5625,9.5546875,3.0
2015-08-11T21:53:45.000000Z,9.5625,9.5546875,2.0
2015-08-11T21:54:20.000000Z,9.5625,9.5546875,3.0
2015-08-11T21:54:35.000000Z,9.5625,9.5546875,3.0
2015-08-11T21:54:40.000000Z,9.5625,9.5546875,1.0
2015-08-11T21:54:50.000000Z,9.5625,9.5546875,3.0
2015-08-11T21:54:55.000000Z,9.5625,9.5546875,1.0
2015-08-11T21:55:05.000000Z,9.5625,9.5546875,1.0
2015-08-11T21:55:20.000000Z,9.5625,9.5546875,1.0
2015-08-11T21:55:25.000000Z,9.5625,9.5546875,3.0
2015-08-11T21:56:00.000000Z,9.5625,9.5546875,1.0
2015-08-11T21:56:45.000000Z,9.5625,9.5546875,1.0
2015-08-11T21:56:50.000000Z,9.5625,9.5546875,1.0
2015-08-11T21:57:30.000000Z,9.5625,9.5546875,1.0
2015-08-11T21:57:45.000000Z,9.5625,9.5546875,1.0
2015-08-11T21:58:00.000000Z,9.5625,9.5546875,2.0
2015-08-11T21:58:05.000000Z,9.5625,9.5546875,2.0
2015-08-11T21:58:15.000000Z,9.5703125,9.5546875,3.0
2015-08-11T21:58:45.000000Z,9.5703125,9.5546875,2.0
2015-08-11T21:58:55.000000Z,9.5703125,9.5546875,1.0
2015-08-11T21:59:00.000000Z,9.5625,9.5546875,5.0
2015-08-11T21:59:10.000000Z,9.5625,9.5546875,4.0
2015-08-11T21:59:15.000000Z,9.5625,9.5546875,1.0
2015-08-11T21:59:20.000000Z,9.5625,9.5546875,1.0
2015-08-11T21:59:25.000000Z,9.5625,9.5546875,1.0
2015-08-11T21:59:40.000000Z,9.5625,9.5546875,1.0
2015-08-11T21:59:45.000000Z,9.5625,9.5546875,1.0
2015-08-11T21:59:50.000000Z,9.5625,9.5546875,4.0
2015-08-11T21:59:55.000000Z,9.5625,9.5546875,2.0
2015-08-11T22:00:00.000000Z,9.5625,9.5546875,16.0
2015-08-11T22:00:10.000000Z,9.5625,9.5546875,7.0
2015-08-11T22:00:15.000000Z,9.5625,9.5546875,1.0
2015-08-11T22:00:20.000000Z,9.5625,9.5546875,2.0
2015-08-11T22:00:25.000000Z,9.5625,9.5546875,1.0
2015-08-11T22:00:30.000000Z,9.5625,9.5546875,2.0
2015-08-11T22:00:35.000000Z,9.5625,9.5546875,6.0
2015-08-11T22:00:40.000000Z,9.5625,9.5546875,8.0
2015-08-11T22:00:45.000000Z,9.5625,9.5546875,11.0
2015-08-11T22:00:50.000000Z,9.5625,9.5546875,5.0
2015-08-11T22:01:00.000000Z,9.5625,9.5546875,2.0
2015-08-11T22:01:20.000000Z,9.5625,9.5546875,2.0
2015-08-11T22:01:25.000000Z,9.5625,9.5546875,1.0
2015-08-11T22:01:35.000000Z,9.5625,9.5546875,1.0
2015-08-11T22:01:40.000000Z,9.5625,9.5546875,1.0
2015-08-11T22:01:45.000000Z,9.5625,9.5546875,2.0
2015-08-11T22:01:50.000000Z,9.5625,9.5546875,5.0
2015-08-11T22:02:10.000000Z,9.5625,9.5546875,16.0
2015-08-11T22:02:35.000000Z,9.5625,9.5546875,7.0
2015-08-11T22:02:50.000000Z,9.5625,9.5546875,2.0
2015-08-11T22:02:55.000000Z,9.5625,9.5546875,7.0
2015-08-11T22:03:10.000000Z,9.5625,9.5546875,2.0
2015-08-11T22:03:15.000000Z,9.5625,9.5546875,5.0
2015-08-11T22:03:20.000000Z,9.5625,9.5546875,4.0
2015-08-11T22:03:30.000000Z,9.5625,9.5546875,1.0
2015-08-11T22:03:40.000000Z,9.5625,9.5546875,1.0
2015-08-11T22:04:00.000000Z,9.5625,9.5546875,1.0
2015-08-11T22:04:20.000000Z,9.5625,9.5546875,5.0
2015-08-11T22:04:25.000000Z,9.5625,9.5546875,2.0
2015-08-11T22:04:30.000000Z,9.5625,9.5546875,1.0
2015-08-11T22:04:50.000000Z,9.5625,9.5546875,1.0
2015-08-11T22:04:55.000000Z,9.5625,9.5546875,1.0
2015-08-11T22:05:25.000000Z,9.5625,9.5546875,1.0
2015-08-11T22:05:35.000000Z,9.5625,9.5546875,1.0
2015-08-11T22:05:40.000000Z,9.5625,9.5546875,2.0
2015-08-11T22:05:50.000000Z,9.5625,9.5546875,3.0
2015-08-11T22:05:55.000000Z,9.5625,9.5546875,5.0
2015-08-11T22:06:00.000000Z,9.5625,9.5546875,4.0
2015-08-11T22:06:05.000000Z,9.5625,9.5546875,2.0
2015-08-11T22:06:10.000000Z,9.5625,9.5546875,5.0
2015-08-11T22:06:15.000000Z,9.5625,9.5546875,3.0
2015-08-11T22:06:25.000000Z,9.5625,9.5546875,2.0
2015-08-11T22:06:30.000000Z,9.5625,9.5546875,1.0
2015-08-11T22:06:40.000000Z,9.5625,9.5546875,1.0
2015-08-11T22:06:45.000000Z,9.5625,9.5546875,3.0
2015-08-11T22:06:50.000000Z,9.5625,9.5546875,1.0
2015-08-11T22:07:05.000000Z,9.5625,9.5546875,1.0
2015-08-11T22:07:15.000000Z,9.5625,9.5546875,1.0
2015-08-11T22:07:20.000000Z,9.5625,9.5546875,2.0
2015-08-11T22:07:40.000000Z,9.5625,9.5546875,2.0
2015-08-11T22:07:50.000000Z,9.5625,9.5546875,4.0
2015-08-11T22:07:55.000000Z,9.5625,9.5546875,4.0
2015-08-11T22:08:00.000000Z,9.5625,9.5546875,5.0
2015-08-11T22:08:50.000000Z,9.5625,9.5546875,4.0
2015-08-11T22:08:55.000000Z,9.5625,9.5546875,5.0
2015-08-11T22:09:20.000000Z,9.5625,9.5546875,1.0
2015-08-11T22:09:25.000000Z,9.5625,9.5546875,4.0
2015-08-11T22:09:30.000000Z,9.5625,9.5546875,1.0
2015-08-11T22:09:35.000000Z,9.5625,9.5546875,1.0
2015-08-11T22:09:45.000000Z,9.5625,9.5546875,2.0
2015-08-11T22:09:50.000000Z,9.5703125,9.5546875,37.0
2015-08-11T22:09:55.000000Z,9.5625,9.5546875,39.0
2015-08-11T22:10:00.000000Z,9.5625,9.5546875,12.0
2015-08-11T22:10:05.000000Z,9.5625,9.5546875,2.0
2015-08-11T22:10:15.000000Z,9.5625,9.5546875,1.0
2015-08-11T22:10:40.000000Z,9.5625,9.5546875,1.0
2015-08-11T22:11:40.000000Z,9.5625,9.5546875,5.0
2015-08-11T22:12:15.000000Z,9.5625,9.5546875,3.0
2015-08-11T22:12:55.000000Z,9.5625,9.5546875,1.0
2015-08-11T22:13:05.000000Z,9.5625,9.5546875,5.0
2015-08-11T22:13:10.000000Z,9.5625,9.5546875,9.0
2015-08-11T22:13:25.000000Z,9.5625,9.5546875,1.0
2015-08-11T22:13:55.000000Z,9.5625,9.5546875,1.0
2015-08-11T22:14:10.000000Z,9.5625,9.5546875,1.0
2015-08-11T22:14:15.000000Z,9.5625,9.5546875,4.0
2015-08-11T22:14:20.000000Z,9.5625,9.5546875,2.0
2015-08-11T22:14:25.000000Z,9.5625,9.5546875,5.0
2015-08-11T22:14:30.000000Z,9.5625,9.5546875,2.0
2015-08-11T22:14:35.000000Z,9.5625,9.5546875,2.0
2015-08-11T22:14:40.000000Z,9.5625,9.5546875,9.0
2015-08-11T22:14:45.000000Z,9.5625,9.5546875,3.0
2015-08-11T22:14:50.000000Z,9.5625,9.5546875,2.0
2015-08-11T22:14:55.000000Z,9.5625,9.5546875,22.0
2015-08-11T22:15:00.000000Z,9.5625,9.5546875,3.0
2015-08-11T22:15:05.000000Z,9.5625,9.5546875,1.0
2015-08-11T22:15:15.000000Z,9.5625,9.5546875,2.0
2015-08-11T22:15:20.000000Z,9.5625,9.5546875,2.0
2015-08-11T22:15:25.000000Z,9.5625,9.5546875,1.0
2015-08-11T22:15:30.000000Z,9.5625,9.5546875,1.0
2015-08-11T22:15:40.000000Z,9.5625,9.5546875,1.0
2015-08-11T22:15:55.000000Z,9.5625,9.5546875,1.0
2015-08-11T22:16:05.000000Z,9.5625,9.5546875,1.0
2015-08-11T22:16:25.000000Z,9.5625,9.5546875,8.0
2015-08-11T22:16:30.000000Z,9.5625,9.5546875,4.0
2015-08-11T22:16:40.000000Z,9.5625,9.5546875,2.0
2015-08-11T22:16:45.000000Z,9.5625,9.5546875,2.0
2015-08-11T22:16:50.000000Z,9.5625,9.5546875,5.0
2015-08-11T22:16:55.000000Z,9.5625,9.5546875,1.0
2015-08-11T22:17:10.000000Z,9.5625,9.5546875,4.0
2015-08-11T22:17:20.000000Z,9.5625,9.5546875,1.0
2015-08-11T22:17:25.000000Z,9.5625,9.5546875,1.0
2015-08-11T22:17:45.000000Z,9.5625,9.5546875,3.0
2015-08-11T22:18:05.000000Z,9.5625,9.5546875,1.0
2015-08-11T22:18:15.000000Z,9.5625,9.5546875,1.0
2015-08-11T22:18:25.000000Z,9.5625,9.5546875,1.0
2015-08-11T22:18:45.000000Z,9.5625,9.5546875,2.0
2015-08-11T22:18:50.000000Z,9.5625,9.5546875,4.0
2015-08-11T22:18:55.000000Z,9.5625,9.5546875,1.0
2015-08-11T22:19:00.000000Z,9.5625,9.5546875,8.0
2015-08-11T22:19:35.000000Z,9.5625,9.5546875,1.0
2015-08-11T22:19:40.000000Z,9.5625,9.5546875,1.0
2015-08-11T22:19:55.000000Z,9.5625,9.5546875,3.0
2015-08-11T22:20:10.000000Z,9.5625,9.5546875,2.0
2015-08-11T22:20:15.000000Z,9.5625,9.5546875,3.0
2015-08-11T22:20:20.000000Z,9.5625,9.5546875,1.0
2015-08-11T22:20:25.000000Z,9.5703125,9.5546875,17.0
2015-08-11T22:20:30.000000Z,9.5625,9.5546875,5.0
2015-08-11T22:20:40.000000Z,9.5625,9.5546875,1.0
2015-08-11T22:20:55.000000Z,9.5703125,9.5546875,2.0
2015-08-11T22:21:05.000000Z,9.5703125,9.5546875,2.0
2015-08-11T22:21:15.000000Z,9.5703125,9.5546875,2.0
2015-08-11T22:21:20.000000Z,9.5703125,9.5546875,2.0
2015-08-11T22:21:25.000000Z,9.5703125,9.5546875,1.0
2015-08-11T22:21:35.000000Z,9.5703125,9.5546875,1.0
2015-08-11T22:22:00.000000Z,9.5703125,9.5546875,2.0
2015-08-11T22:22:10.000000Z,9.5703125,9.5546875,2.0
2015-08-11T22:22:20.000000Z,9.5703125,9.5546875,1.0
2015-08-11T22:22:25.000000Z,9.5703125,9.5546875,17.0
2015-08-11T22:22:30.000000Z,9.5703125,9.5546875,7.0
2015-08-11T22:22:35.000000Z,9.5703125,9.5546875,1.0
2015-08-11T22:22:45.000000Z,9.5703125,9.5546875,7.0
2015-08-11T22:22:55.000000Z,9.5703125,9.5546875,1.0
2015-08-11T22:23:00.000000Z,9.5703125,9.5546875,27.0
2015-08-11T22:23:05.000000Z,9.5703125,9.5546875,6.0
2015-08-11T22:23:10.000000Z,9.5703125,9.5546875,2.0
2015-08-11T22:23:15.000000Z,9.5703125,9.5546875,9.0
2015-08-11T22:23:20.000000Z,9.5703125,9.5546875,10.0
2015-08-11T22:23:25.000000Z,9.5703125,9.5546875,17.0
2015-08-11T22:23:30.000000Z,9.5703125,9.5546875,8.0
2015-08-11T22:23:35.000000Z,9.5703125,9.5546875,41.0
2015-08-11T22:23:40.000000Z,9.5703125,9.5546875,21.0
2015-08-11T22:23:45.000000Z,9.5703125,9.5546875,22.0
2015-08-11T22:23:50.000000Z,9.5703125,9.5546875,7.0
2015-08-11T22:23:55.000000Z,9.5703125,9.5546875,22.0
2015-08-11T22:24:00.000000Z,9.5703125,9.5546875,14.0
2015-08-11T22:24:05.000000Z,9.5703125,9.5546875,1.0
2015-08-11T22:24:10.000000Z,9.5703125,9.5546875,2.0
2015-08-11T22:24:15.000000Z,9.5703125,9.5546875,1.0
2015-08-11T22:24:20.000000Z,9.5703125,9.5546875,15.0
2015-08-11T22:24:25.000000Z,9.5703125,9.5546875,4.0
2015-08-11T22:24:30.000000Z,9.5703125,9.5546875,2.0
2015-08-11T22:24:55.000000Z,9.5703125,9.5546875,1.0
2015-08-11T22:25:10.000000Z,9.5703125,9.5546875,40.0
2015-08-11T22:25:15.000000Z,9.5703125,9.5546875,8.0
2015-08-11T22:25:20.000000Z,9.5703125,9.5546875,1.0
2015-08-11T22:25:25.000000Z,9.5703125,9.5546875,1.0
2015-08-11T22:25:30.000000Z,9.5703125,9.5546875,1.0
2015-08-11T22:25:45.000000Z,9.5703125,9.5546875,1.0
2015-08-11T22:25:50.000000Z,9.5703125,9.5546875,1.0
2015-08-11T22:25:55.000000Z,9.5703125,9.5546875,1.0
2015-08-11T22:26:00.000000Z,9.5703125,9.5546875,2.0
2015-08-11T22:26:10.000000Z,9.5703125,9.5546875,65.0
2015-08-11T22:26:15.000000Z,9.5703125,9.5546875,13.0
2015-08-11T22:26:20.000000Z,9.5703125,9.5546875,1.0
2015-08-11T22:26:30.000000Z,9.5703125,9.5546875,2.0
2015-08-11T22:26:40.000000Z,9.5703125,9.5546875,33.0
2015-08-11T22:26:45.000000Z,9.5703125,9.5546875,15.0
2015-08-11T22:26:55.000000Z,9.5703125,9.5546875,1.0
2015-08-11T22:27:05.000000Z,9.5703125,9.5546875,3.0
2015-08-11T22:27:10.000000Z,9.5703125,9.5546875,1.0
2015-08-11T22:27:25.000000Z,9.5703125,9.5546875,2.0
2015-08-11T22:27:30.000000Z,9.5703125,9.5546875,36.0
2015-08-11T22:27:35.000000Z,9.5703125,9.5546875,54.0
2015-08-11T22:27:40.000000Z,9.5703125,9.5546875,37.0
2015-08-11T22:27:45.000000Z,9.5703125,9.5546875,13.0
2015-08-11T22:27:50.000000Z,9.5703125,9.5546875,4.0
2015-08-11T22:27:55.000000Z,9.5703125,9.5546875,1.0
2015-08-11T22:28:00.000000Z,9.5703125,9.5546875,1.0
2015-08-11T22:28:05.000000Z,9.5703125,9.5546875,2.0
2015-08-11T22:28:10.000000Z,9.5703125,9.5546875,49.0
2015-08-11T22:28:15.000000Z,9.5703125,9.5546875,12.0
2015-08-11T22:28:20.000000Z,9.5703125,9.5546875,1.0
2015-08-11T22:28:25.000000Z,9.5703125,9.5546875,4.0
2015-08-11T22:28:30.000000Z,9.5703125,9.5546875,18.0
2015-08-11T22:28:35.000000Z,9.5703125,9.5546875,24.0
2015-08-11T22:28:40.000000Z,9.5703125,9.5546875,17.0
2015-08-11T22:28:45.000000Z,9.5703125,9.5546875,10.0
2015-08-11T22:28:50.000000Z,9.5703125,9.5546875,13.0
2015-08-11T22:28:55.000000Z,9.5703125,9.5546875,1.0
2015-08-11T22:29:10.000000Z,9.5703125,9.5546875,24.0
2015-08-11T22:29:15.000000Z,9.5703125,9.5546875,8.0
2015-08-11T22:29:30.000000Z,9.5703125,9.5546875,1.0
2015-08-11T22:29:50.000000Z,9.5703125,9.5546875,13.0
2015-08-11T22:29:55.000000Z,9.5703125,9.5546875,6.0
2015-08-11T22:30:00.000000Z,9.5703125,9.5546875,12.0
2015-08-11T22:30:05.000000Z,9.5703125,9.5546875,2.0
2015-08-11T22:30:10.000000Z,9.5703125,9.5546875,2.0
2015-08-11T22:30:15.000000Z,9.5703125,9.5546875,1.0
2015-08-11T22:30:30.000000Z,9.5703125,9.5546875,3.0
2015-08-11T22:30:50.000000Z,9.5703125,9.5546875,1.0
2015-08-11T22:31:10.000000Z,9.5703125,9.5546875,2.0
2015-08-11T22:31:15.000000Z,9.5703125,9.5546875,20.0
2015-08-11T22:31:20.000000Z,9.5703125,9.5546875,2.0
2015-08-11T22:31:25.000000Z,9.5703125,9.5546875,2.0
2015-08-11T22:31:30.000000Z,9.5703125,9.5546875,2.0
2015-08-11T22:31:55.000000Z,9.5703125,9.5546875,1.0
2015-08-11T22:32:00.000000Z,9.5703125,9.5546875,9.0
2015-08-11T22:32:05.000000Z,9.5703125,9.5546875,13.0
2015-08-11T22:32:10.000000Z,9.5703125,9.5546875,1.0
2015-08-11T22:32:25.000000Z,9.5703125,9.5546875,21.0
2015-08-11T22:32:30.000000Z,9.5703125,9.5546875,60.0
2015-08-11T22:32:35.000000Z,9.5703125,9.5546875,55.0
2015-08-11T22:32:40.000000Z,9.5703125,9.5546875,62.0
2015-08-11T22:32:45.000000Z,9.5703125,9.5546875,38.0
2015-08-11T22:32:50.000000Z,9.5703125,9.5546875,18.0
2015-08-11T22:32:55.000000Z,9.5703125,9.5546875,2.0
2015-08-11T22:33:10.000000Z,9.5703125,9.5546875,4.0
2015-08-11T22:33:25.000000Z,9.5703125,9.5546875,2.0
2015-08-11T22:33:30.000000Z,9.5703125,9.5546875,63.0
2015-08-11T22:33:35.000000Z,9.5703125,9.5546875,32.0
2015-08-11T22:33:40.000000Z,9.5703125,9.5546875,4.0
2015-08-11T22:33:45.000000Z,9.5703125,9.5546875,2.0
2015-08-11T22:33:55.000000Z,9.5703125,9.5546875,3.0
2015-08-11T22:34:05.000000Z,9.5703125,9.5546875,3.0
2015-08-11T22:34:10.000000Z,9.5703125,9.5546875,1.0
2015-08-11T22:34:15.000000Z,9.5703125,9.5546875,1.0
2015-08-11T22:34:30.000000Z,9.5703125,9.5546875,7.0
2015-08-11T22:34:35.000000Z,9.5703125,9.5546875,1.0
2015-08-11T22:34:40.000000Z,9.5703125,9.5546875,1.0
2015-08-11T22:34:50.000000Z,9.5703125,9.5546875,20.0
2015-08-11T22:34:55.000000Z,9.5703125,9.5546875,30.0
2015-08-11T22:35:00.000000Z,9.5703125,9.5546875,2.0
2015-08-11T22:35:10.000000Z,9.5703125,9.5546875,11.0
2015-08-11T22:35:15.000000Z,9.5703125,9.5546875,2.0
2015-08-11T22:35:20.000000Z,9.5703125,9.5546875,4.0
2015-08-11T22:35:25.000000Z,9.5703125,9.5546875,1.0
2015-08-11T22:35:30.000000Z,9.5703125,9.5546875,3.0
2015-08-11T22:35:35.000000Z,9.5703125,9.5546875,22.0
2015-08-11T22:35:40.000000Z,9.5703125,9.5546875,35.0
2015-08-11T22:35:45.000000Z,9.5703125,9.5546875,54.0
2015-08-11T22:35:50.000000Z,9.5703125,9.5546875,58.0
2015-08-11T22:35:55.000000Z,9.5703125,9.5546875,53.0
2015-08-11T22:36:00.000000Z,9.5703125,9.5546875,52.0
2015-08-11T22:36:05.000000Z,9.5703125,9.5546875,66.0
2015-08-11T22:36:10.000000Z,9.5703125,9.5546875,57.0
2015-08-11T22:36:15.000000Z,9.5703125,9.5546875,46.0
2015-08-11T22:36:20.000000Z,9.5703125,9.5546875,48.0
2015-08-11T22:36:25.000000Z,9.5703125,9.5546875,10.0
2015-08-11T22:36:30.000000Z,9.5703125,9.5546875,1.0
2015-08-11T22:36:35.000000Z,9.5703125,9.5546875,1.0
2015-08-11T22:36:45.000000Z,9.5703125,9.5546875,32.0
2015-08-11T22:36:50.000000Z,9.5703125,9.5546875,5.0
2015-08-11T22:37:00.000000Z,9.5703125,9.5546875,2.0
2015-08-11T22:37:05.000000Z,9.5703125,9.5546875,4.0
2015-08-11T22:37:15.000000Z,9.5703125,9.5546875,60.0
2015-08-11T22:37:20.000000Z,9.5703125,9.5546875,57.0
2015-08-11T22:37:25.000000Z,9.5703125,9.5546875,67.0
2015-08-11T22:37:30.000000Z,9.5703125,9.5546875,80.0
2015-08-11T22:37:35.000000Z,9.5703125,9.5546875,60.0
2015-08-11T22:37:40.000000Z,9.5703125,9.5546875,54.0
2015-08-11T22:37:45.000000Z,9.5703125,9.5546875,61.0
2015-08-11T22:37:50.000000Z,9.5703125,9.5546875,40.0
2015-08-11T22:37:55.000000Z,9.5703125,9.5546875,4.0
2015-08-11T22:38:00.000000Z,9.5703125,9.5546875,1.0
2015-08-11T22:38:10.000000Z,9.5703125,9.5546875,2.0
2015-08-11T22:38:20.000000Z,9.5703125,9.5546875,2.0
2015-08-11T22:38:30.000000Z,9.5703125,9.5546875,1.0
2015-08-11T22:38:40.000000Z,9.5703125,9.5546875,25.0
2015-08-11T22:38:45.000000Z,9.5703125,9.5546875,5.0
2015-08-11T22:38:50.000000Z,9.5703125,9.5546875,27.0
2015-08-11T22:38:55.000000Z,9.5703125,9.5546875,4.0
2015-08-11T22:39:00.000000Z,9.5703125,9.5546875,2.0
2015-08-11T22:39:05.000000Z,9.5703125,9.5546875,1.0
2015-08-11T22:39:10.000000Z,9.5703125,9.5546875,26.0
2015-08-11T22:39:15.000000Z,9.5703125,9.5546875,3.0
