time,closeAsk,closeBid
2015-07-29T04:00:00.000000Z,9.47734,9.46678
2015-07-29T04:00:30.000000Z,9.47734,9.4668
2015-07-29T04:00:50.000000Z,9.47734,9.4664
2015-07-29T04:01:00.000000Z,9.47734,9.46637
2015-07-29T04:01:10.000000Z,9.47734,9.46639
2015-07-29T04:01:20.000000Z,9.47734,9.4668
2015-07-29T04:01:30.000000Z,9.47734,9.4668
2015-07-29T04:01:40.000000Z,9.47734,9.46678
2015-07-29T04:01:50.000000Z,9.47734,9.4668
2015-07-29T04:02:20.000000Z,9.47734,9.46677
2015-07-29T04:02:30.000000Z,9.47772,9.46675
2015-07-29T04:02:40.000000Z,9.47752,9.46656
2015-07-29T04:02:50.000000Z,9.4778,9.46675
2015-07-29T04:03:00.000000Z,9.47736,9.46675
2015-07-29T04:03:50.000000Z,9.47737,9.46675
2015-07-29T04:06:00.000000Z,9.47737,9.46675
2015-07-29T04:06:10.000000Z,9.47737,9.46675
2015-07-29T04:06:50.000000Z,9.47747,9.46675
2015-07-29T04:07:00.000000Z,9.47742,9.46675
2015-07-29T04:07:10.000000Z,9.47797,9.46675
2015-07-29T04:07:30.000000Z,9.47772,9.46675
2015-07-29T04:07:40.000000Z,9.47771,9.46675
2015-07-29T04:07:50.000000Z,9.47771,9.46675
2015-07-29T04:08:30.000000Z,9.47776,9.46675
2015-07-29T04:08:40.000000Z,9.47774,9.4668
2015-07-29T04:08:50.000000Z,9.47781,9.4668
2015-07-29T04:09:10.000000Z,9.47739,9.4668
2015-07-29T04:09:20.000000Z,9.47741,9.46675
2015-07-29T04:09:40.000000Z,9.47784,9.46675
2015-07-29T04:09:50.000000Z,9.47786,9.46675
2015-07-29T04:10:30.000000Z,9.47784,9.46675
2015-07-29T04:10:50.000000Z,9.47776,9.46675
2015-07-29T04:11:30.000000Z,9.47785,9.4669
2015-07-29T04:11:40.000000Z,9.47791,9.4669
2015-07-29T04:12:00.000000Z,9.47793,9.4669
2015-07-29T04:12:20.000000Z,9.47794,9.46687
2015-07-29T04:12:40.000000Z,9.47793,9.467
2015-07-29T04:12:50.000000Z,9.47795,9.467
2015-07-29T04:13:00.000000Z,9.47798,9.467
2015-07-29T04:13:10.000000Z,9.47801,9.467
2015-07-29T04:13:20.000000Z,9.47806,9.467
2015-07-29T04:13:30.000000Z,9.47807,9.467
2015-07-29T04:14:00.000000Z,9.47812,9.467
2015-07-29T04:14:20.000000Z,9.47807,9.467
2015-07-29T04:14:30.000000Z,9.47807,9.46683
2015-07-29T04:14:40.000000Z,9.47752,9.46688
2015-07-29T04:14:50.000000Z,9.47736,9.467
2015-07-29T04:15:00.000000Z,9.47734,9.467
2015-07-29T04:15:10.000000Z,9.47758,9.46733
2015-07-29T04:15:20.000000Z,9.47778,9.46694
2015-07-29T04:15:30.000000Z,9.47778,9.46694
2015-07-29T04:15:40.000000Z,9.47767,9.46694
2015-07-29T04:15:50.000000Z,9.47763,9.46694
2015-07-29T04:16:00.000000Z,9.47766,9.46694
2015-07-29T04:16:10.000000Z,9.47767,9.46694
2015-07-29T04:16:30.000000Z,9.47767,9.46694
2015-07-29T04:16:40.000000Z,9.47776,9.46687
2015-07-29T04:16:50.000000Z,9.47776,9.46687
2015-07-29T04:17:00.000000Z,9.47779,9.46687
2015-07-29T04:17:10.000000Z,9.47777,9.46687
2015-07-29T04:17:20.000000Z,9.47776,9.46694
2015-07-29T04:17:30.000000Z,9.47781,9.46687
2015-07-29T04:17:40.000000Z,9.47778,9.46687
2015-07-29T04:17:50.000000Z,9.47777,9.46694
2015-07-29T04:18:00.000000Z,9.47777,9.46694
2015-07-29T04:18:10.000000Z,9.47779,9.46694
2015-07-29T04:18:20.000000Z,9.4777,9.46694
2015-07-29T04:18:30.000000Z,9.47769,9.46694
2015-07-29T04:18:40.000000Z,9.47774,9.46687
2015-07-29T04:18:50.000000Z,9.47757,9.46687
2015-07-29T04:19:00.000000Z,9.47755,9.46687
2015-07-29T04:19:10.000000Z,9.47751,9.46687
2015-07-29T04:19:20.000000Z,9.47732,9.46687
2015-07-29T04:19:30.000000Z,9.47727,9.46684
2015-07-29T04:19:40.000000Z,9.47731,9.46675
2015-07-29T04:19:50.000000Z,9.47731,9.4664
2015-07-29T04:20:00.000000Z,9.47738,9.4663
2015-07-29T04:20:10.000000Z,9.47735,9.4663
2015-07-29T04:20:20.000000Z,9.47734,9.46626
2015-07-29T04:20:30.000000Z,9.47736,9.46626
2015-07-29T04:20:40.000000Z,9.47727,9.46626
2015-07-29T04:20:50.000000Z,9.47727,9.4661
2015-07-29T04:21:00.000000Z,9.47727,9.46599
2015-07-29T04:21:10.000000Z,9.47727,9.46601
2015-07-29T04:21:20.000000Z,9.47727,9.46599
2015-07-29T04:21:30.000000Z,9.47727,9.46618
2015-07-29T04:21:40.000000Z,9.47719,9.4662
2015-07-29T04:21:50.000000Z,9.47727,9.46614
2015-07-29T04:22:00.000000Z,9.47717,9.4662
2015-07-29T04:22:10.000000Z,9.47717,9.4662
2015-07-29T04:22:20.000000Z,9.47716,9.46626
2015-07-29T04:22:30.000000Z,9.47712,9.46626
2015-07-29T04:22:40.000000Z,9.47709,9.46613
2015-07-29T04:22:50.000000Z,9.47707,9.4662
2015-07-29T04:23:00.000000Z,9.47722,9.4662
2015-07-29T04:23:10.000000Z,9.47731,9.46626
2015-07-29T04:23:20.000000Z,9.47734,9.4663
2015-07-29T04:23:30.000000Z,9.47735,9.46626
2015-07-29T04:24:10.000000Z,9.47726,9.46615
2015-07-29T04:24:20.000000Z,9.47712,9.46626
2015-07-29T04:24:30.000000Z,9.4773,9.46626
2015-07-29T04:24:40.000000Z,9.47734,9.46626
2015-07-29T04:24:50.000000Z,9.47703,9.46633
2015-07-29T04:25:00.000000Z,9.477,9.46637
2015-07-29T04:25:10.000000Z,9.47701,9.46639
2015-07-29T04:25:20.000000Z,9.477,9.46613
2015-07-29T04:25:30.000000Z,9.4771,9.4662
2015-07-29T04:25:40.000000Z,9.47714,9.4662
2015-07-29T04:25:50.000000Z,9.47712,9.4662
2015-07-29T04:26:00.000000Z,9.47729,9.4663
2015-07-29T04:26:30.000000Z,9.47731,9.4663
2015-07-29T04:26:40.000000Z,9.47705,9.4662
2015-07-29T04:26:50.000000Z,9.47708,9.4664
2015-07-29T04:27:00.000000Z,9.47717,9.4665
2015-07-29T04:27:10.000000Z,9.47718,9.4665
2015-07-29T04:27:30.000000Z,9.4773,9.4665
2015-07-29T04:27:40.000000Z,9.4773,9.4665
2015-07-29T04:27:50.000000Z,9.47721,9.4665
2015-07-29T04:28:00.000000Z,9.47719,9.46676
2015-07-29T04:28:10.000000Z,9.47728,9.46671
2015-07-29T04:28:20.000000Z,9.47701,9.46697
2015-07-29T04:28:30.000000Z,9.477,9.46695
2015-07-29T04:28:40.000000Z,9.47709,9.46686
2015-07-29T04:28:50.000000Z,9.47716,9.46698
2015-07-29T04:29:00.000000Z,9.47703,9.4667
2015-07-29T04:29:10.000000Z,9.47743,9.46659
2015-07-29T04:29:20.000000Z,9.47746,9.46656
2015-07-29T04:29:30.000000Z,9.47736,9.46668
2015-07-29T04:29:40.000000Z,9.47724,9.4668
2015-07-29T04:30:00.000000Z,9.47727,9.4668
2015-07-29T04:30:10.000000Z,9.47735,9.4667
2015-07-29T04:30:20.000000Z,9.47724,9.46681
2015-07-29T04:30:30.000000Z,9.47713,9.46682
2015-07-29T04:30:40.000000Z,9.47715,9.46691
2015-07-29T04:30:50.000000Z,9.47702,9.4673
2015-07-29T04:31:00.000000Z,9.477,9.46733
2015-07-29T04:31:10.000000Z,9.477,9.46735
2015-07-29T04:31:20.000000Z,9.477,9.46733
2015-07-29T04:31:50.000000Z,9.477,9.46727
2015-07-29T04:32:00.000000Z,9.47728,9.46683
2015-07-29T04:32:10.000000Z,9.47728,9.46672
2015-07-29T04:32:20.000000Z,9.47728,9.46672
2015-07-29T04:32:30.000000Z,9.47728,9.46669
2015-07-29T04:32:40.000000Z,9.47728,9.46672
2015-07-29T04:32:50.000000Z,9.47728,9.46671
2015-07-29T04:33:10.000000Z,9.47728,9.46675
2015-07-29T04:33:20.000000Z,9.47728,9.46677
2015-07-29T04:33:50.000000Z,9.47728,9.46676
2015-07-29T04:34:10.000000Z,9.47728,9.46675
2015-07-29T04:34:20.000000Z,9.47728,9.46684
2015-07-29T04:34:30.000000Z,9.47728,9.46682
2015-07-29T04:34:40.000000Z,9.47728,9.46686
2015-07-29T04:34:50.000000Z,9.47728,9.46688
2015-07-29T04:35:00.000000Z,9.47728,9.46709
2015-07-29T04:35:10.000000Z,9.47728,9.46692
2015-07-29T04:35:20.000000Z,9.47728,9.46685
2015-07-29T04:35:30.000000Z,9.47728,9.46678
2015-07-29T04:35:40.000000Z,9.47728,9.4668
2015-07-29T04:35:50.000000Z,9.47728,9.46683
2015-07-29T04:36:00.000000Z,9.47728,9.46682
2015-07-29T04:36:10.000000Z,9.47728,9.46664
2015-07-29T04:36:20.000000Z,9.47738,9.46679
2015-07-29T04:36:30.000000Z,9.477,9.46691
2015-07-29T04:36:40.000000Z,9.47705,9.46704
2015-07-29T04:36:50.000000Z,9.477,9.46677
2015-07-29T04:37:00.000000Z,9.4768,9.46665
2015-07-29T04:37:10.000000Z,9.4769,9.46631
2015-07-29T04:37:20.000000Z,9.47726,9.4665
2015-07-29T04:37:30.000000Z,9.47726,9.4665
2015-07-29T04:37:40.000000Z,9.47725,9.4665
2015-07-29T04:38:00.000000Z,9.477,9.46679
2015-07-29T04:38:10.000000Z,9.47701,9.46681
2015-07-29T04:38:20.000000Z,9.477,9.46681
2015-07-29T04:38:30.000000Z,9.477,9.46678
2015-07-29T04:38:40.000000Z,9.477,9.46681
2015-07-29T04:39:00.000000Z,9.477,9.46678
2015-07-29T04:39:20.000000Z,9.477,9.4668
2015-07-29T04:39:30.000000Z,9.47724,9.46687
2015-07-29T04:39:40.000000Z,9.47736,9.46687
2015-07-29T04:39:50.000000Z,9.47745,9.46697
2015-07-29T04:40:00.000000Z,9.47736,9.46671
2015-07-29T04:40:10.000000Z,9.47747,9.46676
2015-07-29T04:40:20.000000Z,9.47744,9.46667
2015-07-29T04:40:30.000000Z,9.4771,9.46679
2015-07-29T04:40:40.000000Z,9.47705,9.46687
2015-07-29T04:40:50.000000Z,9.477,9.46645
2015-07-29T04:41:00.000000Z,9.47727,9.46687
2015-07-29T04:41:10.000000Z,9.47725,9.46679
2015-07-29T04:41:20.000000Z,9.47717,9.46679
2015-07-29T04:41:30.000000Z,9.47717,9.46679
2015-07-29T04:41:40.000000Z,9.47741,9.46678
2015-07-29T04:41:50.000000Z,9.47704,9.46687
2015-07-29T04:42:00.000000Z,9.47709,9.46687
2015-07-29T04:42:10.000000Z,9.47712,9.46677
2015-07-29T04:42:20.000000Z,9.47716,9.46681
2015-07-29T04:42:30.000000Z,9.47752,9.46674
2015-07-29T04:42:40.000000Z,9.4774,9.46687
2015-07-29T04:42:50.000000Z,9.47723,9.46687
2015-07-29T04:43:00.000000Z,9.47719,9.46679
2015-07-29T04:43:10.000000Z,9.47709,9.46687
2015-07-29T04:43:20.000000Z,9.47702,9.46681
2015-07-29T04:43:30.000000Z,9.47702,9.46681
2015-07-29T04:43:40.000000Z,9.477,9.46668
2015-07-29T04:43:50.000000Z,9.47709,9.46687
2015-07-29T04:44:00.000000Z,9.47725,9.46687
2015-07-29T04:44:10.000000Z,9.47719,9.46671
2015-07-29T04:44:20.000000Z,9.477,9.46685
2015-07-29T04:44:30.000000Z,9.47713,9.46687
2015-07-29T04:44:40.000000Z,9.47718,9.46679
2015-07-29T04:44:50.000000Z,9.47713,9.46657
2015-07-29T04:45:00.000000Z,9.477,9.46656
2015-07-29T04:45:10.000000Z,9.4768,9.46652
2015-07-29T04:45:20.000000Z,9.47696,9.46657
2015-07-29T04:45:30.000000Z,9.47687,9.46657
2015-07-29T04:45:40.000000Z,9.47722,9.46657
2015-07-29T04:45:50.000000Z,9.47707,9.4666
2015-07-29T04:46:00.000000Z,9.47698,9.46655
2015-07-29T04:46:10.000000Z,9.47727,9.46657
2015-07-29T04:46:20.000000Z,9.47707,9.46657
2015-07-29T04:46:30.000000Z,9.47685,9.46657
2015-07-29T04:46:50.000000Z,9.4768,9.46655
2015-07-29T04:47:00.000000Z,9.4768,9.46655
2015-07-29T04:47:10.000000Z,9.47692,9.46687
2015-07-29T04:47:20.000000Z,9.4769,9.4666
2015-07-29T04:47:30.000000Z,9.4769,9.4666
2015-07-29T04:47:40.000000Z,9.4769,9.46662
2015-07-29T04:47:50.000000Z,9.4769,9.46644
2015-07-29T04:48:00.000000Z,9.4769,9.46648
2015-07-29T04:48:10.000000Z,9.4774,9.46687
2015-07-29T04:48:30.000000Z,9.47737,9.46687
2015-07-29T04:48:40.000000Z,9.4774,9.46687
2015-07-29T04:48:50.000000Z,9.47752,9.46687
2015-07-29T04:49:20.000000Z,9.47698,9.46643
2015-07-29T04:49:30.000000Z,9.47704,9.46597
2015-07-29T04:49:40.000000Z,9.47704,9.46578
2015-07-29T04:49:50.000000Z,9.47704,9.4657
2015-07-29T04:50:00.000000Z,9.47704,9.4657
2015-07-29T04:50:10.000000Z,9.47704,9.46583
2015-07-29T04:50:20.000000Z,9.47712,9.46631
2015-07-29T04:50:30.000000Z,9.47755,9.4665
2015-07-29T04:50:40.000000Z,9.47752,9.4664
2015-07-29T04:50:50.000000Z,9.47742,9.46672
2015-07-29T04:51:00.000000Z,9.47738,9.46676
2015-07-29T04:51:10.000000Z,9.47732,9.46676
2015-07-29T04:51:30.000000Z,9.47734,9.46676
2015-07-29T04:51:50.000000Z,9.47737,9.46676
2015-07-29T04:52:10.000000Z,9.47736,9.46676
2015-07-29T04:52:20.000000Z,9.47736,9.46676
2015-07-29T04:52:30.000000Z,9.47737,9.46676
2015-07-29T04:53:00.000000Z,9.47738,9.46676
2015-07-29T04:53:10.000000Z,9.47736,9.46676
2015-07-29T04:53:20.000000Z,9.47736,9.46676
2015-07-29T04:53:30.000000Z,9.47738,9.46676
2015-07-29T04:53:50.000000Z,9.47736,9.46676
2015-07-29T04:54:00.000000Z,9.47739,9.46676
2015-07-29T04:54:10.000000Z,9.47729,9.46687
2015-07-29T04:54:20.000000Z,9.47732,9.46687
2015-07-29T04:54:30.000000Z,9.47727,9.46687
2015-07-29T04:54:40.000000Z,9.47724,9.46687
2015-07-29T04:54:50.000000Z,9.47751,9.4666
2015-07-29T04:55:10.000000Z,9.47756,9.4665
2015-07-29T04:55:30.000000Z,9.47755,9.4665
2015-07-29T04:55:40.000000Z,9.47756,9.4665
2015-07-29T04:55:50.000000Z,9.47755,9.4665
2015-07-29T04:56:00.000000Z,9.47748,9.4666
2015-07-29T04:56:10.000000Z,9.47748,9.4666
2015-07-29T04:56:20.000000Z,9.47749,9.4666
2015-07-29T04:56:30.000000Z,9.47756,9.4665
2015-07-29T04:56:40.000000Z,9.47749,9.4666
2015-07-29T04:57:10.000000Z,9.47745,9.4667
2015-07-29T04:57:20.000000Z,9.47746,9.4667
2015-07-29T04:57:30.000000Z,9.47736,9.4666
2015-07-29T04:57:40.000000Z,9.47714,9.46637
2015-07-29T04:57:50.000000Z,9.47675,9.46628
2015-07-29T04:58:00.000000Z,9.4769,9.46621
2015-07-29T04:58:10.000000Z,9.47679,9.46613
2015-07-29T04:58:20.000000Z,9.47723,9.46627
2015-07-29T04:58:30.000000Z,9.47731,9.4663
2015-07-29T04:58:40.000000Z,9.47666,9.46584
2015-07-29T04:58:50.000000Z,9.47715,9.4663
2015-07-29T04:59:00.000000Z,9.47707,9.46632
2015-07-29T04:59:10.000000Z,9.47716,9.4665
2015-07-29T04:59:20.000000Z,9.47712,9.4665
2015-07-29T04:59:30.000000Z,9.47714,9.4664
2015-07-29T04:59:40.000000Z,9.47712,9.4664
2015-07-29T04:59:50.000000Z,9.47711,9.4664
2015-07-29T05:00:00.000000Z,9.48609,9.4647
2015-07-29T05:00:10.000000Z,9.48034,9.4658
2015-07-29T05:00:20.000000Z,9.48381,9.46596
2015-07-29T05:00:30.000000Z,9.48087,9.46694
2015-07-29T05:00:40.000000Z,9.48239,9.46553
2015-07-29T05:00:50.000000Z,9.47988,9.46686
2015-07-29T05:01:00.000000Z,9.47981,9.46687
2015-07-29T05:01:10.000000Z,9.47973,9.46687
2015-07-29T05:01:20.000000Z,9.47996,9.46687
2015-07-29T05:01:30.000000Z,9.48509,9.46573
2015-07-29T05:01:40.000000Z,9.48283,9.46398
2015-07-29T05:01:50.000000Z,9.48242,9.46417
2015-07-29T05:02:00.000000Z,9.4831,9.46349
2015-07-29T05:02:10.000000Z,9.48425,9.46565
2015-07-29T05:02:20.000000Z,9.48535,9.46571
2015-07-29T05:02:30.000000Z,9.48294,9.46453
2015-07-29T05:02:40.000000Z,9.4829,9.46416
2015-07-29T05:02:50.000000Z,9.48521,9.46584
2015-07-29T05:03:00.000000Z,9.48605,9.46529
2015-07-29T05:03:10.000000Z,9.48096,9.46583
2015-07-29T05:03:20.000000Z,9.47987,9.46685
2015-07-29T05:03:30.000000Z,9.4813,9.46667
2015-07-29T05:03:40.000000Z,9.47983,9.46688
2015-07-29T05:03:50.000000Z,9.48005,9.46617
2015-07-29T05:04:00.000000Z,9.48061,9.46592
2015-07-29T05:04:10.000000Z,9.47907,9.46685
2015-07-29T05:04:20.000000Z,9.47893,9.4665
2015-07-29T05:04:30.000000Z,9.48094,9.46636
2015-07-29T05:04:40.000000Z,9.48077,9.46668
2015-07-29T05:04:50.000000Z,9.48118,9.4661
2015-07-29T05:05:00.000000Z,9.48103,9.4661
2015-07-29T05:05:10.000000Z,9.48026,9.46546
2015-07-29T05:05:20.000000Z,9.48117,9.4661
2015-07-29T05:05:30.000000Z,9.48116,9.46594
2015-07-29T05:05:40.000000Z,9.4801,9.46547
2015-07-29T05:05:50.000000Z,9.48,9.46551
2015-07-29T05:06:00.000000Z,9.48101,9.4661
2015-07-29T05:06:10.000000Z,9.479,9.46673
2015-07-29T05:06:20.000000Z,9.479,9.46671
2015-07-29T05:06:30.000000Z,9.47998,9.4657
2015-07-29T05:06:40.000000Z,9.48014,9.46583
2015-07-29T05:06:50.000000Z,9.48041,9.46561
2015-07-29T05:07:00.000000Z,9.47972,9.4661
2015-07-29T05:07:10.000000Z,9.48003,9.46582
2015-07-29T05:07:20.000000Z,9.47978,9.46617
2015-07-29T05:07:30.000000Z,9.47924,9.46652
2015-07-29T05:07:40.000000Z,9.479,9.46662
2015-07-29T05:07:50.000000Z,9.479,9.46661
2015-07-29T05:08:00.000000Z,9.47907,9.46661
2015-07-29T05:08:10.000000Z,9.479,9.46658
2015-07-29T05:08:20.000000Z,9.47876,9.46679
2015-07-29T05:08:30.000000Z,9.47876,9.46609
2015-07-29T05:08:40.000000Z,9.47886,9.46604
2015-07-29T05:08:50.000000Z,9.47898,9.46614
2015-07-29T05:09:00.000000Z,9.47898,9.46624
2015-07-29T05:09:10.000000Z,9.4789,9.46609
2015-07-29T05:09:20.000000Z,9.47889,9.46646
2015-07-29T05:09:30.000000Z,9.47856,9.46667
2015-07-29T05:09:40.000000Z,9.47864,9.46667
2015-07-29T05:09:50.000000Z,9.47864,9.46661
2015-07-29T05:10:00.000000Z,9.47901,9.4667
2015-07-29T05:10:10.000000Z,9.47888,9.4663
2015-07-29T05:10:20.000000Z,9.47893,9.46645
2015-07-29T05:10:30.000000Z,9.47886,9.4666
2015-07-29T05:10:40.000000Z,9.47914,9.4664
2015-07-29T05:10:50.000000Z,9.47883,9.4662
2015-07-29T05:11:00.000000Z,9.48719,9.46915
2015-07-29T05:11:10.000000Z,9.48212,9.47016
2015-07-29T05:11:20.000000Z,9.48167,9.47059
2015-07-29T05:11:30.000000Z,9.48185,9.4707
2015-07-29T05:11:40.000000Z,9.48177,9.47061
2015-07-29T05:11:50.000000Z,9.48176,9.47055
2015-07-29T05:12:00.000000Z,9.48176,9.47059
2015-07-29T05:12:10.000000Z,9.48705,9.46911
2015-07-29T05:12:20.000000Z,9.48278,9.4701
2015-07-29T05:12:30.000000Z,9.48268,9.4702
2015-07-29T05:12:40.000000Z,9.4827,9.47
2015-07-29T05:12:50.000000Z,9.4832,9.47
2015-07-29T05:13:00.000000Z,9.48302,9.47
2015-07-29T05:13:10.000000Z,9.48317,9.4696
2015-07-29T05:13:20.000000Z,9.48027,9.47031
2015-07-29T05:13:30.000000Z,9.4797,9.46967
2015-07-29T05:13:40.000000Z,9.4797,9.46964
2015-07-29T05:14:00.000000Z,9.4797,9.46972
2015-07-29T05:14:10.000000Z,9.4797,9.46974
2015-07-29T05:14:20.000000Z,9.4797,9.46978
2015-07-29T05:14:30.000000Z,9.4797,9.46972
2015-07-29T05:14:40.000000Z,9.4797,9.46974
2015-07-29T05:14:50.000000Z,9.4797,9.46977
2015-07-29T05:15:00.000000Z,9.4797,9.46985
2015-07-29T05:15:10.000000Z,9.4797,9.46982
2015-07-29T05:15:20.000000Z,9.4797,9.46981
2015-07-29T05:15:30.000000Z,9.4797,9.46982
2015-07-29T05:15:40.000000Z,9.4797,9.46975
2015-07-29T05:15:50.000000Z,9.4797,9.46967
2015-07-29T05:16:00.000000Z,9.4797,9.46974
2015-07-29T05:16:10.000000Z,9.4797,9.46974
2015-07-29T05:16:20.000000Z,9.4797,9.46974
2015-07-29T05:16:30.000000Z,9.4797,9.46978
2015-07-29T05:16:40.000000Z,9.4797,9.46961
2015-07-29T05:16:50.000000Z,9.47999,9.46934
2015-07-29T05:17:10.000000Z,9.4797,9.46952
2015-07-29T05:17:20.000000Z,9.4797,9.46944
2015-07-29T05:17:30.000000Z,9.4797,9.46946
2015-07-29T05:17:40.000000Z,9.4797,9.4695
2015-07-29T05:17:50.000000Z,9.4797,9.46945
2015-07-29T05:18:00.000000Z,9.4797,9.46963
2015-07-29T05:18:10.000000Z,9.4797,9.4696
2015-07-29T05:18:20.000000Z,9.4797,9.46953
2015-07-29T05:18:30.000000Z,9.4797,9.46948
2015-07-29T05:18:40.000000Z,9.4797,9.46945
2015-07-29T05:18:50.000000Z,9.4797,9.46945
2015-07-29T05:19:00.000000Z,9.4797,9.46951
2015-07-29T05:19:10.000000Z,9.47971,9.47
2015-07-29T05:19:20.000000Z,9.4797,9.46992
2015-07-29T05:19:30.000000Z,9.4797,9.46997
2015-07-29T05:19:50.000000Z,9.4797,9.46988
2015-07-29T05:20:00.000000Z,9.4797,9.46988
2015-07-29T05:20:10.000000Z,9.4797,9.46969
2015-07-29T05:20:20.000000Z,9.4797,9.46988
2015-07-29T05:20:30.000000Z,9.4797,9.46977
2015-07-29T05:20:40.000000Z,9.4797,9.46982
2015-07-29T05:20:50.000000Z,9.4797,9.46934
2015-07-29T05:21:00.000000Z,9.47973,9.4693
2015-07-29T05:21:10.000000Z,9.4797,9.46941
2015-07-29T05:21:30.000000Z,9.4797,9.46934
2015-07-29T05:21:50.000000Z,9.4797,9.46934
2015-07-29T05:22:00.000000Z,9.4797,9.46936
2015-07-29T05:22:20.000000Z,9.4797,9.46936
2015-07-29T05:22:40.000000Z,9.4797,9.46934
2015-07-29T05:22:50.000000Z,9.4797,9.46936
2015-07-29T05:23:00.000000Z,9.4797,9.46939
2015-07-29T05:23:10.000000Z,9.4797,9.46945
2015-07-29T05:23:20.000000Z,9.47976,9.46951
2015-07-29T05:23:30.000000Z,9.4797,9.46958
2015-07-29T05:23:40.000000Z,9.4797,9.46948
2015-07-29T05:23:50.000000Z,9.4797,9.4695
2015-07-29T05:24:00.000000Z,9.4797,9.46948
2015-07-29T05:24:10.000000Z,9.47976,9.47
2015-07-29T05:24:20.000000Z,9.4797,9.46984
2015-07-29T05:24:30.000000Z,9.4797,9.46988
2015-07-29T05:24:40.000000Z,9.48027,9.4684
2015-07-29T05:24:50.000000Z,9.47904,9.46846
2015-07-29T05:25:00.000000Z,9.47969,9.4688
2015-07-29T05:25:10.000000Z,9.48011,9.4689
2015-07-29T05:25:20.000000Z,9.47967,9.4688
2015-07-29T05:25:30.000000Z,9.47996,9.4688
2015-07-29T05:25:40.000000Z,9.47969,9.4688
2015-07-29T05:25:50.000000Z,9.47969,9.4688
2015-07-29T05:26:00.000000Z,9.47966,9.4688
2015-07-29T05:26:10.000000Z,9.47965,9.4688
2015-07-29T05:26:20.000000Z,9.47971,9.4688
2015-07-29T05:26:30.000000Z,9.47968,9.4688
2015-07-29T05:26:40.000000Z,9.48007,9.4688
2015-07-29T05:26:50.000000Z,9.47986,9.46877
2015-07-29T05:27:00.000000Z,9.48018,9.4688
2015-07-29T05:27:10.000000Z,9.47954,9.46889
2015-07-29T05:27:20.000000Z,9.47985,9.4688
2015-07-29T05:27:30.000000Z,9.47965,9.4688
2015-07-29T05:27:40.000000Z,9.47959,9.4688
2015-07-29T05:27:50.000000Z,9.47957,9.4688
2015-07-29T05:28:20.000000Z,9.47953,9.4688
2015-07-29T05:28:30.000000Z,9.48004,9.4712
2015-07-29T05:28:40.000000Z,9.48002,9.4712
2015-07-29T05:28:50.000000Z,9.48008,9.4711
2015-07-29T05:29:00.000000Z,9.48008,9.47106
2015-07-29T05:29:10.000000Z,9.48012,9.47106
2015-07-29T05:29:20.000000Z,9.48009,9.47106
2015-07-29T05:29:30.000000Z,9.48014,9.4711
2015-07-29T05:29:50.000000Z,9.48015,9.4711
2015-07-29T05:30:00.000000Z,9.47984,9.4711
2015-07-29T05:30:30.000000Z,9.47981,9.47106
2015-07-29T05:30:40.000000Z,9.4798,9.47106
2015-07-29T05:30:50.000000Z,9.47977,9.47106
2015-07-29T05:31:00.000000Z,9.47954,9.47132
2015-07-29T05:31:20.000000Z,9.47949,9.47132
2015-07-29T05:31:40.000000Z,9.47947,9.47132
2015-07-29T05:31:50.000000Z,9.4799,9.47132
2015-07-29T05:32:00.000000Z,9.4795,9.47132
2015-07-29T05:32:10.000000Z,9.47958,9.47132
2015-07-29T05:32:20.000000Z,9.47999,9.47132
2015-07-29T05:32:30.000000Z,9.47992,9.47132
2015-07-29T05:32:40.000000Z,9.47996,9.47132
2015-07-29T05:32:50.000000Z,9.47996,9.47132
2015-07-29T05:33:00.000000Z,9.48003,9.47132
2015-07-29T05:33:10.000000Z,9.48013,9.47115
2015-07-29T05:33:20.000000Z,9.48013,9.47115
2015-07-29T05:33:30.000000Z,9.47968,9.47115
2015-07-29T05:33:40.000000Z,9.47963,9.47096
2015-07-29T05:33:50.000000Z,9.47925,9.47108
2015-07-29T05:34:00.000000Z,9.47952,9.47109
2015-07-29T05:34:10.000000Z,9.47907,9.47098
2015-07-29T05:34:20.000000Z,9.4792,9.4709
2015-07-29T05:34:30.000000Z,9.47933,9.471
2015-07-29T05:34:40.000000Z,9.47936,9.47101
2015-07-29T05:34:50.000000Z,9.47904,9.47101
2015-07-29T05:35:00.000000Z,9.47907,9.471
2015-07-29T05:35:10.000000Z,9.47927,9.47112
2015-07-29T05:35:20.000000Z,9.47966,9.4711
2015-07-29T05:35:30.000000Z,9.47988,9.47114
2015-07-29T05:35:40.000000Z,9.4797,9.47115
2015-07-29T05:35:50.000000Z,9.4797,9.47118
2015-07-29T05:36:00.000000Z,9.47971,9.47133
2015-07-29T05:36:10.000000Z,9.4797,9.47125
2015-07-29T05:36:20.000000Z,9.4797,9.47123
2015-07-29T05:36:30.000000Z,9.4797,9.46964
2015-07-29T05:36:40.000000Z,9.4797,9.4696
2015-07-29T05:37:00.000000Z,9.4797,9.46952
2015-07-29T05:37:10.000000Z,9.47914,9.469
2015-07-29T05:37:20.000000Z,9.47945,9.46916
2015-07-29T05:37:30.000000Z,9.4793,9.4693
2015-07-29T05:37:40.000000Z,9.47937,9.46998
2015-07-29T05:37:50.000000Z,9.47922,9.46946
2015-07-29T05:38:00.000000Z,9.47916,9.46928
2015-07-29T05:38:10.000000Z,9.479,9.46928
2015-07-29T05:38:20.000000Z,9.47838,9.46829
2015-07-29T05:38:30.000000Z,9.47865,9.46917
2015-07-29T05:38:40.000000Z,9.47867,9.46923
2015-07-29T05:38:50.000000Z,9.47957,9.46903
2015-07-29T05:39:00.000000Z,9.47888,9.46899
2015-07-29T05:39:10.000000Z,9.4787,9.46896
2015-07-29T05:39:20.000000Z,9.47864,9.4714
2015-07-29T05:39:30.000000Z,9.47864,9.4714
2015-07-29T05:39:40.000000Z,9.47872,9.4714
2015-07-29T05:39:50.000000Z,9.47952,9.47129
2015-07-29T05:40:00.000000Z,9.47969,9.47126
2015-07-29T05:40:10.000000Z,9.47986,9.4715
2015-07-29T05:40:20.000000Z,9.48001,9.47151
2015-07-29T05:40:30.000000Z,9.47983,9.4716
2015-07-29T05:40:40.000000Z,9.47978,9.4716
2015-07-29T05:40:50.000000Z,9.47966,9.46935
2015-07-29T05:41:00.000000Z,9.4796,9.46926
2015-07-29T05:41:10.000000Z,9.47926,9.4694
2015-07-29T05:41:20.000000Z,9.47951,9.46946
2015-07-29T05:41:30.000000Z,9.47955,9.46927
2015-07-29T05:41:40.000000Z,9.47947,9.46946
2015-07-29T05:41:50.000000Z,9.47946,9.46936
2015-07-29T05:42:00.000000Z,9.47933,9.46938
2015-07-29T05:42:10.000000Z,9.47947,9.46936
2015-07-29T05:42:20.000000Z,9.47953,9.46931
2015-07-29T05:42:30.000000Z,9.47962,9.46929
2015-07-29T05:42:40.000000Z,9.47963,9.46907
2015-07-29T05:42:50.000000Z,9.47967,9.46909
2015-07-29T05:43:00.000000Z,9.47954,9.46913
2015-07-29T05:43:10.000000Z,9.47952,9.46913
2015-07-29T05:43:20.000000Z,9.47963,9.46913
2015-07-29T05:43:30.000000Z,9.47956,9.46921
2015-07-29T05:43:40.000000Z,9.47946,9.46916
2015-07-29T05:43:50.000000Z,9.47944,9.46927
2015-07-29T05:44:00.000000Z,9.47954,9.4692
2015-07-29T05:44:10.000000Z,9.47963,9.46923
2015-07-29T05:44:20.000000Z,9.4795,9.4692
2015-07-29T05:44:30.000000Z,9.4797,9.46917
2015-07-29T05:44:40.000000Z,9.47944,9.46929
2015-07-29T05:44:50.000000Z,9.47958,9.46932
2015-07-29T05:45:00.000000Z,9.4795,9.4693
2015-07-29T05:45:10.000000Z,9.47954,9.46917
2015-07-29T05:45:20.000000Z,9.47974,9.46894
2015-07-29T05:45:30.000000Z,9.47957,9.46921
2015-07-29T05:45:40.000000Z,9.47955,9.46922
2015-07-29T05:45:50.000000Z,9.47969,9.46922
2015-07-29T05:46:00.000000Z,9.4797,9.46932
2015-07-29T05:46:10.000000Z,9.47958,9.46932
2015-07-29T05:46:20.000000Z,9.47961,9.46925
2015-07-29T05:46:30.000000Z,9.47957,9.4693
2015-07-29T05:46:40.000000Z,9.47959,9.4693
2015-07-29T05:46:50.000000Z,9.47979,9.46942
2015-07-29T05:47:00.000000Z,9.47959,9.4692
2015-07-29T05:47:10.000000Z,9.47958,9.4692
2015-07-29T05:47:20.000000Z,9.47961,9.46929
2015-07-29T05:47:30.000000Z,9.47956,9.4692
2015-07-29T05:47:40.000000Z,9.47954,9.46937
2015-07-29T05:47:50.000000Z,9.47972,9.46938
2015-07-29T05:48:00.000000Z,9.47952,9.4693
2015-07-29T05:48:10.000000Z,9.47968,9.46942
2015-07-29T05:48:20.000000Z,9.4796,9.4694
2015-07-29T05:48:30.000000Z,9.47947,9.4693
2015-07-29T05:48:40.000000Z,9.47966,9.46932
2015-07-29T05:48:50.000000Z,9.47969,9.46903
2015-07-29T05:49:00.000000Z,9.47964,9.46939
2015-07-29T05:49:10.000000Z,9.4799,9.46939
2015-07-29T05:49:20.000000Z,9.47961,9.46943
2015-07-29T05:49:30.000000Z,9.4798,9.46951
2015-07-29T05:49:40.000000Z,9.47963,9.46962
2015-07-29T05:49:50.000000Z,9.4798,9.46956
2015-07-29T05:50:00.000000Z,9.47984,9.46969
2015-07-29T05:50:10.000000Z,9.4797,9.46969
2015-07-29T05:50:20.000000Z,9.47992,9.46972
2015-07-29T05:50:30.000000Z,9.47988,9.46971
2015-07-29T05:50:40.000000Z,9.47988,9.46966
2015-07-29T05:50:50.000000Z,9.47984,9.46966
2015-07-29T05:51:00.000000Z,9.47989,9.46966
2015-07-29T05:51:10.000000Z,9.47986,9.46961
2015-07-29T05:51:20.000000Z,9.4799,9.46961
2015-07-29T05:51:30.000000Z,9.47999,9.46964
2015-07-29T05:51:40.000000Z,9.47981,9.46964
2015-07-29T05:51:50.000000Z,9.47978,9.46968
2015-07-29T05:52:00.000000Z,9.47977,9.46945
2015-07-29T05:52:10.000000Z,9.4799,9.46942
2015-07-29T05:52:20.000000Z,9.47986,9.46942
2015-07-29T05:52:30.000000Z,9.47982,9.46945
2015-07-29T05:52:40.000000Z,9.47973,9.46945
2015-07-29T05:52:50.000000Z,9.47971,9.46949
2015-07-29T05:53:00.000000Z,9.47974,9.46943
2015-07-29T05:53:10.000000Z,9.47979,9.46943
2015-07-29T05:53:20.000000Z,9.47981,9.46941
2015-07-29T05:53:30.000000Z,9.47979,9.46942
2015-07-29T05:53:40.000000Z,9.47975,9.46943
2015-07-29T05:53:50.000000Z,9.47967,9.46954
2015-07-29T05:54:00.000000Z,9.47977,9.46944
2015-07-29T05:54:10.000000Z,9.4798,9.46942
2015-07-29T05:54:20.000000Z,9.47974,9.46942
2015-07-29T05:54:30.000000Z,9.4797,9.46954
2015-07-29T05:54:40.000000Z,9.47969,9.46949
2015-07-29T05:54:50.000000Z,9.47966,9.46958
2015-07-29T05:55:00.000000Z,9.4797,9.46957
2015-07-29T05:55:20.000000Z,9.47994,9.46962
2015-07-29T05:55:30.000000Z,9.4799,9.46962
2015-07-29T05:55:40.000000Z,9.47988,9.46969
2015-07-29T05:55:50.000000Z,9.47981,9.46969
2015-07-29T05:56:00.000000Z,9.47988,9.46964
2015-07-29T05:56:20.000000Z,9.47992,9.46965
2015-07-29T05:56:40.000000Z,9.47994,9.46962
2015-07-29T05:56:50.000000Z,9.47993,9.4696
2015-07-29T05:57:00.000000Z,9.47991,9.46955
2015-07-29T05:57:10.000000Z,9.4799,9.46955
2015-07-29T05:57:20.000000Z,9.47987,9.46961
2015-07-29T05:57:30.000000Z,9.47987,9.46961
2015-07-29T05:57:40.000000Z,9.47986,9.4696
2015-07-29T05:57:50.000000Z,9.47985,9.46956
2015-07-29T05:58:00.000000Z,9.47768,9.4709
2015-07-29T05:58:10.000000Z,9.48015,9.47182
2015-07-29T05:58:20.000000Z,9.47863,9.46693
2015-07-29T05:58:30.000000Z,9.47929,9.46862
2015-07-29T05:58:40.000000Z,9.4762,9.46535
2015-07-29T05:58:50.000000Z,9.47735,9.46622
2015-07-29T05:59:00.000000Z,9.47732,9.46592
2015-07-29T05:59:10.000000Z,9.47313,9.4644
2015-07-29T05:59:20.000000Z,9.47701,9.46607
2015-07-29T05:59:30.000000Z,9.47817,9.46562
2015-07-29T05:59:40.000000Z,9.4801,9.4661
2015-07-29T05:59:50.000000Z,9.48,9.46699
2015-07-29T06:00:00.000000Z,9.47988,9.46753
2015-07-29T06:00:10.000000Z,9.48038,9.46916
2015-07-29T06:00:20.000000Z,9.47935,9.4695
2015-07-29T06:00:30.000000Z,9.47915,9.46894
2015-07-29T06:00:40.000000Z,9.47892,9.46994
2015-07-29T06:00:50.000000Z,9.47898,9.46994
2015-07-29T06:01:00.000000Z,9.47899,9.4704
2015-07-29T06:01:10.000000Z,9.47897,9.4704
2015-07-29T06:01:20.000000Z,9.47891,9.47044
2015-07-29T06:01:30.000000Z,9.47911,9.47031
2015-07-29T06:01:40.000000Z,9.47911,9.47035
2015-07-29T06:01:50.000000Z,9.47914,9.4702
2015-07-29T06:02:00.000000Z,9.47914,9.47027
2015-07-29T06:02:10.000000Z,9.47898,9.47036
2015-07-29T06:02:20.000000Z,9.47898,9.47036
2015-07-29T06:02:30.000000Z,9.47895,9.47004
2015-07-29T06:02:40.000000Z,9.47872,9.47012
2015-07-29T06:02:50.000000Z,9.47615,9.4676
2015-07-29T06:03:00.000000Z,9.47593,9.4677
2015-07-29T06:03:10.000000Z,9.47544,9.4675
2015-07-29T06:03:20.000000Z,9.47568,9.46732
2015-07-29T06:03:30.000000Z,9.47569,9.4674
2015-07-29T06:03:40.000000Z,9.47594,9.46749
2015-07-29T06:03:50.000000Z,9.47593,9.4675
2015-07-29T06:04:00.000000Z,9.47576,9.46753
2015-07-29T06:04:10.000000Z,9.47573,9.46753
2015-07-29T06:04:20.000000Z,9.47572,9.46753
2015-07-29T06:04:30.000000Z,9.47589,9.46753
2015-07-29T06:04:40.000000Z,9.47582,9.4677
2015-07-29T06:04:50.000000Z,9.47594,9.46784
2015-07-29T06:05:00.000000Z,9.47566,9.46783
2015-07-29T06:05:10.000000Z,9.47619,9.46801
2015-07-29T06:05:20.000000Z,9.47649,9.46769
2015-07-29T06:05:30.000000Z,9.47566,9.46793
2015-07-29T06:05:40.000000Z,9.47637,9.46783
2015-07-29T06:05:50.000000Z,9.47611,9.46803
2015-07-29T06:06:00.000000Z,9.47591,9.4676
2015-07-29T06:06:10.000000Z,9.47592,9.46769
2015-07-29T06:06:20.000000Z,9.47593,9.46769
2015-07-29T06:06:40.000000Z,9.47593,9.46769
2015-07-29T06:06:50.000000Z,9.47693,9.46823
2015-07-29T06:07:00.000000Z,9.47727,9.46889
2015-07-29T06:07:10.000000Z,9.47729,9.46891
2015-07-29T06:07:20.000000Z,9.47731,9.46889
2015-07-29T06:07:30.000000Z,9.4777,9.46922
2015-07-29T06:07:50.000000Z,9.477,9.46871
2015-07-29T06:08:00.000000Z,9.47689,9.46865
2015-07-29T06:08:10.000000Z,9.47682,9.46865
2015-07-29T06:08:20.000000Z,9.47698,9.46877
2015-07-29T06:08:30.000000Z,9.47715,9.46886
2015-07-29T06:08:40.000000Z,9.47718,9.46887
2015-07-29T06:08:50.000000Z,9.47666,9.46877
2015-07-29T06:09:00.000000Z,9.47732,9.46914
2015-07-29T06:09:10.000000Z,9.47687,9.46904
2015-07-29T06:09:20.000000Z,9.47647,9.46793
2015-07-29T06:09:30.000000Z,9.4764,9.46844
2015-07-29T06:09:40.000000Z,9.47658,9.46822
2015-07-29T06:09:50.000000Z,9.47583,9.46849
2015-07-29T06:10:00.000000Z,9.47681,9.4684
2015-07-29T06:10:10.000000Z,9.4769,9.46867
2015-07-29T06:10:20.000000Z,9.47675,9.46857
2015-07-29T06:10:30.000000Z,9.47675,9.46859
2015-07-29T06:10:40.000000Z,9.47741,9.46906
2015-07-29T06:10:50.000000Z,9.47785,9.46906
2015-07-29T06:11:00.000000Z,9.47763,9.46925
2015-07-29T06:11:10.000000Z,9.47759,9.46925
2015-07-29T06:11:20.000000Z,9.47757,9.46928
2015-07-29T06:11:30.000000Z,9.47825,9.46915
2015-07-29T06:11:40.000000Z,9.47827,9.4696
2015-07-29T06:11:50.000000Z,9.47827,9.46951
2015-07-29T06:12:00.000000Z,9.47805,9.46936
2015-07-29T06:12:10.000000Z,9.4785,9.46981
2015-07-29T06:12:20.000000Z,9.47844,9.46955
2015-07-29T06:12:30.000000Z,9.47844,9.46957
2015-07-29T06:12:40.000000Z,9.47835,9.46962
2015-07-29T06:12:50.000000Z,9.47844,9.46968
2015-07-29T06:13:00.000000Z,9.47884,9.47012
2015-07-29T06:13:10.000000Z,9.47889,9.47027
2015-07-29T06:13:20.000000Z,9.47912,9.47018
2015-07-29T06:13:30.000000Z,9.47824,9.46964
2015-07-29T06:13:40.000000Z,9.47903,9.46886
2015-07-29T06:13:50.000000Z,9.47894,9.46897
2015-07-29T06:14:00.000000Z,9.4797,9.47086
2015-07-29T06:14:10.000000Z,9.4796,9.47094
2015-07-29T06:14:20.000000Z,9.47975,9.47093
2015-07-29T06:14:30.000000Z,9.4797,9.47086
2015-07-29T06:14:40.000000Z,9.4797,9.47144
2015-07-29T06:14:50.000000Z,9.4797,9.4714
2015-07-29T06:15:00.000000Z,9.4781,9.47291
2015-07-29T06:15:10.000000Z,9.47815,9.47297
2015-07-29T06:15:20.000000Z,9.4781,9.47291
2015-07-29T06:15:30.000000Z,9.47815,9.47283
2015-07-29T06:15:40.000000Z,9.47815,9.47293
2015-07-29T06:15:50.000000Z,9.47815,9.47295
2015-07-29T06:16:00.000000Z,9.47829,9.47309
2015-07-29T06:16:10.000000Z,9.47815,9.47325
2015-07-29T06:16:30.000000Z,9.47815,9.47323
2015-07-29T06:16:40.000000Z,9.47809,9.47159
2015-07-29T06:16:50.000000Z,9.47791,9.47156
2015-07-29T06:17:00.000000Z,9.47791,9.47159
2015-07-29T06:17:10.000000Z,9.47791,9.47138
2015-07-29T06:17:20.000000Z,9.47791,9.47142
2015-07-29T06:17:30.000000Z,9.47791,9.47112
2015-07-29T06:17:40.000000Z,9.4775,9.46961
2015-07-29T06:17:50.000000Z,9.47668,9.46948
2015-07-29T06:18:00.000000Z,9.47669,9.46944
2015-07-29T06:18:10.000000Z,9.47653,9.46976
2015-07-29T06:18:20.000000Z,9.47653,9.46969
2015-07-29T06:18:30.000000Z,9.47638,9.46976
2015-07-29T06:18:40.000000Z,9.47639,9.47004
2015-07-29T06:18:50.000000Z,9.47648,9.47001
2015-07-29T06:19:00.000000Z,9.47649,9.4699
2015-07-29T06:19:10.000000Z,9.47685,9.46999
2015-07-29T06:19:20.000000Z,9.47687,9.46995
2015-07-29T06:19:30.000000Z,9.47691,9.47011
2015-07-29T06:19:40.000000Z,9.47673,9.4702
2015-07-29T06:19:50.000000Z,9.47667,9.4702
2015-07-29T06:20:00.000000Z,9.47674,9.47035
2015-07-29T06:20:10.000000Z,9.47668,9.47099
2015-07-29T06:20:20.000000Z,9.47668,9.47107
2015-07-29T06:20:30.000000Z,9.47701,9.471
2015-07-29T06:20:40.000000Z,9.47683,9.47145
2015-07-29T06:20:50.000000Z,9.47692,9.47179
2015-07-29T06:21:00.000000Z,9.47689,9.47202
2015-07-29T06:21:10.000000Z,9.47738,9.47255
2015-07-29T06:21:20.000000Z,9.47738,9.47318
2015-07-29T06:21:30.000000Z,9.47727,9.47365
2015-07-29T06:21:40.000000Z,9.47746,9.47399
2015-07-29T06:21:50.000000Z,9.47898,9.47472
2015-07-29T06:22:00.000000Z,9.47925,9.47488
2015-07-29T06:22:10.000000Z,9.47917,9.47528
2015-07-29T06:22:20.000000Z,9.481,9.47557
2015-07-29T06:22:30.000000Z,9.4812,9.47579
2015-07-29T06:22:40.000000Z,9.4829,9.47784
2015-07-29T06:22:50.000000Z,9.4819,9.47643
2015-07-29T06:23:00.000000Z,9.48198,9.47685
2015-07-29T06:23:10.000000Z,9.48172,9.47524
2015-07-29T06:23:20.000000Z,9.48159,9.47475
2015-07-29T06:23:30.000000Z,9.48153,9.47484
2015-07-29T06:23:40.000000Z,9.48137,9.47481
2015-07-29T06:23:50.000000Z,9.48124,9.47494
2015-07-29T06:24:00.000000Z,9.48158,9.47386
2015-07-29T06:24:10.000000Z,9.48199,9.47439
2015-07-29T06:24:20.000000Z,9.48186,9.47428
2015-07-29T06:24:30.000000Z,9.48147,9.47386
2015-07-29T06:24:40.000000Z,9.4816,9.47368
2015-07-29T06:24:50.000000Z,9.48127,9.47406
2015-07-29T06:25:00.000000Z,9.48162,9.47383
2015-07-29T06:25:10.000000Z,9.48214,9.4743
2015-07-29T06:25:20.000000Z,9.479,9.4736
2015-07-29T06:25:30.000000Z,9.47876,9.4736
2015-07-29T06:25:40.000000Z,9.47874,9.4736
2015-07-29T06:25:50.000000Z,9.47861,9.47322
2015-07-29T06:26:00.000000Z,9.4786,9.47305
2015-07-29T06:26:10.000000Z,9.47883,9.47205
2015-07-29T06:26:20.000000Z,9.47881,9.47205
2015-07-29T06:26:30.000000Z,9.47878,9.47205
2015-07-29T06:26:40.000000Z,9.47865,9.47205
2015-07-29T06:26:50.000000Z,9.47857,9.47205
2015-07-29T06:27:00.000000Z,9.4784,9.47156
2015-07-29T06:27:10.000000Z,9.47862,9.47203
2015-07-29T06:27:20.000000Z,9.47818,9.47071
2015-07-29T06:27:30.000000Z,9.47782,9.47059
2015-07-29T06:27:40.000000Z,9.47779,9.47059
2015-07-29T06:27:50.000000Z,9.4779,9.47019
2015-07-29T06:28:00.000000Z,9.47779,9.47029
2015-07-29T06:28:10.000000Z,9.47785,9.47044
2015-07-29T06:28:20.000000Z,9.478,9.47045
2015-07-29T06:28:30.000000Z,9.47817,9.47169
2015-07-29T06:28:40.000000Z,9.47807,9.4716
2015-07-29T06:28:50.000000Z,9.47805,9.4716
2015-07-29T06:29:00.000000Z,9.47817,9.47157
2015-07-29T06:29:10.000000Z,9.4784,9.47151
2015-07-29T06:29:20.000000Z,9.47824,9.47156
2015-07-29T06:29:30.000000Z,9.47835,9.47146
2015-07-29T06:29:40.000000Z,9.4784,9.47151
2015-07-29T06:29:50.000000Z,9.4784,9.4722
2015-07-29T06:30:00.000000Z,9.4784,9.47351
2015-07-29T06:30:10.000000Z,9.47822,9.47427
2015-07-29T06:30:20.000000Z,9.47853,9.47488
2015-07-29T06:30:30.000000Z,9.48409,9.47833
2015-07-29T06:30:40.000000Z,9.49034,9.47575
2015-07-29T06:30:50.000000Z,9.48463,9.47661
2015-07-29T06:31:00.000000Z,9.48296,9.47783
2015-07-29T06:31:10.000000Z,9.48282,9.47794
2015-07-29T06:31:20.000000Z,9.48282,9.47806
2015-07-29T06:31:30.000000Z,9.48282,9.47816
2015-07-29T06:31:40.000000Z,9.48282,9.47821
2015-07-29T06:31:50.000000Z,9.48282,9.47817
2015-07-29T06:32:00.000000Z,9.48252,9.47843
2015-07-29T06:32:10.000000Z,9.48252,9.47837
2015-07-29T06:32:20.000000Z,9.4827,9.47852
2015-07-29T06:32:30.000000Z,9.48262,9.47851
2015-07-29T06:32:40.000000Z,9.48252,9.4787
2015-07-29T06:32:50.000000Z,9.48252,9.47865
2015-07-29T06:33:00.000000Z,9.48252,9.47879
2015-07-29T06:33:10.000000Z,9.48252,9.47879
2015-07-29T06:33:20.000000Z,9.48273,9.47866
2015-07-29T06:33:30.000000Z,9.48252,9.47778
2015-07-29T06:33:50.000000Z,9.48252,9.47828
2015-07-29T06:34:00.000000Z,9.48273,9.47808
2015-07-29T06:34:10.000000Z,9.48273,9.47806
2015-07-29T06:34:20.000000Z,9.48272,9.47839
2015-07-29T06:34:30.000000Z,9.48272,9.4783
2015-07-29T06:34:40.000000Z,9.48273,9.4784
2015-07-29T06:34:50.000000Z,9.48273,9.47808
2015-07-29T06:35:00.000000Z,9.48266,9.4781
2015-07-29T06:35:10.000000Z,9.48299,9.47786
2015-07-29T06:35:20.000000Z,9.48299,9.4782
2015-07-29T06:35:30.000000Z,9.48279,9.47829
2015-07-29T06:35:40.000000Z,9.48268,9.47807
2015-07-29T06:35:50.000000Z,9.48284,9.47797
2015-07-29T06:36:00.000000Z,9.48269,9.47845
2015-07-29T06:36:10.000000Z,9.48221,9.4791
2015-07-29T06:36:20.000000Z,9.48223,9.47903
2015-07-29T06:36:30.000000Z,9.48194,9.47896
2015-07-29T06:36:40.000000Z,9.4819,9.47896
2015-07-29T06:36:50.000000Z,9.4818,9.47887
2015-07-29T06:37:00.000000Z,9.48204,9.47868
2015-07-29T06:37:10.000000Z,9.482,9.47862
2015-07-29T06:37:20.000000Z,9.482,9.47863
2015-07-29T06:37:30.000000Z,9.48186,9.47858
2015-07-29T06:37:40.000000Z,9.48237,9.47965
2015-07-29T06:37:50.000000Z,9.4825,9.47955
2015-07-29T06:38:00.000000Z,9.48224,9.47934
2015-07-29T06:38:10.000000Z,9.48224,9.47932
2015-07-29T06:38:20.000000Z,9.48222,9.47943
2015-07-29T06:38:30.000000Z,9.48218,9.47958
2015-07-29T06:38:40.000000Z,9.48235,9.47958
2015-07-29T06:38:50.000000Z,9.48235,9.47979
2015-07-29T06:39:00.000000Z,9.48254,9.47966
2015-07-29T06:39:10.000000Z,9.48257,9.47966
2015-07-29T06:39:20.000000Z,9.48292,9.48007
2015-07-29T06:39:30.000000Z,9.4827,9.47985
2015-07-29T06:39:40.000000Z,9.48255,9.47974
2015-07-29T06:39:50.000000Z,9.48263,9.47988
2015-07-29T06:40:00.000000Z,9.48259,9.47973
2015-07-29T06:40:10.000000Z,9.48259,9.47967
2015-07-29T06:40:20.000000Z,9.48268,9.47969
2015-07-29T06:40:30.000000Z,9.48262,9.47988
2015-07-29T06:40:40.000000Z,9.48225,9.47952
2015-07-29T06:40:50.000000Z,9.48242,9.479
2015-07-29T06:41:00.000000Z,9.48245,9.4792
2015-07-29T06:41:10.000000Z,9.48242,9.47935
2015-07-29T06:41:30.000000Z,9.48242,9.47938
2015-07-29T06:41:40.000000Z,9.48242,9.47937
2015-07-29T06:41:50.000000Z,9.48236,9.47942
2015-07-29T06:42:00.000000Z,9.4825,9.47942
2015-07-29T06:42:10.000000Z,9.48244,9.4795
2015-07-29T06:42:30.000000Z,9.48245,9.47948
2015-07-29T06:42:40.000000Z,9.48243,9.47948
2015-07-29T06:42:50.000000Z,9.48243,9.47947
2015-07-29T06:43:00.000000Z,9.48246,9.4794
2015-07-29T06:43:10.000000Z,9.48259,9.47958
2015-07-29T06:43:20.000000Z,9.483,9.48012
2015-07-29T06:43:30.000000Z,9.48282,9.48007
2015-07-29T06:43:40.000000Z,9.48233,9.47933
2015-07-29T06:43:50.000000Z,9.48234,9.47918
2015-07-29T06:44:00.000000Z,9.48206,9.47916
2015-07-29T06:44:10.000000Z,9.48215,9.4791
2015-07-29T06:44:20.000000Z,9.48218,9.47905
2015-07-29T06:44:30.000000Z,9.48267,9.4792
2015-07-29T06:44:40.000000Z,9.48262,9.47914
2015-07-29T06:44:50.000000Z,9.48304,9.47994
2015-07-29T06:45:00.000000Z,9.48294,9.47977
2015-07-29T06:45:20.000000Z,9.48294,9.47969
2015-07-29T06:45:30.000000Z,9.4829,9.48
2015-07-29T06:45:40.000000Z,9.48289,9.48003
2015-07-29T06:45:50.000000Z,9.48289,9.48008
2015-07-29T06:46:00.000000Z,9.48291,9.47992
2015-07-29T06:46:10.000000Z,9.48291,9.47995
2015-07-29T06:46:20.000000Z,9.48291,9.48013
2015-07-29T06:46:30.000000Z,9.48292,9.48013
2015-07-29T06:46:40.000000Z,9.48293,9.48014
2015-07-29T06:46:50.000000Z,9.48293,9.48012
2015-07-29T06:47:00.000000Z,9.48293,9.48016
2015-07-29T06:47:10.000000Z,9.48299,9.48015
2015-07-29T06:47:20.000000Z,9.48296,9.48018
2015-07-29T06:47:30.000000Z,9.48299,9.48018
2015-07-29T06:47:40.000000Z,9.48296,9.48019
2015-07-29T06:47:50.000000Z,9.48296,9.48017
2015-07-29T06:48:00.000000Z,9.48297,9.48015
2015-07-29T06:48:10.000000Z,9.48292,9.48015
2015-07-29T06:48:20.000000Z,9.48291,9.48018
2015-07-29T06:48:30.000000Z,9.48298,9.48018
2015-07-29T06:48:40.000000Z,9.4844,9.48152
2015-07-29T06:48:50.000000Z,9.48454,9.48143
2015-07-29T06:49:00.000000Z,9.48377,9.48096
2015-07-29T06:49:10.000000Z,9.48417,9.48099
2015-07-29T06:49:20.000000Z,9.4841,9.4811
2015-07-29T06:49:30.000000Z,9.48396,9.48109
2015-07-29T06:49:40.000000Z,9.48396,9.48089
2015-07-29T06:49:50.000000Z,9.48388,9.48088
2015-07-29T06:50:00.000000Z,9.48404,9.48106
2015-07-29T06:50:10.000000Z,9.48416,9.48119
2015-07-29T06:50:20.000000Z,9.48415,9.48132
2015-07-29T06:50:30.000000Z,9.48637,9.48263
2015-07-29T06:50:40.000000Z,9.48606,9.48206
2015-07-29T06:50:50.000000Z,9.48638,9.48255
2015-07-29T06:51:00.000000Z,9.48561,9.48222
2015-07-29T06:51:10.000000Z,9.48558,9.4822
2015-07-29T06:51:20.000000Z,9.48589,9.48275
2015-07-29T06:51:30.000000Z,9.48654,9.4827
2015-07-29T06:51:40.000000Z,9.48637,9.48293
2015-07-29T06:51:50.000000Z,9.48594,9.48303
2015-07-29T06:52:00.000000Z,9.48651,9.48315
2015-07-29T06:52:10.000000Z,9.48593,9.48292
2015-07-29T06:52:20.000000Z,9.48636,9.4832
2015-07-29T06:52:30.000000Z,9.48692,9.48298
2015-07-29T06:52:40.000000Z,9.48618,9.48322
2015-07-29T06:52:50.000000Z,9.4874,9.48337
2015-07-29T06:53:00.000000Z,9.48902,9.48513
2015-07-29T06:53:10.000000Z,9.48873,9.48472
2015-07-29T06:53:20.000000Z,9.4884,9.48509
2015-07-29T06:53:30.000000Z,9.48839,9.48498
2015-07-29T06:53:40.000000Z,9.4883,9.4848
2015-07-29T06:53:50.000000Z,9.48852,9.48531
2015-07-29T06:54:00.000000Z,9.48865,9.48528
2015-07-29T06:54:10.000000Z,9.48865,9.48529
2015-07-29T06:54:20.000000Z,9.48864,9.48534
2015-07-29T06:54:30.000000Z,9.48864,9.48538
2015-07-29T06:54:40.000000Z,9.48867,9.48544
2015-07-29T06:54:50.000000Z,9.48865,9.48545
2015-07-29T06:55:00.000000Z,9.48895,9.48579
2015-07-29T06:55:10.000000Z,9.48893,9.4855
2015-07-29T06:55:20.000000Z,9.48893,9.48551
2015-07-29T06:55:30.000000Z,9.48942,9.48582
2015-07-29T06:55:40.000000Z,9.48941,9.48583
2015-07-29T06:55:50.000000Z,9.48952,9.48572
2015-07-29T06:56:00.000000Z,9.48952,9.48621
2015-07-29T06:56:10.000000Z,9.48952,9.48622
2015-07-29T06:56:20.000000Z,9.49148,9.48421
2015-07-29T06:56:30.000000Z,9.49155,9.48415
2015-07-29T06:56:40.000000Z,9.49145,9.48445
2015-07-29T06:56:50.000000Z,9.49137,9.48496
2015-07-29T06:57:00.000000Z,9.49157,9.48514
2015-07-29T06:57:10.000000Z,9.4918,9.48498
2015-07-29T06:57:20.000000Z,9.4918,9.48474
2015-07-29T06:57:30.000000Z,9.49171,9.48434
2015-07-29T06:57:40.000000Z,9.4917,9.48436
2015-07-29T06:57:50.000000Z,9.49199,9.48499
2015-07-29T06:58:00.000000Z,9.49259,9.48539
2015-07-29T06:58:10.000000Z,9.49282,9.48557
2015-07-29T06:58:20.000000Z,9.49283,9.48584
2015-07-29T06:58:30.000000Z,9.49518,9.48778
2015-07-29T06:58:40.000000Z,9.49585,9.4887
2015-07-29T06:58:50.000000Z,9.4962,9.4887
2015-07-29T06:59:00.000000Z,9.49576,9.48857
2015-07-29T06:59:10.000000Z,9.49592,9.48872
2015-07-29T06:59:20.000000Z,9.49586,9.4886
2015-07-29T06:59:30.000000Z,9.49722,9.48765
2015-07-29T06:59:40.000000Z,9.50429,9.48453
2015-07-29T06:59:50.000000Z,9.50561,9.48291
2015-07-29T07:00:00.000000Z,9.50593,9.48465
2015-07-29T07:00:10.000000Z,9.50527,9.4851
2015-07-29T07:00:20.000000Z,9.53842,9.49558
2015-07-29T07:00:30.000000Z,9.53257,9.49562
2015-07-29T07:00:40.000000Z,9.5278,9.50092
2015-07-29T07:00:50.000000Z,9.51635,9.49948
2015-07-29T07:01:00.000000Z,9.51035,9.4965
2015-07-29T07:01:10.000000Z,9.51447,9.50483
2015-07-29T07:01:20.000000Z,9.51472,9.50518
2015-07-29T07:01:30.000000Z,9.51557,9.50777
2015-07-29T07:01:40.000000Z,9.51512,9.50671
2015-07-29T07:01:50.000000Z,9.52055,9.50978
2015-07-29T07:02:00.000000Z,9.52205,9.51264
2015-07-29T07:02:10.000000Z,9.52139,9.51439
2015-07-29T07:02:20.000000Z,9.52128,9.51371
2015-07-29T07:02:30.000000Z,9.51956,9.5116
2015-07-29T07:02:40.000000Z,9.51698,9.50856
2015-07-29T07:02:50.000000Z,9.51473,9.50355
2015-07-29T07:03:00.000000Z,9.51408,9.50586
2015-07-29T07:03:10.000000Z,9.51364,9.50612
2015-07-29T07:03:20.000000Z,9.51662,9.50949
2015-07-29T07:03:30.000000Z,9.51405,9.51032
2015-07-29T07:03:40.000000Z,9.51377,9.50995
2015-07-29T07:03:50.000000Z,9.5145,9.51067
2015-07-29T07:04:00.000000Z,9.51823,9.51433
2015-07-29T07:04:10.000000Z,9.51988,9.51538
2015-07-29T07:04:20.000000Z,9.52505,9.5212
2015-07-29T07:04:30.000000Z,9.52677,9.52114
2015-07-29T07:04:40.000000Z,9.52676,9.5229
2015-07-29T07:04:50.000000Z,9.52803,9.52387
2015-07-29T07:05:00.000000Z,9.52556,9.52246
2015-07-29T07:05:10.000000Z,9.5287,9.52436
2015-07-29T07:05:20.000000Z,9.5301,9.52494
2015-07-29T07:05:30.000000Z,9.52553,9.52243
2015-07-29T07:05:40.000000Z,9.52679,9.5229
2015-07-29T07:05:50.000000Z,9.5262,9.52303
2015-07-29T07:06:00.000000Z,9.52532,9.52226
2015-07-29T07:06:10.000000Z,9.52507,9.52212
2015-07-29T07:06:20.000000Z,9.52532,9.52206
2015-07-29T07:06:30.000000Z,9.52526,9.52195
2015-07-29T07:06:40.000000Z,9.52472,9.52157
2015-07-29T07:06:50.000000Z,9.52399,9.52085
2015-07-29T07:07:00.000000Z,9.5254,9.5221
2015-07-29T07:07:10.000000Z,9.52544,9.52225
2015-07-29T07:07:20.000000Z,9.52391,9.52073
2015-07-29T07:07:30.000000Z,9.52418,9.52046
2015-07-29T07:07:40.000000Z,9.52392,9.52086
2015-07-29T07:07:50.000000Z,9.51803,9.51502
2015-07-29T07:08:00.000000Z,9.51971,9.51652
2015-07-29T07:08:10.000000Z,9.51931,9.51564
2015-07-29T07:08:20.000000Z,9.519,9.51493
2015-07-29T07:08:30.000000Z,9.5189,9.51558
2015-07-29T07:08:40.000000Z,9.51881,9.5153
2015-07-29T07:08:50.000000Z,9.51863,9.51521
2015-07-29T07:09:00.000000Z,9.51842,9.51496
2015-07-29T07:09:10.000000Z,9.51779,9.51437
2015-07-29T07:09:20.000000Z,9.51764,9.5144
2015-07-29T07:09:30.000000Z,9.51638,9.512
2015-07-29T07:09:40.000000Z,9.51638,9.51257
2015-07-29T07:09:50.000000Z,9.51608,9.51298
2015-07-29T07:10:00.000000Z,9.51614,9.51274
2015-07-29T07:10:10.000000Z,9.51255,9.50898
2015-07-29T07:10:20.000000Z,9.5118,9.50788
2015-07-29T07:10:30.000000Z,9.5117,9.50776
2015-07-29T07:10:40.000000Z,9.50994,9.5036
2015-07-29T07:10:50.000000Z,9.50884,9.50573
2015-07-29T07:11:00.000000Z,9.50938,9.50158
2015-07-29T07:11:10.000000Z,9.50909,9.50382
2015-07-29T07:11:20.000000Z,9.50819,9.5019
2015-07-29T07:11:30.000000Z,9.50783,9.5013
2015-07-29T07:11:40.000000Z,9.50389,9.50043
2015-07-29T07:11:50.000000Z,9.50341,9.50031
2015-07-29T07:12:00.000000Z,9.50309,9.50043
2015-07-29T07:12:10.000000Z,9.50274,9.49987
2015-07-29T07:12:20.000000Z,9.50282,9.49985
2015-07-29T07:12:30.000000Z,9.50207,9.49747
2015-07-29T07:12:40.000000Z,9.5032,9.49997
2015-07-29T07:12:50.000000Z,9.50347,9.50013
2015-07-29T07:13:00.000000Z,9.50525,9.50125
2015-07-29T07:13:10.000000Z,9.50483,9.50112
2015-07-29T07:13:20.000000Z,9.50426,9.50057
2015-07-29T07:13:30.000000Z,9.50243,9.49821
2015-07-29T07:13:40.000000Z,9.50481,9.50143
2015-07-29T07:13:50.000000Z,9.50518,9.50199
2015-07-29T07:14:00.000000Z,9.50525,9.49859
2015-07-29T07:14:10.000000Z,9.50582,9.50282
2015-07-29T07:14:20.000000Z,9.50468,9.49814
2015-07-29T07:14:30.000000Z,9.50243,9.49922
2015-07-29T07:14:40.000000Z,9.50322,9.50018
2015-07-29T07:14:50.000000Z,9.50232,9.49922
2015-07-29T07:15:00.000000Z,9.50267,9.49918
2015-07-29T07:15:10.000000Z,9.5026,9.49955
2015-07-29T07:15:20.000000Z,9.5027,9.49953
2015-07-29T07:15:30.000000Z,9.50275,9.49991
2015-07-29T07:15:40.000000Z,9.50262,9.4998
2015-07-29T07:15:50.000000Z,9.50277,9.49976
2015-07-29T07:16:00.000000Z,9.50263,9.49986
2015-07-29T07:16:10.000000Z,9.50276,9.49984
2015-07-29T07:16:20.000000Z,9.50276,9.50001
2015-07-29T07:16:30.000000Z,9.50277,9.49977
2015-07-29T07:16:40.000000Z,9.5028,9.49998
2015-07-29T07:16:50.000000Z,9.5025,9.49974
2015-07-29T07:17:00.000000Z,9.5036,9.50069
2015-07-29T07:17:10.000000Z,9.5023,9.49912
2015-07-29T07:17:20.000000Z,9.5026,9.49947
2015-07-29T07:17:30.000000Z,9.50111,9.49792
2015-07-29T07:17:40.000000Z,9.50033,9.49733
2015-07-29T07:17:50.000000Z,9.50035,9.49727
2015-07-29T07:18:00.000000Z,9.50048,9.49743
2015-07-29T07:18:10.000000Z,9.5009,9.49794
2015-07-29T07:18:20.000000Z,9.50083,9.49799
2015-07-29T07:18:30.000000Z,9.49919,9.49622
2015-07-29T07:18:40.000000Z,9.49893,9.49613
2015-07-29T07:18:50.000000Z,9.49779,9.49469
2015-07-29T07:19:00.000000Z,9.49811,9.495
2015-07-29T07:19:10.000000Z,9.49839,9.49524
2015-07-29T07:19:20.000000Z,9.4982,9.49524
2015-07-29T07:19:30.000000Z,9.498,9.49518
2015-07-29T07:19:40.000000Z,9.49816,9.49506
2015-07-29T07:19:50.000000Z,9.49837,9.49511
2015-07-29T07:20:00.000000Z,9.4987,9.49568
2015-07-29T07:20:10.000000Z,9.49977,9.49665
2015-07-29T07:20:20.000000Z,9.50142,9.49797
2015-07-29T07:20:30.000000Z,9.50115,9.49812
2015-07-29T07:20:40.000000Z,9.50132,9.4983
2015-07-29T07:20:50.000000Z,9.50133,9.49841
2015-07-29T07:21:00.000000Z,9.50076,9.49753
2015-07-29T07:21:10.000000Z,9.50121,9.49808
2015-07-29T07:21:20.000000Z,9.50109,9.49789
2015-07-29T07:21:30.000000Z,9.501,9.49801
2015-07-29T07:21:40.000000Z,9.5013,9.49814
2015-07-29T07:21:50.000000Z,9.50101,9.49761
2015-07-29T07:22:00.000000Z,9.50112,9.49773
2015-07-29T07:22:10.000000Z,9.50115,9.4981
2015-07-29T07:22:20.000000Z,9.50125,9.49839
2015-07-29T07:22:30.000000Z,9.50139,9.49817
2015-07-29T07:22:40.000000Z,9.50083,9.49725
2015-07-29T07:22:50.000000Z,9.50055,9.49751
2015-07-29T07:23:00.000000Z,9.50071,9.49752
2015-07-29T07:23:10.000000Z,9.50079,9.49783
2015-07-29T07:23:20.000000Z,9.50052,9.49728
2015-07-29T07:23:30.000000Z,9.50039,9.49753
2015-07-29T07:23:40.000000Z,9.5004,9.49753
2015-07-29T07:23:50.000000Z,9.50049,9.49765
2015-07-29T07:24:00.000000Z,9.50067,9.49751
2015-07-29T07:24:10.000000Z,9.50053,9.49765
2015-07-29T07:24:20.000000Z,9.50053,9.49765
2015-07-29T07:24:30.000000Z,9.50045,9.49753
2015-07-29T07:24:40.000000Z,9.50045,9.4976
2015-07-29T07:24:50.000000Z,9.5004,9.49762
2015-07-29T07:25:00.000000Z,9.50021,9.49715
2015-07-29T07:25:10.000000Z,9.49986,9.49607
2015-07-29T07:25:20.000000Z,9.49851,9.49571
2015-07-29T07:25:30.000000Z,9.49847,9.49574
2015-07-29T07:25:40.000000Z,9.49874,9.49582
2015-07-29T07:25:50.000000Z,9.49859,9.49538
2015-07-29T07:26:00.000000Z,9.49839,9.49539
2015-07-29T07:26:10.000000Z,9.49819,9.49535
2015-07-29T07:26:20.000000Z,9.49844,9.49563
2015-07-29T07:26:30.000000Z,9.49925,9.49629
2015-07-29T07:26:40.000000Z,9.49891,9.49604
2015-07-29T07:26:50.000000Z,9.49905,9.49639
2015-07-29T07:27:00.000000Z,9.49914,9.4963
2015-07-29T07:27:10.000000Z,9.49859,9.49585
2015-07-29T07:27:20.000000Z,9.49836,9.49524
2015-07-29T07:27:30.000000Z,9.49805,9.49523
2015-07-29T07:27:40.000000Z,9.49797,9.49523
2015-07-29T07:27:50.000000Z,9.49788,9.49523
2015-07-29T07:28:00.000000Z,9.49774,9.49523
2015-07-29T07:28:10.000000Z,9.49772,9.49523
2015-07-29T07:28:20.000000Z,9.49816,9.49523
2015-07-29T07:28:30.000000Z,9.49743,9.49543
2015-07-29T07:28:50.000000Z,9.49743,9.49543
2015-07-29T07:29:00.000000Z,9.49748,9.49543
2015-07-29T07:29:10.000000Z,9.49807,9.49481
2015-07-29T07:29:20.000000Z,9.49675,9.49409
2015-07-29T07:29:30.000000Z,9.4959,9.49318
2015-07-29T07:29:40.000000Z,9.49686,9.4936
2015-07-29T07:29:50.000000Z,9.49665,9.49362
2015-07-29T07:30:00.000000Z,9.49647,9.49356
2015-07-29T07:30:10.000000Z,9.49635,9.49334
2015-07-29T07:30:20.000000Z,9.49748,9.49383
2015-07-29T07:30:30.000000Z,9.49763,9.49415
2015-07-29T07:30:40.000000Z,9.49895,9.49426
2015-07-29T07:30:50.000000Z,9.49818,9.49517
2015-07-29T07:31:00.000000Z,9.49579,9.49331
2015-07-29T07:31:10.000000Z,9.49602,9.49283
2015-07-29T07:31:20.000000Z,9.49606,9.49271
2015-07-29T07:31:30.000000Z,9.49606,9.49272
2015-07-29T07:31:50.000000Z,9.49573,9.49323
2015-07-29T07:32:00.000000Z,9.49568,9.49323
2015-07-29T07:32:10.000000Z,9.49485,9.49206
2015-07-29T07:32:20.000000Z,9.49274,9.48994
2015-07-29T07:32:30.000000Z,9.49309,9.49013
2015-07-29T07:32:40.000000Z,9.49239,9.48957
2015-07-29T07:32:50.000000Z,9.49196,9.48834
2015-07-29T07:33:00.000000Z,9.49071,9.48817
2015-07-29T07:33:10.000000Z,9.49286,9.48991
2015-07-29T07:33:20.000000Z,9.49288,9.4902
2015-07-29T07:33:30.000000Z,9.49257,9.48977
2015-07-29T07:33:40.000000Z,9.49263,9.48935
2015-07-29T07:33:50.000000Z,9.4922,9.48953
2015-07-29T07:34:00.000000Z,9.49253,9.48974
2015-07-29T07:34:10.000000Z,9.49173,9.48925
2015-07-29T07:34:20.000000Z,9.49177,9.48921
2015-07-29T07:34:30.000000Z,9.49218,9.48945
2015-07-29T07:34:40.000000Z,9.49206,9.4893
2015-07-29T07:34:50.000000Z,9.49239,9.48958
2015-07-29T07:35:00.000000Z,9.49235,9.48952
2015-07-29T07:35:10.000000Z,9.49265,9.48998
2015-07-29T07:35:20.000000Z,9.49251,9.48965
2015-07-29T07:35:30.000000Z,9.49251,9.48958
2015-07-29T07:35:40.000000Z,9.49229,9.4892
2015-07-29T07:35:50.000000Z,9.49228,9.48922
2015-07-29T07:36:00.000000Z,9.49272,9.48955
2015-07-29T07:36:10.000000Z,9.49243,9.48948
2015-07-29T07:36:20.000000Z,9.49255,9.48941
2015-07-29T07:36:30.000000Z,9.49265,9.4895
2015-07-29T07:36:40.000000Z,9.493,9.48978
2015-07-29T07:36:50.000000Z,9.49289,9.48935
2015-07-29T07:37:00.000000Z,9.49305,9.48999
2015-07-29T07:37:10.000000Z,9.49307,9.48965
2015-07-29T07:37:20.000000Z,9.4931,9.49011
2015-07-29T07:37:30.000000Z,9.49256,9.48957
2015-07-29T07:37:40.000000Z,9.49329,9.48955
2015-07-29T07:37:50.000000Z,9.49341,9.49032
2015-07-29T07:38:00.000000Z,9.49338,9.49035
2015-07-29T07:38:10.000000Z,9.49326,9.49027
2015-07-29T07:38:20.000000Z,9.49334,9.49018
2015-07-29T07:38:30.000000Z,9.49324,9.49021
2015-07-29T07:38:40.000000Z,9.49357,9.49017
2015-07-29T07:38:50.000000Z,9.49357,9.49035
2015-07-29T07:39:00.000000Z,9.49367,9.49063
2015-07-29T07:39:10.000000Z,9.49363,9.49051
2015-07-29T07:39:20.000000Z,9.49365,9.49043
2015-07-29T07:39:30.000000Z,9.49355,9.49045
2015-07-29T07:39:40.000000Z,9.49351,9.49072
2015-07-29T07:39:50.000000Z,9.49346,9.49035
2015-07-29T07:40:00.000000Z,9.49345,9.49066
2015-07-29T07:40:10.000000Z,9.49325,9.49047
2015-07-29T07:40:20.000000Z,9.49336,9.49052
2015-07-29T07:40:30.000000Z,9.49344,9.49048
2015-07-29T07:40:40.000000Z,9.49355,9.49061
2015-07-29T07:40:50.000000Z,9.49345,9.49044
2015-07-29T07:41:00.000000Z,9.49365,9.49057
2015-07-29T07:41:10.000000Z,9.49372,9.49075
2015-07-29T07:41:20.000000Z,9.49369,9.49073
2015-07-29T07:41:30.000000Z,9.49369,9.49087
2015-07-29T07:41:40.000000Z,9.49397,9.49136
2015-07-29T07:41:50.000000Z,9.49425,9.49174
2015-07-29T07:42:00.000000Z,9.49425,9.49175
2015-07-29T07:42:10.000000Z,9.49425,9.49187
2015-07-29T07:42:20.000000Z,9.49425,9.49192
2015-07-29T07:42:30.000000Z,9.49425,9.49183
2015-07-29T07:42:40.000000Z,9.49754,9.49442
2015-07-29T07:42:50.000000Z,9.49742,9.49448
2015-07-29T07:43:00.000000Z,9.49735,9.49442
2015-07-29T07:43:10.000000Z,9.49725,9.49426
2015-07-29T07:43:20.000000Z,9.49574,9.49274
2015-07-29T07:43:30.000000Z,9.49574,9.49276
2015-07-29T07:43:40.000000Z,9.49574,9.4928
2015-07-29T07:43:50.000000Z,9.4958,9.49283
2015-07-29T07:44:00.000000Z,9.49606,9.49295
2015-07-29T07:44:10.000000Z,9.496,9.49313
2015-07-29T07:44:20.000000Z,9.49621,9.49294
2015-07-29T07:44:30.000000Z,9.4962,9.49331
2015-07-29T07:44:40.000000Z,9.49664,9.49368
2015-07-29T07:44:50.000000Z,9.49677,9.49384
2015-07-29T07:45:00.000000Z,9.49677,9.49383
2015-07-29T07:45:10.000000Z,9.49687,9.49373
2015-07-29T07:45:20.000000Z,9.49747,9.49407
2015-07-29T07:45:30.000000Z,9.49725,9.49407
2015-07-29T07:45:40.000000Z,9.497,9.49413
2015-07-29T07:45:50.000000Z,9.49716,9.49407
2015-07-29T07:46:00.000000Z,9.49728,9.49392
2015-07-29T07:46:10.000000Z,9.49729,9.49358
2015-07-29T07:46:20.000000Z,9.49708,9.49368
2015-07-29T07:46:30.000000Z,9.49605,9.49319
2015-07-29T07:46:40.000000Z,9.49645,9.49338
2015-07-29T07:46:50.000000Z,9.49641,9.49337
2015-07-29T07:47:00.000000Z,9.49641,9.4933
2015-07-29T07:47:10.000000Z,9.49644,9.49375
2015-07-29T07:47:20.000000Z,9.49444,9.49113
2015-07-29T07:47:30.000000Z,9.49427,9.49183
2015-07-29T07:47:40.000000Z,9.49427,9.49179
2015-07-29T07:47:50.000000Z,9.49323,9.49077
2015-07-29T07:48:00.000000Z,9.49188,9.48924
2015-07-29T07:48:10.000000Z,9.49192,9.48923
2015-07-29T07:48:20.000000Z,9.49185,9.48919
2015-07-29T07:48:30.000000Z,9.49184,9.48864
2015-07-29T07:48:40.000000Z,9.49238,9.48924
2015-07-29T07:48:50.000000Z,9.49235,9.48938
2015-07-29T07:49:00.000000Z,9.49227,9.48957
2015-07-29T07:49:10.000000Z,9.49312,9.49014
2015-07-29T07:49:20.000000Z,9.49105,9.48795
2015-07-29T07:49:30.000000Z,9.49167,9.48864
2015-07-29T07:49:40.000000Z,9.49281,9.49001
2015-07-29T07:49:50.000000Z,9.4926,9.48947
2015-07-29T07:50:00.000000Z,9.49161,9.48882
2015-07-29T07:50:10.000000Z,9.49122,9.48872
2015-07-29T07:50:20.000000Z,9.49228,9.48956
2015-07-29T07:50:30.000000Z,9.48943,9.48653
2015-07-29T07:50:40.000000Z,9.48928,9.48645
2015-07-29T07:50:50.000000Z,9.48927,9.48636
2015-07-29T07:51:00.000000Z,9.48994,9.48702
2015-07-29T07:51:10.000000Z,9.48904,9.48674
2015-07-29T07:51:20.000000Z,9.48923,9.48624
2015-07-29T07:51:30.000000Z,9.49108,9.48743
2015-07-29T07:51:40.000000Z,9.49032,9.48775
2015-07-29T07:51:50.000000Z,9.49,9.48716
2015-07-29T07:52:00.000000Z,9.49009,9.48702
2015-07-29T07:52:10.000000Z,9.4901,9.48694
2015-07-29T07:52:20.000000Z,9.4901,9.48717
2015-07-29T07:52:30.000000Z,9.49043,9.4876
2015-07-29T07:52:40.000000Z,9.49003,9.48715
2015-07-29T07:52:50.000000Z,9.48954,9.4868
2015-07-29T07:53:00.000000Z,9.48918,9.48594
2015-07-29T07:53:10.000000Z,9.48792,9.48507
2015-07-29T07:53:20.000000Z,9.48432,9.4815
2015-07-29T07:53:30.000000Z,9.48482,9.48195
2015-07-29T07:53:40.000000Z,9.48454,9.48194
2015-07-29T07:53:50.000000Z,9.48658,9.48313
2015-07-29T07:54:00.000000Z,9.48577,9.48375
2015-07-29T07:54:10.000000Z,9.48588,9.48356
2015-07-29T07:54:20.000000Z,9.48541,9.48291
2015-07-29T07:54:30.000000Z,9.48574,9.48245
2015-07-29T07:54:40.000000Z,9.4866,9.48365
2015-07-29T07:54:50.000000Z,9.48664,9.4832
2015-07-29T07:55:00.000000Z,9.48602,9.4834
2015-07-29T07:55:10.000000Z,9.48491,9.48191
2015-07-29T07:55:20.000000Z,9.48316,9.47625
2015-07-29T07:55:30.000000Z,9.48044,9.47703
2015-07-29T07:55:40.000000Z,9.4827,9.4795
2015-07-29T07:55:50.000000Z,9.48331,9.48003
2015-07-29T07:56:00.000000Z,9.4837,9.48096
2015-07-29T07:56:10.000000Z,9.4844,9.48094
2015-07-29T07:56:20.000000Z,9.48551,9.4828
2015-07-29T07:56:30.000000Z,9.4857,9.48342
2015-07-29T07:56:40.000000Z,9.48447,9.48111
2015-07-29T07:56:50.000000Z,9.48411,9.48087
2015-07-29T07:57:00.000000Z,9.48305,9.48024
2015-07-29T07:57:10.000000Z,9.48295,9.48022
2015-07-29T07:57:20.000000Z,9.4835,9.48092
2015-07-29T07:57:30.000000Z,9.48537,9.48263
2015-07-29T07:57:40.000000Z,9.48593,9.48317
2015-07-29T07:57:50.000000Z,9.48604,9.48217
2015-07-29T07:58:00.000000Z,9.48677,9.48254
2015-07-29T07:58:10.000000Z,9.48617,9.48259
2015-07-29T07:58:20.000000Z,9.48514,9.48218
2015-07-29T07:58:30.000000Z,9.4853,9.4821
2015-07-29T07:58:40.000000Z,9.48605,9.48315
2015-07-29T07:58:50.000000Z,9.48642,9.48252
2015-07-29T07:59:00.000000Z,9.48762,9.48296
2015-07-29T07:59:10.000000Z,9.48714,9.48425
2015-07-29T07:59:20.000000Z,9.48684,9.48376
2015-07-29T07:59:30.000000Z,9.48597,9.48012
2015-07-29T07:59:40.000000Z,9.48645,9.47898
2015-07-29T07:59:50.000000Z,9.48725,9.4793
2015-07-29T08:00:00.000000Z,9.48645,9.48045
2015-07-29T08:00:10.000000Z,9.48588,9.48024
2015-07-29T08:00:20.000000Z,9.48601,9.48193
2015-07-29T08:00:30.000000Z,9.48605,9.48199
2015-07-29T08:00:40.000000Z,9.48647,9.48307
2015-07-29T08:00:50.000000Z,9.48535,9.48027
2015-07-29T08:01:00.000000Z,9.48657,9.48254
2015-07-29T08:01:10.000000Z,9.48736,9.48239
2015-07-29T08:01:20.000000Z,9.486,9.48123
2015-07-29T08:01:30.000000Z,9.48633,9.48184
2015-07-29T08:01:40.000000Z,9.4845,9.48088
2015-07-29T08:01:50.000000Z,9.48497,9.48112
2015-07-29T08:02:00.000000Z,9.48493,9.48213
2015-07-29T08:02:10.000000Z,9.48507,9.48215
2015-07-29T08:02:20.000000Z,9.47991,9.47511
2015-07-29T08:02:30.000000Z,9.47906,9.47593
2015-07-29T08:02:40.000000Z,9.47959,9.4763
2015-07-29T08:02:50.000000Z,9.4795,9.47613
2015-07-29T08:03:00.000000Z,9.48003,9.47632
2015-07-29T08:03:10.000000Z,9.4799,9.47703
2015-07-29T08:03:20.000000Z,9.47975,9.47631
2015-07-29T08:03:30.000000Z,9.48316,9.47593
2015-07-29T08:03:40.000000Z,9.48324,9.47593
2015-07-29T08:03:50.000000Z,9.48347,9.47633
2015-07-29T08:04:00.000000Z,9.48528,9.48023
2015-07-29T08:04:10.000000Z,9.48323,9.48032
2015-07-29T08:04:20.000000Z,9.48314,9.47994
2015-07-29T08:04:30.000000Z,9.4831,9.48006
2015-07-29T08:04:40.000000Z,9.48301,9.48013
2015-07-29T08:04:50.000000Z,9.48296,9.48013
2015-07-29T08:05:00.000000Z,9.48293,9.48008
2015-07-29T08:05:10.000000Z,9.48302,9.48008
2015-07-29T08:05:20.000000Z,9.48348,9.4805
2015-07-29T08:05:30.000000Z,9.48385,9.47983
2015-07-29T08:05:40.000000Z,9.48403,9.48066
2015-07-29T08:05:50.000000Z,9.48455,9.4816
2015-07-29T08:06:00.000000Z,9.48547,9.48278
2015-07-29T08:06:10.000000Z,9.48404,9.48126
2015-07-29T08:06:20.000000Z,9.48359,9.48034
2015-07-29T08:06:30.000000Z,9.48321,9.48045
2015-07-29T08:06:40.000000Z,9.48316,9.48045
2015-07-29T08:06:50.000000Z,9.48306,9.48061
2015-07-29T08:07:00.000000Z,9.48334,9.48022
2015-07-29T08:07:10.000000Z,9.48304,9.48078
2015-07-29T08:07:20.000000Z,9.48486,9.48189
2015-07-29T08:07:30.000000Z,9.4856,9.48285
2015-07-29T08:07:40.000000Z,9.48651,9.48353
2015-07-29T08:07:50.000000Z,9.48659,9.48376
2015-07-29T08:08:00.000000Z,9.48686,9.4833
2015-07-29T08:08:10.000000Z,9.48698,9.4841
2015-07-29T08:08:20.000000Z,9.48777,9.4847
2015-07-29T08:08:30.000000Z,9.48882,9.4859
2015-07-29T08:08:40.000000Z,9.48883,9.48625
2015-07-29T08:08:50.000000Z,9.48857,9.4859
2015-07-29T08:09:00.000000Z,9.48957,9.48613
2015-07-29T08:09:10.000000Z,9.49,9.48698
2015-07-29T08:09:20.000000Z,9.48939,9.48588
2015-07-29T08:09:30.000000Z,9.48853,9.48609
2015-07-29T08:09:40.000000Z,9.48991,9.48682
2015-07-29T08:09:50.000000Z,9.49003,9.48701
2015-07-29T08:10:00.000000Z,9.48961,9.48633
2015-07-29T08:10:10.000000Z,9.48969,9.48641
2015-07-29T08:10:20.000000Z,9.48898,9.48582
2015-07-29T08:10:30.000000Z,9.48901,9.48539
2015-07-29T08:10:40.000000Z,9.48992,9.48698
2015-07-29T08:10:50.000000Z,9.48991,9.48718
2015-07-29T08:11:00.000000Z,9.48673,9.48433
2015-07-29T08:11:10.000000Z,9.48935,9.48592
2015-07-29T08:11:20.000000Z,9.48972,9.4865
2015-07-29T08:11:30.000000Z,9.4896,9.48631
2015-07-29T08:11:40.000000Z,9.48766,9.48512
2015-07-29T08:11:50.000000Z,9.488,9.48548
2015-07-29T08:12:00.000000Z,9.48797,9.48582
2015-07-29T08:12:10.000000Z,9.48817,9.48571
2015-07-29T08:12:20.000000Z,9.48842,9.48588
2015-07-29T08:12:30.000000Z,9.48856,9.48587
2015-07-29T08:12:40.000000Z,9.48891,9.48588
2015-07-29T08:12:50.000000Z,9.48905,9.48589
2015-07-29T08:13:00.000000Z,9.48904,9.48589
2015-07-29T08:13:10.000000Z,9.49095,9.48448
2015-07-29T08:13:20.000000Z,9.48931,9.48645
2015-07-29T08:13:30.000000Z,9.48927,9.48645
2015-07-29T08:13:40.000000Z,9.48897,9.48645
2015-07-29T08:13:50.000000Z,9.48841,9.48654
2015-07-29T08:14:00.000000Z,9.48886,9.48625
2015-07-29T08:14:10.000000Z,9.48894,9.48668
2015-07-29T08:14:20.000000Z,9.4889,9.48645
2015-07-29T08:14:30.000000Z,9.48919,9.48668
2015-07-29T08:14:40.000000Z,9.48919,9.48646
2015-07-29T08:14:50.000000Z,9.48921,9.48674
2015-07-29T08:15:00.000000Z,9.48935,9.48669
2015-07-29T08:15:10.000000Z,9.48935,9.48674
2015-07-29T08:15:20.000000Z,9.48946,9.48672
2015-07-29T08:15:30.000000Z,9.48946,9.48677
2015-07-29T08:15:40.000000Z,9.48993,9.48726
2015-07-29T08:15:50.000000Z,9.48967,9.48659
2015-07-29T08:16:00.000000Z,9.48857,9.48591
2015-07-29T08:16:10.000000Z,9.48857,9.48591
2015-07-29T08:16:20.000000Z,9.48857,9.48593
2015-07-29T08:16:30.000000Z,9.48857,9.48595
2015-07-29T08:16:40.000000Z,9.48857,9.48592
2015-07-29T08:16:50.000000Z,9.48857,9.48586
2015-07-29T08:17:00.000000Z,9.48922,9.48631
2015-07-29T08:17:10.000000Z,9.48928,9.48658
2015-07-29T08:17:20.000000Z,9.48925,9.48662
2015-07-29T08:17:30.000000Z,9.48937,9.48643
2015-07-29T08:17:50.000000Z,9.48945,9.48635
2015-07-29T08:18:00.000000Z,9.48934,9.48643
2015-07-29T08:18:10.000000Z,9.48945,9.48628
2015-07-29T08:18:20.000000Z,9.48911,9.48626
2015-07-29T08:18:30.000000Z,9.4891,9.48619
2015-07-29T08:18:40.000000Z,9.48923,9.48618
2015-07-29T08:18:50.000000Z,9.48829,9.48545
2015-07-29T08:19:00.000000Z,9.4876,9.48445
2015-07-29T08:19:10.000000Z,9.48726,9.48399
2015-07-29T08:19:20.000000Z,9.48597,9.48304
2015-07-29T08:19:30.000000Z,9.48569,9.48277
2015-07-29T08:19:40.000000Z,9.4858,9.48279
2015-07-29T08:19:50.000000Z,9.4855,9.48279
2015-07-29T08:20:00.000000Z,9.48568,9.48287
2015-07-29T08:20:10.000000Z,9.4849,9.48252
2015-07-29T08:20:20.000000Z,9.48564,9.48291
2015-07-29T08:20:30.000000Z,9.48554,9.48265
2015-07-29T08:20:40.000000Z,9.48558,9.48245
2015-07-29T08:20:50.000000Z,9.48586,9.48236
2015-07-29T08:21:00.000000Z,9.48581,9.48274
2015-07-29T08:21:10.000000Z,9.48574,9.48265
2015-07-29T08:21:20.000000Z,9.48557,9.48245
2015-07-29T08:21:30.000000Z,9.48545,9.48215
2015-07-29T08:21:40.000000Z,9.4854,9.48215
2015-07-29T08:21:50.000000Z,9.48533,9.4819
2015-07-29T08:22:00.000000Z,9.48482,9.4816
2015-07-29T08:22:10.000000Z,9.48479,9.48163
2015-07-29T08:22:20.000000Z,9.48476,9.48163
2015-07-29T08:22:30.000000Z,9.48445,9.48158
2015-07-29T08:22:40.000000Z,9.48463,9.4816
2015-07-29T08:22:50.000000Z,9.48465,9.4816
2015-07-29T08:23:00.000000Z,9.48469,9.48158
2015-07-29T08:23:10.000000Z,9.48483,9.48158
2015-07-29T08:23:20.000000Z,9.48434,9.48125
2015-07-29T08:23:30.000000Z,9.48268,9.47991
2015-07-29T08:23:40.000000Z,9.47867,9.47591
2015-07-29T08:23:50.000000Z,9.47924,9.47565
2015-07-29T08:24:00.000000Z,9.47932,9.47613
2015-07-29T08:24:10.000000Z,9.47924,9.47619
2015-07-29T08:24:20.000000Z,9.47929,9.47632
2015-07-29T08:24:30.000000Z,9.4793,9.47632
2015-07-29T08:24:40.000000Z,9.47871,9.47551
2015-07-29T08:24:50.000000Z,9.47891,9.4757
2015-07-29T08:25:00.000000Z,9.47952,9.47654
2015-07-29T08:25:10.000000Z,9.47999,9.47701
2015-07-29T08:25:20.000000Z,9.48231,9.47866
2015-07-29T08:25:30.000000Z,9.4828,9.4799
2015-07-29T08:25:40.000000Z,9.48234,9.47944
2015-07-29T08:25:50.000000Z,9.48241,9.47954
2015-07-29T08:26:00.000000Z,9.48203,9.47875
2015-07-29T08:26:10.000000Z,9.48221,9.47872
2015-07-29T08:26:20.000000Z,9.4821,9.47887
2015-07-29T08:26:30.000000Z,9.48256,9.47957
2015-07-29T08:26:40.000000Z,9.48256,9.47961
2015-07-29T08:26:50.000000Z,9.48252,9.47984
2015-07-29T08:27:00.000000Z,9.48241,9.47971
2015-07-29T08:27:10.000000Z,9.48265,9.47988
2015-07-29T08:27:20.000000Z,9.48335,9.48026
2015-07-29T08:27:30.000000Z,9.48349,9.48025
2015-07-29T08:27:40.000000Z,9.48327,9.48048
2015-07-29T08:27:50.000000Z,9.48242,9.47985
2015-07-29T08:28:00.000000Z,9.48239,9.47996
2015-07-29T08:28:10.000000Z,9.48239,9.47994
2015-07-29T08:28:20.000000Z,9.48213,9.4798
2015-07-29T08:28:30.000000Z,9.48213,9.47978
2015-07-29T08:28:40.000000Z,9.48232,9.47953
2015-07-29T08:28:50.000000Z,9.48232,9.47979
2015-07-29T08:29:00.000000Z,9.48283,9.48014
2015-07-29T08:29:10.000000Z,9.48291,9.4804
2015-07-29T08:29:20.000000Z,9.48269,9.4802
2015-07-29T08:29:30.000000Z,9.48283,9.48035
2015-07-29T08:29:40.000000Z,9.48273,9.4803
2015-07-29T08:29:50.000000Z,9.48275,9.47993
2015-07-29T08:30:00.000000Z,9.4828,9.47995
2015-07-29T08:30:10.000000Z,9.4828,9.47994
2015-07-29T08:30:20.000000Z,9.48291,9.48015
2015-07-29T08:30:30.000000Z,9.48286,9.48015
2015-07-29T08:30:40.000000Z,9.48283,9.48005
2015-07-29T08:30:50.000000Z,9.48288,9.47992
2015-07-29T08:31:00.000000Z,9.48283,9.48003
2015-07-29T08:31:10.000000Z,9.48417,9.48121
2015-07-29T08:31:20.000000Z,9.48871,9.48141
2015-07-29T08:31:30.000000Z,9.48293,9.4799
2015-07-29T08:31:40.000000Z,9.48268,9.47938
2015-07-29T08:31:50.000000Z,9.48291,9.47976
2015-07-29T08:32:00.000000Z,9.48252,9.47958
2015-07-29T08:32:10.000000Z,9.48247,9.47945
2015-07-29T08:32:20.000000Z,9.48248,9.4796
2015-07-29T08:32:30.000000Z,9.48192,9.47897
2015-07-29T08:32:40.000000Z,9.48205,9.479
2015-07-29T08:32:50.000000Z,9.48209,9.47899
2015-07-29T08:33:00.000000Z,9.48262,9.47965
2015-07-29T08:33:10.000000Z,9.48274,9.47994
2015-07-29T08:33:20.000000Z,9.48264,9.47995
2015-07-29T08:33:30.000000Z,9.48544,9.48236
2015-07-29T08:33:40.000000Z,9.48585,9.4826
2015-07-29T08:33:50.000000Z,9.48713,9.48415
2015-07-29T08:34:00.000000Z,9.48713,9.4844
2015-07-29T08:34:10.000000Z,9.48853,9.48552
2015-07-29T08:34:20.000000Z,9.48853,9.48584
2015-07-29T08:34:30.000000Z,9.48853,9.48549
2015-07-29T08:34:40.000000Z,9.48853,9.48554
2015-07-29T08:34:50.000000Z,9.48896,9.48532
2015-07-29T08:35:00.000000Z,9.48896,9.48505
2015-07-29T08:35:10.000000Z,9.48855,9.48505
2015-07-29T08:35:20.000000Z,9.48873,9.48487
2015-07-29T08:35:30.000000Z,9.48898,9.4852
2015-07-29T08:35:40.000000Z,9.48872,9.48522
2015-07-29T08:35:50.000000Z,9.48903,9.48584
2015-07-29T08:36:00.000000Z,9.48789,9.48565
2015-07-29T08:36:10.000000Z,9.4877,9.4846
2015-07-29T08:36:20.000000Z,9.48779,9.48453
2015-07-29T08:36:30.000000Z,9.48798,9.48441
2015-07-29T08:36:40.000000Z,9.488,9.4845
2015-07-29T08:37:00.000000Z,9.48892,9.48504
2015-07-29T08:37:10.000000Z,9.48878,9.48513
2015-07-29T08:37:20.000000Z,9.4892,9.48559
2015-07-29T08:37:30.000000Z,9.4892,9.48554
2015-07-29T08:37:40.000000Z,9.48919,9.48541
2015-07-29T08:37:50.000000Z,9.48907,9.48546
2015-07-29T08:38:00.000000Z,9.48904,9.4855
2015-07-29T08:38:10.000000Z,9.48918,9.48532
2015-07-29T08:38:20.000000Z,9.48894,9.48541
2015-07-29T08:38:30.000000Z,9.48772,9.4845
2015-07-29T08:38:40.000000Z,9.4876,9.48438
2015-07-29T08:38:50.000000Z,9.4873,9.48468
2015-07-29T08:39:00.000000Z,9.48604,9.48408
2015-07-29T08:39:10.000000Z,9.48543,9.48127
2015-07-29T08:39:20.000000Z,9.48535,9.48087
2015-07-29T08:39:30.000000Z,9.48289,9.48112
2015-07-29T08:39:40.000000Z,9.48276,9.48091
2015-07-29T08:39:50.000000Z,9.48419,9.48036
2015-07-29T08:40:00.000000Z,9.48392,9.48092
2015-07-29T08:40:10.000000Z,9.48315,9.48071
2015-07-29T08:40:20.000000Z,9.48465,9.48088
2015-07-29T08:40:30.000000Z,9.48399,9.48033
2015-07-29T08:40:40.000000Z,9.48355,9.48043
2015-07-29T08:40:50.000000Z,9.48342,9.48026
2015-07-29T08:41:00.000000Z,9.48315,9.48012
2015-07-29T08:41:10.000000Z,9.48315,9.48002
2015-07-29T08:41:20.000000Z,9.48303,9.47991
2015-07-29T08:41:30.000000Z,9.48339,9.48035
2015-07-29T08:41:40.000000Z,9.48414,9.48078
2015-07-29T08:41:50.000000Z,9.48392,9.48048
2015-07-29T08:42:00.000000Z,9.48521,9.48164
2015-07-29T08:42:10.000000Z,9.48564,9.48246
2015-07-29T08:42:20.000000Z,9.486,9.48233
2015-07-29T08:42:30.000000Z,9.48569,9.48255
2015-07-29T08:42:40.000000Z,9.48576,9.48247
2015-07-29T08:42:50.000000Z,9.4858,9.48254
2015-07-29T08:43:00.000000Z,9.48602,9.48235
2015-07-29T08:43:10.000000Z,9.48923,9.48564
2015-07-29T08:43:20.000000Z,9.48922,9.4852
2015-07-29T08:43:30.000000Z,9.49029,9.48651
2015-07-29T08:43:40.000000Z,9.4902,9.48683
2015-07-29T08:43:50.000000Z,9.49042,9.48686
2015-07-29T08:44:00.000000Z,9.49042,9.48696
2015-07-29T08:44:10.000000Z,9.49134,9.48799
2015-07-29T08:44:20.000000Z,9.49141,9.48806
2015-07-29T08:44:30.000000Z,9.49161,9.48826
2015-07-29T08:44:40.000000Z,9.49134,9.48866
2015-07-29T08:44:50.000000Z,9.49238,9.48955
2015-07-29T08:45:00.000000Z,9.49239,9.4895
2015-07-29T08:45:10.000000Z,9.4926,9.48959
2015-07-29T08:45:20.000000Z,9.4926,9.48956
2015-07-29T08:45:30.000000Z,9.4926,9.48954
2015-07-29T08:45:40.000000Z,9.49146,9.4886
2015-07-29T08:45:50.000000Z,9.4915,9.48828
2015-07-29T08:46:00.000000Z,9.49109,9.48807
2015-07-29T08:46:10.000000Z,9.49165,9.48789
2015-07-29T08:46:20.000000Z,9.49109,9.48813
2015-07-29T08:46:30.000000Z,9.49118,9.4882
2015-07-29T08:46:40.000000Z,9.49118,9.48841
2015-07-29T08:46:50.000000Z,9.4912,9.48802
2015-07-29T08:47:00.000000Z,9.49116,9.48802
2015-07-29T08:47:10.000000Z,9.49116,9.48803
2015-07-29T08:47:20.000000Z,9.49116,9.48804
2015-07-29T08:47:30.000000Z,9.49112,9.48826
2015-07-29T08:47:40.000000Z,9.49113,9.48829
2015-07-29T08:47:50.000000Z,9.49126,9.48851
2015-07-29T08:48:00.000000Z,9.49123,9.48853
2015-07-29T08:48:10.000000Z,9.49123,9.48857
2015-07-29T08:48:20.000000Z,9.4912,9.48855
2015-07-29T08:48:30.000000Z,9.49138,9.4884
2015-07-29T08:48:40.000000Z,9.49125,9.48848
2015-07-29T08:48:50.000000Z,9.49112,9.48823
2015-07-29T08:49:00.000000Z,9.49105,9.48816
2015-07-29T08:49:10.000000Z,9.49115,9.48802
2015-07-29T08:49:20.000000Z,9.49068,9.48759
2015-07-29T08:49:40.000000Z,9.49065,9.48753
2015-07-29T08:49:50.000000Z,9.4906,9.48749
2015-07-29T08:50:00.000000Z,9.4906,9.48788
2015-07-29T08:50:10.000000Z,9.4906,9.48787
2015-07-29T08:50:20.000000Z,9.49044,9.4879
2015-07-29T08:50:30.000000Z,9.49046,9.48799
2015-07-29T08:50:40.000000Z,9.49058,9.48793
2015-07-29T08:50:50.000000Z,9.49059,9.48788
2015-07-29T08:51:00.000000Z,9.49059,9.48786
2015-07-29T08:51:10.000000Z,9.49055,9.48788
2015-07-29T08:51:20.000000Z,9.49055,9.48757
2015-07-29T08:51:30.000000Z,9.49055,9.48758
2015-07-29T08:51:40.000000Z,9.49055,9.48751
2015-07-29T08:51:50.000000Z,9.48973,9.48631
2015-07-29T08:52:00.000000Z,9.4906,9.48745
2015-07-29T08:52:10.000000Z,9.4906,9.48734
2015-07-29T08:52:20.000000Z,9.4906,9.48756
2015-07-29T08:52:30.000000Z,9.4906,9.48759
2015-07-29T08:52:40.000000Z,9.4906,9.48761
2015-07-29T08:52:50.000000Z,9.49066,9.48747
2015-07-29T08:53:00.000000Z,9.4906,9.48744
2015-07-29T08:53:10.000000Z,9.49068,9.48747
2015-07-29T08:53:20.000000Z,9.4907,9.48769
2015-07-29T08:53:30.000000Z,9.4907,9.48765
2015-07-29T08:53:40.000000Z,9.4907,9.48758
2015-07-29T08:53:50.000000Z,9.4907,9.48753
2015-07-29T08:54:00.000000Z,9.4906,9.48685
2015-07-29T08:54:10.000000Z,9.4905,9.48702
2015-07-29T08:54:20.000000Z,9.4905,9.48681
2015-07-29T08:54:30.000000Z,9.4905,9.48693
2015-07-29T08:54:40.000000Z,9.4905,9.48699
2015-07-29T08:54:50.000000Z,9.4905,9.48707
2015-07-29T08:55:00.000000Z,9.4905,9.4871
2015-07-29T08:55:10.000000Z,9.49015,9.48694
2015-07-29T08:55:20.000000Z,9.4901,9.48662
2015-07-29T08:55:30.000000Z,9.4901,9.48664
2015-07-29T08:55:40.000000Z,9.48996,9.48651
2015-07-29T08:55:50.000000Z,9.49018,9.48682
2015-07-29T08:56:00.000000Z,9.49029,9.48692
2015-07-29T08:56:10.000000Z,9.49019,9.48687
2015-07-29T08:56:20.000000Z,9.48988,9.48688
2015-07-29T08:56:30.000000Z,9.48985,9.48663
2015-07-29T08:56:40.000000Z,9.48992,9.48664
2015-07-29T08:56:50.000000Z,9.49008,9.48715
2015-07-29T08:57:00.000000Z,9.49001,9.48698
2015-07-29T08:57:10.000000Z,9.48996,9.48711
2015-07-29T08:57:20.000000Z,9.48997,9.48687
2015-07-29T08:57:30.000000Z,9.49005,9.48705
2015-07-29T08:57:40.000000Z,9.49015,9.48683
2015-07-29T08:57:50.000000Z,9.49015,9.48681
2015-07-29T08:58:00.000000Z,9.49015,9.4865
2015-07-29T08:58:10.000000Z,9.48992,9.48659
2015-07-29T08:58:20.000000Z,9.48997,9.48646
2015-07-29T08:58:30.000000Z,9.49007,9.48646
2015-07-29T08:58:40.000000Z,9.48997,9.48632
2015-07-29T08:58:50.000000Z,9.48985,9.48637
2015-07-29T08:59:00.000000Z,9.48961,9.48637
2015-07-29T08:59:10.000000Z,9.4893,9.48638
2015-07-29T08:59:20.000000Z,9.48924,9.48641
2015-07-29T08:59:30.000000Z,9.48915,9.48641
2015-07-29T08:59:40.000000Z,9.48935,9.48639
2015-07-29T08:59:50.000000Z,9.49013,9.48723
2015-07-29T09:00:00.000000Z,9.4898,9.48702
2015-07-29T09:00:10.000000Z,9.48996,9.48746
2015-07-29T09:00:20.000000Z,9.49005,9.48766
2015-07-29T09:00:30.000000Z,9.48995,9.48773
2015-07-29T09:00:40.000000Z,9.49014,9.48792
2015-07-29T09:00:50.000000Z,9.49013,9.48792
2015-07-29T09:01:00.000000Z,9.49018,9.4878
2015-07-29T09:01:10.000000Z,9.48992,9.4878
2015-07-29T09:01:20.000000Z,9.49046,9.48826
2015-07-29T09:01:30.000000Z,9.49045,9.48823
2015-07-29T09:01:40.000000Z,9.49105,9.48839
2015-07-29T09:01:50.000000Z,9.49025,9.4882
2015-07-29T09:02:00.000000Z,9.4902,9.48763
2015-07-29T09:02:10.000000Z,9.49111,9.48779
2015-07-29T09:02:20.000000Z,9.49045,9.488
2015-07-29T09:02:30.000000Z,9.49115,9.48788
2015-07-29T09:02:40.000000Z,9.49115,9.48801
2015-07-29T09:02:50.000000Z,9.49143,9.4886
2015-07-29T09:03:00.000000Z,9.49073,9.48798
2015-07-29T09:03:10.000000Z,9.48913,9.48549
2015-07-29T09:03:20.000000Z,9.48891,9.48566
2015-07-29T09:03:30.000000Z,9.48866,9.48541
2015-07-29T09:03:40.000000Z,9.48861,9.48542
2015-07-29T09:03:50.000000Z,9.48865,9.48583
2015-07-29T09:04:00.000000Z,9.48856,9.48585
2015-07-29T09:04:10.000000Z,9.48825,9.48567
2015-07-29T09:04:20.000000Z,9.48825,9.48571
2015-07-29T09:04:30.000000Z,9.48825,9.48573
2015-07-29T09:04:40.000000Z,9.48825,9.48577
2015-07-29T09:04:50.000000Z,9.48815,9.48569
2015-07-29T09:05:00.000000Z,9.4882,9.48566
2015-07-29T09:05:10.000000Z,9.48843,9.48585
2015-07-29T09:05:20.000000Z,9.4884,9.48585
2015-07-29T09:05:30.000000Z,9.48847,9.48583
2015-07-29T09:05:40.000000Z,9.4885,9.48583
2015-07-29T09:05:50.000000Z,9.48836,9.48569
2015-07-29T09:06:00.000000Z,9.48835,9.48557
2015-07-29T09:06:10.000000Z,9.48845,9.48555
2015-07-29T09:06:20.000000Z,9.48835,9.48555
2015-07-29T09:06:30.000000Z,9.48845,9.48551
2015-07-29T09:06:40.000000Z,9.48845,9.48553
2015-07-29T09:06:50.000000Z,9.48845,9.48561
2015-07-29T09:07:00.000000Z,9.48843,9.48558
2015-07-29T09:07:10.000000Z,9.48845,9.4858
2015-07-29T09:07:20.000000Z,9.48845,9.48575
2015-07-29T09:07:30.000000Z,9.48845,9.48585
2015-07-29T09:07:40.000000Z,9.48872,9.48623
2015-07-29T09:07:50.000000Z,9.48869,9.48624
2015-07-29T09:08:00.000000Z,9.48869,9.48624
2015-07-29T09:08:10.000000Z,9.48857,9.48555
2015-07-29T09:08:20.000000Z,9.48761,9.48465
2015-07-29T09:08:30.000000Z,9.48812,9.48558
2015-07-29T09:08:40.000000Z,9.48822,9.48563
2015-07-29T09:08:50.000000Z,9.48838,9.48557
2015-07-29T09:09:00.000000Z,9.4883,9.48565
2015-07-29T09:09:10.000000Z,9.48818,9.48548
2015-07-29T09:09:20.000000Z,9.48818,9.48548
2015-07-29T09:09:30.000000Z,9.48817,9.48549
2015-07-29T09:09:40.000000Z,9.48817,9.48559
2015-07-29T09:09:50.000000Z,9.4882,9.48561
2015-07-29T09:10:00.000000Z,9.4882,9.48558
2015-07-29T09:10:10.000000Z,9.48838,9.48567
2015-07-29T09:10:20.000000Z,9.48835,9.48565
2015-07-29T09:10:30.000000Z,9.48846,9.48561
2015-07-29T09:10:40.000000Z,9.48812,9.48511
2015-07-29T09:10:50.000000Z,9.48821,9.48525
2015-07-29T09:11:00.000000Z,9.48822,9.48566
2015-07-29T09:11:10.000000Z,9.48819,9.48555
2015-07-29T09:11:20.000000Z,9.48851,9.48571
2015-07-29T09:11:30.000000Z,9.48895,9.48599
2015-07-29T09:11:40.000000Z,9.48908,9.48638
2015-07-29T09:11:50.000000Z,9.48823,9.48543
2015-07-29T09:12:00.000000Z,9.48796,9.48522
2015-07-29T09:12:10.000000Z,9.48796,9.48529
2015-07-29T09:12:20.000000Z,9.48796,9.48527
2015-07-29T09:12:30.000000Z,9.48794,9.48523
2015-07-29T09:12:40.000000Z,9.48794,9.4853
2015-07-29T09:12:50.000000Z,9.48801,9.48534
2015-07-29T09:13:00.000000Z,9.48701,9.48458
2015-07-29T09:13:10.000000Z,9.48671,9.48424
2015-07-29T09:13:20.000000Z,9.48691,9.48424
2015-07-29T09:13:30.000000Z,9.48684,9.48399
2015-07-29T09:13:40.000000Z,9.48676,9.48413
2015-07-29T09:13:50.000000Z,9.48683,9.48424
2015-07-29T09:14:00.000000Z,9.48641,9.48375
2015-07-29T09:14:10.000000Z,9.48664,9.48399
2015-07-29T09:14:20.000000Z,9.48662,9.48399
2015-07-29T09:14:30.000000Z,9.48641,9.48399
2015-07-29T09:14:40.000000Z,9.4863,9.48399
2015-07-29T09:14:50.000000Z,9.48668,9.48342
2015-07-29T09:15:00.000000Z,9.48604,9.48236
2015-07-29T09:15:10.000000Z,9.48554,9.48234
2015-07-29T09:15:20.000000Z,9.4855,9.48234
2015-07-29T09:15:30.000000Z,9.48521,9.48218
2015-07-29T09:15:40.000000Z,9.4851,9.4824
2015-07-29T09:15:50.000000Z,9.48443,9.48172
2015-07-29T09:16:00.000000Z,9.48446,9.48187
2015-07-29T09:16:10.000000Z,9.48665,9.4836
2015-07-29T09:16:20.000000Z,9.48652,9.48377
2015-07-29T09:16:30.000000Z,9.48671,9.48362
2015-07-29T09:16:40.000000Z,9.48706,9.48389
2015-07-29T09:16:50.000000Z,9.48704,9.48401
2015-07-29T09:17:00.000000Z,9.48726,9.4839
2015-07-29T09:17:10.000000Z,9.48662,9.48366
2015-07-29T09:17:20.000000Z,9.48695,9.484
2015-07-29T09:17:30.000000Z,9.48614,9.48392
2015-07-29T09:17:40.000000Z,9.48369,9.48028
2015-07-29T09:17:50.000000Z,9.48307,9.47926
2015-07-29T09:18:00.000000Z,9.48139,9.47853
2015-07-29T09:18:10.000000Z,9.48008,9.4774
2015-07-29T09:18:20.000000Z,9.47804,9.47518
2015-07-29T09:18:30.000000Z,9.47764,9.47486
2015-07-29T09:18:40.000000Z,9.47881,9.4753
2015-07-29T09:18:50.000000Z,9.4786,9.4754
2015-07-29T09:19:00.000000Z,9.47889,9.47623
2015-07-29T09:19:10.000000Z,9.47974,9.47681
2015-07-29T09:19:20.000000Z,9.4816,9.47866
2015-07-29T09:19:30.000000Z,9.48124,9.47869
2015-07-29T09:19:40.000000Z,9.48272,9.47993
2015-07-29T09:19:50.000000Z,9.48289,9.47999
2015-07-29T09:20:00.000000Z,9.48421,9.48067
2015-07-29T09:20:10.000000Z,9.48591,9.48174
2015-07-29T09:20:20.000000Z,9.48576,9.48227
2015-07-29T09:20:30.000000Z,9.48311,9.47997
2015-07-29T09:20:40.000000Z,9.48319,9.48014
2015-07-29T09:20:50.000000Z,9.48369,9.48117
2015-07-29T09:21:00.000000Z,9.48306,9.48026
2015-07-29T09:21:10.000000Z,9.48223,9.47941
2015-07-29T09:21:20.000000Z,9.48166,9.47883
2015-07-29T09:21:30.000000Z,9.48301,9.48008
2015-07-29T09:21:40.000000Z,9.48327,9.48078
2015-07-29T09:21:50.000000Z,9.48176,9.47832
2015-07-29T09:22:00.000000Z,9.48144,9.47841
2015-07-29T09:22:10.000000Z,9.48123,9.47812
2015-07-29T09:22:20.000000Z,9.48118,9.47811
2015-07-29T09:22:30.000000Z,9.48114,9.47808
2015-07-29T09:22:40.000000Z,9.48129,9.47811
2015-07-29T09:22:50.000000Z,9.48114,9.47831
2015-07-29T09:23:00.000000Z,9.47988,9.47654
2015-07-29T09:23:10.000000Z,9.47823,9.47556
2015-07-29T09:23:20.000000Z,9.47857,9.47558
2015-07-29T09:23:30.000000Z,9.47876,9.47586
2015-07-29T09:23:40.000000Z,9.47839,9.47501
2015-07-29T09:23:50.000000Z,9.47865,9.47537
2015-07-29T09:24:00.000000Z,9.47887,9.47579
2015-07-29T09:24:10.000000Z,9.47907,9.47623
2015-07-29T09:24:20.000000Z,9.47906,9.47633
2015-07-29T09:24:30.000000Z,9.47926,9.47649
2015-07-29T09:24:40.000000Z,9.47988,9.47719
2015-07-29T09:24:50.000000Z,9.47944,9.47695
2015-07-29T09:25:00.000000Z,9.47885,9.4765
2015-07-29T09:25:10.000000Z,9.47973,9.47697
2015-07-29T09:25:20.000000Z,9.47909,9.47644
2015-07-29T09:25:30.000000Z,9.47905,9.47651
2015-07-29T09:25:40.000000Z,9.47852,9.47647
2015-07-29T09:25:50.000000Z,9.47859,9.47637
2015-07-29T09:26:00.000000Z,9.47856,9.47662
2015-07-29T09:26:10.000000Z,9.47871,9.47644
2015-07-29T09:26:20.000000Z,9.4784,9.47647
2015-07-29T09:26:30.000000Z,9.47836,9.47632
2015-07-29T09:26:40.000000Z,9.47904,9.47683
2015-07-29T09:26:50.000000Z,9.47912,9.47686
2015-07-29T09:27:00.000000Z,9.47813,9.4749
2015-07-29T09:27:10.000000Z,9.4774,9.47414
2015-07-29T09:27:20.000000Z,9.47702,9.47475
2015-07-29T09:27:30.000000Z,9.47835,9.4757
2015-07-29T09:27:40.000000Z,9.47822,9.47568
2015-07-29T09:27:50.000000Z,9.478,9.47568
2015-07-29T09:28:00.000000Z,9.47826,9.476
2015-07-29T09:28:10.000000Z,9.47905,9.47552
2015-07-29T09:28:20.000000Z,9.47875,9.47534
2015-07-29T09:28:30.000000Z,9.4799,9.47746
2015-07-29T09:28:40.000000Z,9.47971,9.47695
2015-07-29T09:28:50.000000Z,9.47945,9.4775
2015-07-29T09:29:00.000000Z,9.47942,9.47736
2015-07-29T09:29:10.000000Z,9.47935,9.4768
2015-07-29T09:29:20.000000Z,9.47842,9.47539
2015-07-29T09:29:30.000000Z,9.4774,9.47455
2015-07-29T09:29:40.000000Z,9.47752,9.47512
2015-07-29T09:29:50.000000Z,9.47751,9.47526
2015-07-29T09:30:00.000000Z,9.47854,9.47568
2015-07-29T09:30:10.000000Z,9.47914,9.47594
2015-07-29T09:30:20.000000Z,9.47908,9.47592
2015-07-29T09:30:30.000000Z,9.47815,9.4752
2015-07-29T09:30:40.000000Z,9.47679,9.47386
2015-07-29T09:30:50.000000Z,9.47662,9.47365
2015-07-29T09:31:00.000000Z,9.47818,9.4752
2015-07-29T09:31:10.000000Z,9.4782,9.47516
2015-07-29T09:31:20.000000Z,9.4782,9.4749
2015-07-29T09:31:30.000000Z,9.4784,9.47541
2015-07-29T09:31:40.000000Z,9.48037,9.4774
2015-07-29T09:31:50.000000Z,9.48085,9.47728
2015-07-29T09:32:00.000000Z,9.48088,9.47818
2015-07-29T09:32:10.000000Z,9.47989,9.47709
2015-07-29T09:32:20.000000Z,9.48107,9.47755
2015-07-29T09:32:30.000000Z,9.4815,9.47845
2015-07-29T09:32:40.000000Z,9.47995,9.47796
2015-07-29T09:32:50.000000Z,9.48169,9.47896
2015-07-29T09:33:00.000000Z,9.47995,9.47721
2015-07-29T09:33:10.000000Z,9.47936,9.47624
2015-07-29T09:33:20.000000Z,9.47971,9.47719
2015-07-29T09:33:30.000000Z,9.47975,9.47682
2015-07-29T09:33:40.000000Z,9.48056,9.47773
2015-07-29T09:33:50.000000Z,9.48137,9.47787
2015-07-29T09:34:00.000000Z,9.48005,9.47743
2015-07-29T09:34:10.000000Z,9.48005,9.47753
2015-07-29T09:34:20.000000Z,9.48005,9.47745
2015-07-29T09:34:30.000000Z,9.47995,9.47751
2015-07-29T09:34:40.000000Z,9.47995,9.47733
2015-07-29T09:34:50.000000Z,9.47995,9.47738
2015-07-29T09:35:00.000000Z,9.47987,9.47722
2015-07-29T09:35:10.000000Z,9.47966,9.47736
2015-07-29T09:35:20.000000Z,9.4799,9.47734
2015-07-29T09:35:40.000000Z,9.47993,9.47732
2015-07-29T09:35:50.000000Z,9.47991,9.47729
2015-07-29T09:36:00.000000Z,9.48005,9.47729
2015-07-29T09:36:10.000000Z,9.48002,9.47734
2015-07-29T09:36:20.000000Z,9.48112,9.47827
2015-07-29T09:36:30.000000Z,9.48112,9.47837
2015-07-29T09:36:40.000000Z,9.48106,9.47843
2015-07-29T09:36:50.000000Z,9.48107,9.47845
2015-07-29T09:37:00.000000Z,9.48106,9.47845
2015-07-29T09:37:10.000000Z,9.48105,9.47844
2015-07-29T09:37:20.000000Z,9.485,9.48159
2015-07-29T09:37:30.000000Z,9.48497,9.48221
2015-07-29T09:37:40.000000Z,9.48433,9.48193
2015-07-29T09:37:50.000000Z,9.48448,9.48123
2015-07-29T09:38:00.000000Z,9.48376,9.48107
2015-07-29T09:38:10.000000Z,9.48358,9.48105
2015-07-29T09:38:20.000000Z,9.48346,9.48072
2015-07-29T09:38:30.000000Z,9.48384,9.48093
2015-07-29T09:38:40.000000Z,9.48348,9.48086
2015-07-29T09:38:50.000000Z,9.48352,9.48086
2015-07-29T09:39:00.000000Z,9.48371,9.48084
2015-07-29T09:39:10.000000Z,9.48373,9.48084
2015-07-29T09:39:20.000000Z,9.48343,9.48101
2015-07-29T09:39:30.000000Z,9.48353,9.48093
2015-07-29T09:39:40.000000Z,9.48368,9.48091
2015-07-29T09:39:50.000000Z,9.48366,9.48091
2015-07-29T09:40:00.000000Z,9.48376,9.4809
2015-07-29T09:40:10.000000Z,9.48355,9.4809
2015-07-29T09:40:20.000000Z,9.48355,9.48099
2015-07-29T09:40:30.000000Z,9.48355,9.48105
2015-07-29T09:40:40.000000Z,9.48359,9.48096
2015-07-29T09:40:50.000000Z,9.48355,9.48111
2015-07-29T09:41:00.000000Z,9.48377,9.48093
2015-07-29T09:41:20.000000Z,9.48371,9.48105
2015-07-29T09:41:30.000000Z,9.4837,9.48105
2015-07-29T09:41:40.000000Z,9.48514,9.4819
2015-07-29T09:41:50.000000Z,9.48466,9.4819
2015-07-29T09:42:00.000000Z,9.48459,9.4819
2015-07-29T09:42:10.000000Z,9.48581,9.48286
2015-07-29T09:42:20.000000Z,9.48556,9.48285
2015-07-29T09:42:30.000000Z,9.4855,9.48284
2015-07-29T09:42:40.000000Z,9.48546,9.48275
2015-07-29T09:42:50.000000Z,9.4855,9.48285
2015-07-29T09:43:00.000000Z,9.48547,9.48285
2015-07-29T09:43:10.000000Z,9.48521,9.48237
2015-07-29T09:43:20.000000Z,9.48516,9.48239
2015-07-29T09:43:30.000000Z,9.48509,9.48233
2015-07-29T09:43:40.000000Z,9.48374,9.48065
2015-07-29T09:43:50.000000Z,9.48352,9.48058
2015-07-29T09:44:00.000000Z,9.48387,9.48073
2015-07-29T09:44:10.000000Z,9.48318,9.48058
2015-07-29T09:44:20.000000Z,9.48317,9.48043
2015-07-29T09:44:30.000000Z,9.48309,9.48055
2015-07-29T09:44:40.000000Z,9.48311,9.48038
2015-07-29T09:44:50.000000Z,9.48293,9.48065
2015-07-29T09:45:00.000000Z,9.48293,9.48065
2015-07-29T09:45:10.000000Z,9.48329,9.48039
2015-07-29T09:45:20.000000Z,9.48333,9.48039
2015-07-29T09:45:30.000000Z,9.48331,9.48038
2015-07-29T09:45:40.000000Z,9.48334,9.48038
2015-07-29T09:45:50.000000Z,9.48326,9.4804
2015-07-29T09:46:10.000000Z,9.48322,9.48067
2015-07-29T09:46:20.000000Z,9.4833,9.48074
2015-07-29T09:46:30.000000Z,9.48333,9.48075
2015-07-29T09:46:40.000000Z,9.48334,9.48066
2015-07-29T09:46:50.000000Z,9.48327,9.48063
2015-07-29T09:47:00.000000Z,9.4833,9.48075
2015-07-29T09:47:10.000000Z,9.4835,9.48095
2015-07-29T09:47:20.000000Z,9.48353,9.48095
2015-07-29T09:47:30.000000Z,9.48362,9.48095
2015-07-29T09:47:40.000000Z,9.48358,9.48095
2015-07-29T09:47:50.000000Z,9.48359,9.48094
2015-07-29T09:48:00.000000Z,9.48353,9.48095
2015-07-29T09:48:10.000000Z,9.48363,9.48105
2015-07-29T09:48:40.000000Z,9.4838,9.48095
2015-07-29T09:48:50.000000Z,9.48322,9.4804
2015-07-29T09:49:00.000000Z,9.48312,9.4804
2015-07-29T09:49:10.000000Z,9.48376,9.48137
2015-07-29T09:49:20.000000Z,9.48369,9.48155
2015-07-29T09:49:30.000000Z,9.48347,9.48155
2015-07-29T09:49:40.000000Z,9.4841,9.48165
2015-07-29T09:50:00.000000Z,9.4857,9.48297
2015-07-29T09:50:10.000000Z,9.48567,9.48296
2015-07-29T09:50:20.000000Z,9.48541,9.48263
2015-07-29T09:50:30.000000Z,9.48425,9.48163
2015-07-29T09:50:40.000000Z,9.48437,9.48163
2015-07-29T09:50:50.000000Z,9.48367,9.48065
2015-07-29T09:51:00.000000Z,9.48333,9.48075
2015-07-29T09:51:10.000000Z,9.4833,9.48085
2015-07-29T09:51:20.000000Z,9.48329,9.48085
2015-07-29T09:51:30.000000Z,9.48332,9.48085
2015-07-29T09:51:40.000000Z,9.48332,9.48081
2015-07-29T09:51:50.000000Z,9.48328,9.48081
2015-07-29T09:52:00.000000Z,9.48323,9.48058
2015-07-29T09:52:10.000000Z,9.4833,9.48051
2015-07-29T09:52:20.000000Z,9.48332,9.48058
2015-07-29T09:52:30.000000Z,9.48323,9.48058
2015-07-29T09:52:40.000000Z,9.4832,9.48058
2015-07-29T09:52:50.000000Z,9.48317,9.48054
2015-07-29T09:53:00.000000Z,9.48315,9.48058
2015-07-29T09:53:10.000000Z,9.48322,9.48058
2015-07-29T09:53:20.000000Z,9.48324,9.48058
2015-07-29T09:53:30.000000Z,9.48313,9.48058
2015-07-29T09:53:40.000000Z,9.48302,9.48058
2015-07-29T09:53:50.000000Z,9.48305,9.48058
2015-07-29T09:54:00.000000Z,9.48329,9.48058
2015-07-29T09:54:10.000000Z,9.48337,9.48058
2015-07-29T09:54:20.000000Z,9.48346,9.48058
2015-07-29T09:54:30.000000Z,9.48348,9.48058
2015-07-29T09:54:40.000000Z,9.48377,9.48091
2015-07-29T09:54:50.000000Z,9.48406,9.48112
2015-07-29T09:55:00.000000Z,9.4839,9.48122
2015-07-29T09:55:10.000000Z,9.48395,9.48122
2015-07-29T09:55:30.000000Z,9.48454,9.48166
2015-07-29T09:55:40.000000Z,9.48449,9.4818
2015-07-29T09:55:50.000000Z,9.485,9.48193
2015-07-29T09:56:10.000000Z,9.48518,9.48202
2015-07-29T09:56:20.000000Z,9.48513,9.48202
2015-07-29T09:56:30.000000Z,9.48526,9.48193
2015-07-29T09:56:50.000000Z,9.48523,9.48203
2015-07-29T09:57:00.000000Z,9.48526,9.48193
2015-07-29T09:57:10.000000Z,9.48522,9.48257
2015-07-29T09:57:20.000000Z,9.48531,9.48241
2015-07-29T09:57:30.000000Z,9.48538,9.48218
2015-07-29T09:57:40.000000Z,9.48527,9.48245
2015-07-29T09:57:50.000000Z,9.48527,9.48247
2015-07-29T09:58:00.000000Z,9.48526,9.48255
2015-07-29T09:58:10.000000Z,9.4854,9.48255
2015-07-29T09:58:20.000000Z,9.48557,9.4827
2015-07-29T09:58:30.000000Z,9.48593,9.48325
2015-07-29T09:58:40.000000Z,9.48569,9.48297
2015-07-29T09:58:50.000000Z,9.48594,9.4831
2015-07-29T09:59:00.000000Z,9.48586,9.48306
2015-07-29T09:59:10.000000Z,9.48563,9.48275
2015-07-29T09:59:20.000000Z,9.48548,9.48256
2015-07-29T09:59:30.000000Z,9.4856,9.48268
2015-07-29T09:59:40.000000Z,9.48594,9.48287
2015-07-29T09:59:50.000000Z,9.48614,9.48332
2015-07-29T10:00:00.000000Z,9.48632,9.4836
2015-07-29T10:00:10.000000Z,9.48649,9.48402
2015-07-29T10:00:20.000000Z,9.48602,9.48318
2015-07-29T10:00:30.000000Z,9.48602,9.48323
2015-07-29T10:00:40.000000Z,9.48601,9.4832
2015-07-29T10:00:50.000000Z,9.48624,9.4834
2015-07-29T10:01:00.000000Z,9.48624,9.4833
2015-07-29T10:01:10.000000Z,9.48637,9.48344
2015-07-29T10:01:20.000000Z,9.48521,9.4824
2015-07-29T10:01:30.000000Z,9.48515,9.48241
2015-07-29T10:01:40.000000Z,9.48505,9.48231
2015-07-29T10:01:50.000000Z,9.4851,9.48245
2015-07-29T10:02:00.000000Z,9.48516,9.4823
2015-07-29T10:02:10.000000Z,9.48466,9.4816
2015-07-29T10:02:20.000000Z,9.48438,9.4816
2015-07-29T10:02:30.000000Z,9.48456,9.4815
2015-07-29T10:02:40.000000Z,9.48449,9.4815
2015-07-29T10:02:50.000000Z,9.48494,9.48202
2015-07-29T10:03:00.000000Z,9.48429,9.48144
2015-07-29T10:03:10.000000Z,9.48425,9.4815
2015-07-29T10:03:20.000000Z,9.48423,9.48146
2015-07-29T10:03:30.000000Z,9.48444,9.48149
2015-07-29T10:03:40.000000Z,9.48418,9.48171
2015-07-29T10:03:50.000000Z,9.48419,9.48157
2015-07-29T10:04:00.000000Z,9.48436,9.48172
2015-07-29T10:04:10.000000Z,9.48438,9.48172
2015-07-29T10:04:20.000000Z,9.48513,9.48197
2015-07-29T10:04:30.000000Z,9.48461,9.48199
2015-07-29T10:04:40.000000Z,9.48475,9.4818
2015-07-29T10:04:50.000000Z,9.48461,9.48186
2015-07-29T10:05:00.000000Z,9.4846,9.48174
2015-07-29T10:05:10.000000Z,9.48384,9.481
2015-07-29T10:05:20.000000Z,9.48269,9.47925
2015-07-29T10:05:30.000000Z,9.48162,9.47876
2015-07-29T10:05:40.000000Z,9.48166,9.47877
2015-07-29T10:05:50.000000Z,9.48342,9.48019
2015-07-29T10:06:00.000000Z,9.48339,9.48025
2015-07-29T10:06:10.000000Z,9.48343,9.4805
2015-07-29T10:06:20.000000Z,9.48483,9.48167
2015-07-29T10:06:30.000000Z,9.48479,9.48176
2015-07-29T10:06:40.000000Z,9.48493,9.4816
2015-07-29T10:06:50.000000Z,9.4848,9.48167
2015-07-29T10:07:00.000000Z,9.48411,9.48133
2015-07-29T10:07:10.000000Z,9.48392,9.48121
2015-07-29T10:07:20.000000Z,9.48242,9.47922
2015-07-29T10:07:30.000000Z,9.48233,9.47928
2015-07-29T10:07:40.000000Z,9.48229,9.47928
2015-07-29T10:07:50.000000Z,9.48229,9.47928
2015-07-29T10:08:00.000000Z,9.48233,9.47929
2015-07-29T10:08:10.000000Z,9.48234,9.47941
2015-07-29T10:08:20.000000Z,9.48229,9.47943
2015-07-29T10:08:30.000000Z,9.48255,9.47969
2015-07-29T10:08:40.000000Z,9.48268,9.47953
2015-07-29T10:08:50.000000Z,9.48264,9.47968
2015-07-29T10:09:00.000000Z,9.48264,9.47966
2015-07-29T10:09:10.000000Z,9.48295,9.47972
2015-07-29T10:09:20.000000Z,9.48215,9.47855
2015-07-29T10:09:30.000000Z,9.47988,9.47676
2015-07-29T10:09:40.000000Z,9.48016,9.47705
2015-07-29T10:09:50.000000Z,9.48158,9.47773
2015-07-29T10:10:00.000000Z,9.48154,9.47773
2015-07-29T10:10:10.000000Z,9.48136,9.47765
2015-07-29T10:10:20.000000Z,9.48141,9.47795
2015-07-29T10:10:30.000000Z,9.48165,9.47805
2015-07-29T10:10:40.000000Z,9.48085,9.4774
2015-07-29T10:10:50.000000Z,9.48059,9.47721
2015-07-29T10:11:00.000000Z,9.4809,9.47783
2015-07-29T10:11:10.000000Z,9.48249,9.4789
2015-07-29T10:11:20.000000Z,9.48093,9.47825
2015-07-29T10:11:30.000000Z,9.48062,9.47772
2015-07-29T10:11:40.000000Z,9.48034,9.47785
2015-07-29T10:11:50.000000Z,9.48207,9.47895
2015-07-29T10:12:00.000000Z,9.48243,9.48015
2015-07-29T10:12:10.000000Z,9.48242,9.48025
2015-07-29T10:12:20.000000Z,9.48423,9.48132
2015-07-29T10:12:30.000000Z,9.48406,9.48117
2015-07-29T10:12:40.000000Z,9.48383,9.48094
2015-07-29T10:12:50.000000Z,9.48414,9.48125
2015-07-29T10:13:00.000000Z,9.48419,9.48127
2015-07-29T10:13:10.000000Z,9.48434,9.48132
2015-07-29T10:13:20.000000Z,9.48446,9.48145
2015-07-29T10:13:30.000000Z,9.48479,9.48213
2015-07-29T10:13:40.000000Z,9.48481,9.48213
2015-07-29T10:13:50.000000Z,9.48494,9.48221
2015-07-29T10:14:10.000000Z,9.48492,9.48224
2015-07-29T10:14:20.000000Z,9.48509,9.48236
2015-07-29T10:14:30.000000Z,9.48529,9.48233
2015-07-29T10:14:40.000000Z,9.48517,9.48252
2015-07-29T10:14:50.000000Z,9.48533,9.48255
2015-07-29T10:15:00.000000Z,9.48535,9.48255
2015-07-29T10:15:10.000000Z,9.48532,9.48268
2015-07-29T10:15:20.000000Z,9.48533,9.48258
2015-07-29T10:15:30.000000Z,9.48542,9.48258
2015-07-29T10:15:40.000000Z,9.48531,9.48258
2015-07-29T10:15:50.000000Z,9.48538,9.48261
2015-07-29T10:16:00.000000Z,9.48538,9.48279
2015-07-29T10:16:10.000000Z,9.48538,9.48287
2015-07-29T10:16:20.000000Z,9.48543,9.48289
2015-07-29T10:16:30.000000Z,9.4857,9.48287
2015-07-29T10:16:40.000000Z,9.48563,9.4828
2015-07-29T10:17:00.000000Z,9.48543,9.48274
2015-07-29T10:17:10.000000Z,9.48562,9.48285
2015-07-29T10:17:20.000000Z,9.48569,9.48271
2015-07-29T10:17:30.000000Z,9.48559,9.48285
2015-07-29T10:17:40.000000Z,9.48555,9.48285
2015-07-29T10:17:50.000000Z,9.48545,9.48295
2015-07-29T10:18:00.000000Z,9.48539,9.48305
2015-07-29T10:18:10.000000Z,9.48528,9.48257
2015-07-29T10:18:20.000000Z,9.48529,9.48257
2015-07-29T10:18:30.000000Z,9.48522,9.48265
2015-07-29T10:18:40.000000Z,9.48527,9.48255
2015-07-29T10:18:50.000000Z,9.48532,9.48255
2015-07-29T10:19:00.000000Z,9.4852,9.48274
2015-07-29T10:19:10.000000Z,9.4852,9.48246
2015-07-29T10:19:20.000000Z,9.4852,9.48255
2015-07-29T10:19:50.000000Z,9.48527,9.48252
2015-07-29T10:20:00.000000Z,9.48527,9.4825
2015-07-29T10:20:10.000000Z,9.48545,9.48303
2015-07-29T10:20:20.000000Z,9.48552,9.48305
2015-07-29T10:20:30.000000Z,9.48558,9.483
2015-07-29T10:20:40.000000Z,9.48557,9.48293
2015-07-29T10:20:50.000000Z,9.48558,9.48287
2015-07-29T10:21:00.000000Z,9.48558,9.48288
2015-07-29T10:21:10.000000Z,9.48552,9.48295
2015-07-29T10:21:20.000000Z,9.4855,9.48299
2015-07-29T10:21:30.000000Z,9.4855,9.48301
2015-07-29T10:21:40.000000Z,9.4855,9.48294
2015-07-29T10:21:50.000000Z,9.48552,9.48293
2015-07-29T10:22:00.000000Z,9.48552,9.48295
2015-07-29T10:22:10.000000Z,9.48551,9.48301
2015-07-29T10:22:20.000000Z,9.48551,9.48302
2015-07-29T10:22:30.000000Z,9.48552,9.48299
2015-07-29T10:22:40.000000Z,9.48516,9.48252
2015-07-29T10:22:50.000000Z,9.48481,9.48212
2015-07-29T10:23:00.000000Z,9.48465,9.48219
2015-07-29T10:23:10.000000Z,9.48465,9.48219
2015-07-29T10:23:20.000000Z,9.48284,9.47991
2015-07-29T10:23:30.000000Z,9.48213,9.47918
2015-07-29T10:23:40.000000Z,9.48157,9.47863
2015-07-29T10:23:50.000000Z,9.48031,9.47748
2015-07-29T10:24:00.000000Z,9.48121,9.47812
2015-07-29T10:24:10.000000Z,9.48117,9.47782
2015-07-29T10:24:20.000000Z,9.48133,9.47851
2015-07-29T10:24:30.000000Z,9.48145,9.47863
2015-07-29T10:24:40.000000Z,9.48145,9.47862
2015-07-29T10:24:50.000000Z,9.48144,9.47861
2015-07-29T10:25:00.000000Z,9.48162,9.47873
2015-07-29T10:25:10.000000Z,9.4817,9.47873
2015-07-29T10:25:20.000000Z,9.48172,9.47865
2015-07-29T10:25:30.000000Z,9.48163,9.47811
2015-07-29T10:25:40.000000Z,9.4813,9.47833
2015-07-29T10:25:50.000000Z,9.48129,9.47782
2015-07-29T10:26:00.000000Z,9.48127,9.47802
2015-07-29T10:26:10.000000Z,9.48118,9.47785
2015-07-29T10:26:20.000000Z,9.48128,9.47773
2015-07-29T10:26:30.000000Z,9.48118,9.47785
2015-07-29T10:26:40.000000Z,9.48121,9.47772
2015-07-29T10:26:50.000000Z,9.48128,9.47776
2015-07-29T10:27:00.000000Z,9.48123,9.47764
2015-07-29T10:27:10.000000Z,9.48102,9.47776
2015-07-29T10:27:20.000000Z,9.48097,9.47777
2015-07-29T10:27:30.000000Z,9.48056,9.47729
2015-07-29T10:27:40.000000Z,9.48,9.4772
2015-07-29T10:27:50.000000Z,9.48008,9.47719
2015-07-29T10:28:00.000000Z,9.48029,9.47699
2015-07-29T10:28:10.000000Z,9.47985,9.47693
2015-07-29T10:28:20.000000Z,9.48091,9.47721
2015-07-29T10:28:30.000000Z,9.4802,9.47699
2015-07-29T10:28:40.000000Z,9.48002,9.47699
2015-07-29T10:28:50.000000Z,9.48014,9.47698
2015-07-29T10:29:00.000000Z,9.48027,9.477
2015-07-29T10:29:10.000000Z,9.47998,9.47682
2015-07-29T10:29:20.000000Z,9.47998,9.47675
2015-07-29T10:29:30.000000Z,9.48002,9.47675
2015-07-29T10:30:00.000000Z,9.47999,9.4768
2015-07-29T10:30:20.000000Z,9.47974,9.47687
2015-07-29T10:30:30.000000Z,9.47977,9.4768
2015-07-29T10:30:40.000000Z,9.47934,9.4763
2015-07-29T10:30:50.000000Z,9.47929,9.4764
2015-07-29T10:31:00.000000Z,9.47938,9.4763
2015-07-29T10:31:10.000000Z,9.47935,9.4764
2015-07-29T10:31:30.000000Z,9.47939,9.4764
2015-07-29T10:31:40.000000Z,9.47938,9.4764
2015-07-29T10:31:50.000000Z,9.47945,9.47652
2015-07-29T10:32:00.000000Z,9.48132,9.47796
2015-07-29T10:32:10.000000Z,9.48136,9.47799
2015-07-29T10:32:20.000000Z,9.48118,9.47799
2015-07-29T10:32:30.000000Z,9.48117,9.47804
2015-07-29T10:32:40.000000Z,9.48104,9.47816
2015-07-29T10:32:50.000000Z,9.48112,9.47803
2015-07-29T10:33:00.000000Z,9.4814,9.47857
2015-07-29T10:33:10.000000Z,9.48141,9.4785
2015-07-29T10:33:20.000000Z,9.48145,9.4784
2015-07-29T10:33:30.000000Z,9.48148,9.4784
2015-07-29T10:33:40.000000Z,9.48133,9.47851
2015-07-29T10:33:50.000000Z,9.4817,9.47869
2015-07-29T10:34:00.000000Z,9.4818,9.47906
2015-07-29T10:34:10.000000Z,9.48196,9.47916
2015-07-29T10:34:20.000000Z,9.48209,9.47961
2015-07-29T10:34:30.000000Z,9.48266,9.48
2015-07-29T10:34:40.000000Z,9.48275,9.48029
2015-07-29T10:34:50.000000Z,9.48275,9.48019
2015-07-29T10:35:00.000000Z,9.48255,9.48006
2015-07-29T10:35:10.000000Z,9.48255,9.48005
2015-07-29T10:35:20.000000Z,9.48262,9.48005
2015-07-29T10:35:30.000000Z,9.48295,9.48016
2015-07-29T10:35:40.000000Z,9.4832,9.48055
2015-07-29T10:35:50.000000Z,9.48316,9.48058
2015-07-29T10:36:00.000000Z,9.48345,9.48093
2015-07-29T10:36:10.000000Z,9.48349,9.48094
2015-07-29T10:36:20.000000Z,9.48349,9.48105
2015-07-29T10:36:30.000000Z,9.48268,9.47999
2015-07-29T10:36:40.000000Z,9.48261,9.48014
2015-07-29T10:36:50.000000Z,9.48254,9.48009
2015-07-29T10:37:00.000000Z,9.48257,9.48012
2015-07-29T10:37:10.000000Z,9.48265,9.48003
2015-07-29T10:37:20.000000Z,9.48261,9.48003
2015-07-29T10:37:30.000000Z,9.4821,9.47974
2015-07-29T10:37:40.000000Z,9.48187,9.47958
2015-07-29T10:37:50.000000Z,9.48187,9.47958
2015-07-29T10:38:00.000000Z,9.48187,9.47959
2015-07-29T10:38:10.000000Z,9.48187,9.47946
2015-07-29T10:38:20.000000Z,9.48192,9.47946
2015-07-29T10:38:30.000000Z,9.48175,9.47954
2015-07-29T10:38:40.000000Z,9.48178,9.47943
2015-07-29T10:38:50.000000Z,9.48172,9.47955
2015-07-29T10:39:00.000000Z,9.48173,9.47953
2015-07-29T10:39:10.000000Z,9.48185,9.47946
2015-07-29T10:39:20.000000Z,9.48195,9.4795
2015-07-29T10:39:30.000000Z,9.48205,9.47943
2015-07-29T10:39:40.000000Z,9.48208,9.47945
2015-07-29T10:39:50.000000Z,9.48212,9.47943
2015-07-29T10:40:00.000000Z,9.48212,9.47943
2015-07-29T10:40:10.000000Z,9.48209,9.47949
2015-07-29T10:40:20.000000Z,9.48214,9.47938
2015-07-29T10:40:30.000000Z,9.48209,9.47938
2015-07-29T10:40:50.000000Z,9.482,9.47938
2015-07-29T10:41:00.000000Z,9.48221,9.47941
2015-07-29T10:41:10.000000Z,9.48218,9.47941
2015-07-29T10:41:20.000000Z,9.48255,9.4795
2015-07-29T10:41:30.000000Z,9.48261,9.4795
2015-07-29T10:41:40.000000Z,9.48231,9.47966
2015-07-29T10:41:50.000000Z,9.48231,9.47968
