time,closeAsk,closeBid
2015-07-28T18:46:30.000000Z,1.06399,1.0638
2015-07-28T18:46:50.000000Z,1.06407,1.06386
2015-07-28T18:47:00.000000Z,1.06406,1.06383
2015-07-28T18:47:20.000000Z,1.06402,1.06382
2015-07-28T18:47:40.000000Z,1.06401,1.06378
2015-07-28T18:47:50.000000Z,1.06403,1.06382
2015-07-28T18:49:40.000000Z,1.064,1.0638
2015-07-28T18:50:00.000000Z,1.064,1.06379
2015-07-28T18:50:20.000000Z,1.064,1.06383
2015-07-28T18:50:30.000000Z,1.064,1.06383
2015-07-28T18:50:40.000000Z,1.06409,1.0639
2015-07-28T18:51:00.000000Z,1.06411,1.06394
2015-07-28T18:51:10.000000Z,1.0641,1.06391
2015-07-28T18:51:20.000000Z,1.064,1.06382
2015-07-28T18:52:00.000000Z,1.06395,1.06377
2015-07-28T18:52:30.000000Z,1.06399,1.06379
2015-07-28T18:53:10.000000Z,1.06406,1.06386
2015-07-28T18:53:20.000000Z,1.06407,1.06385
2015-07-28T18:53:30.000000Z,1.06404,1.06383
2015-07-28T18:54:10.000000Z,1.06396,1.06376
2015-07-28T18:55:10.000000Z,1.06392,1.06371
2015-07-28T18:55:20.000000Z,1.06393,1.0637
2015-07-28T18:55:30.000000Z,1.06384,1.06361
2015-07-28T18:56:00.000000Z,1.06381,1.06359
2015-07-28T18:56:10.000000Z,1.06375,1.06355
2015-07-28T18:56:20.000000Z,1.06379,1.06355
2015-07-28T18:56:30.000000Z,1.06376,1.06354
2015-07-28T18:56:40.000000Z,1.0639,1.06368
2015-07-28T18:56:50.000000Z,1.064,1.06376
2015-07-28T18:57:10.000000Z,1.06398,1.06373
2015-07-28T18:57:30.000000Z,1.06389,1.06367
2015-07-28T18:57:40.000000Z,1.06382,1.06359
2015-07-28T18:57:50.000000Z,1.06379,1.06353
2015-07-28T18:58:00.000000Z,1.06382,1.06355
2015-07-28T18:58:30.000000Z,1.06377,1.06355
2015-07-28T18:58:50.000000Z,1.06367,1.06347
2015-07-28T18:59:00.000000Z,1.06368,1.06345
2015-07-28T18:59:10.000000Z,1.06367,1.06344
2015-07-28T18:59:20.000000Z,1.06371,1.06349
2015-07-28T18:59:30.000000Z,1.06381,1.06359
2015-07-28T18:59:40.000000Z,1.06385,1.06364
2015-07-28T18:59:50.000000Z,1.06382,1.06361
2015-07-28T19:00:00.000000Z,1.06374,1.06353
2015-07-28T19:00:30.000000Z,1.06371,1.06351
2015-07-28T19:00:50.000000Z,1.06369,1.06348
2015-07-28T19:01:00.000000Z,1.06364,1.06342
2015-07-28T19:01:30.000000Z,1.06363,1.06343
2015-07-28T19:01:50.000000Z,1.06368,1.06344
2015-07-28T19:02:00.000000Z,1.06399,1.06372
2015-07-28T19:02:10.000000Z,1.06411,1.06389
2015-07-28T19:02:20.000000Z,1.06414,1.0639
2015-07-28T19:02:40.000000Z,1.06427,1.06397
2015-07-28T19:03:20.000000Z,1.06429,1.06404
2015-07-28T19:03:30.000000Z,1.06432,1.06406
2015-07-28T19:03:40.000000Z,1.06438,1.0641
2015-07-28T19:04:00.000000Z,1.06431,1.06407
2015-07-28T19:04:10.000000Z,1.06436,1.06411
2015-07-28T19:04:20.000000Z,1.06432,1.06406
2015-07-28T19:04:50.000000Z,1.06434,1.06409
2015-07-28T19:05:00.000000Z,1.06435,1.06408
2015-07-28T19:05:20.000000Z,1.06437,1.06414
2015-07-28T19:05:40.000000Z,1.06442,1.06419
2015-07-28T19:05:50.000000Z,1.06447,1.06423
2015-07-28T19:06:00.000000Z,1.06444,1.06421
2015-07-28T19:06:10.000000Z,1.06441,1.0642
2015-07-28T19:06:30.000000Z,1.06438,1.06419
2015-07-28T19:06:50.000000Z,1.06439,1.06418
2015-07-28T19:07:00.000000Z,1.06444,1.06421
2015-07-28T19:07:10.000000Z,1.06446,1.0642
2015-07-28T19:07:40.000000Z,1.06447,1.06423
2015-07-28T19:07:50.000000Z,1.06445,1.06421
2015-07-28T19:08:00.000000Z,1.06449,1.06422
2015-07-28T19:08:20.000000Z,1.06445,1.06422
2015-07-28T19:08:30.000000Z,1.06445,1.06421
2015-07-28T19:08:50.000000Z,1.06442,1.0642
2015-07-28T19:09:30.000000Z,1.06451,1.06424
2015-07-28T19:09:40.000000Z,1.06447,1.06424
2015-07-28T19:10:20.000000Z,1.06445,1.06422
2015-07-28T19:11:30.000000Z,1.0645,1.06425
2015-07-28T19:11:40.000000Z,1.06451,1.06429
2015-07-28T19:11:50.000000Z,1.06449,1.06427
2015-07-28T19:12:00.000000Z,1.06451,1.06429
2015-07-28T19:13:00.000000Z,1.06455,1.06434
2015-07-28T19:13:10.000000Z,1.06453,1.06432
2015-07-28T19:14:20.000000Z,1.06456,1.06433
2015-07-28T19:14:40.000000Z,1.06452,1.06429
2015-07-28T19:15:00.000000Z,1.06453,1.06432
2015-07-28T19:15:40.000000Z,1.06459,1.06435
2015-07-28T19:15:50.000000Z,1.06458,1.06436
2015-07-28T19:16:00.000000Z,1.0646,1.06438
2015-07-28T19:16:10.000000Z,1.06464,1.06439
2015-07-28T19:16:40.000000Z,1.06466,1.06442
2015-07-28T19:16:50.000000Z,1.06468,1.06444
2015-07-28T19:17:10.000000Z,1.06471,1.06447
2015-07-28T19:17:20.000000Z,1.06476,1.06453
2015-07-28T19:17:30.000000Z,1.06474,1.06451
2015-07-28T19:17:40.000000Z,1.06471,1.06449
2015-07-28T19:17:50.000000Z,1.06474,1.06451
2015-07-28T19:18:00.000000Z,1.06475,1.06454
2015-07-28T19:18:20.000000Z,1.06474,1.06451
2015-07-28T19:18:40.000000Z,1.06477,1.06452
2015-07-28T19:19:00.000000Z,1.06473,1.06452
2015-07-28T19:19:10.000000Z,1.0648,1.06458
2015-07-28T19:19:20.000000Z,1.06483,1.0646
2015-07-28T19:19:30.000000Z,1.06478,1.06456
2015-07-28T19:19:40.000000Z,1.06478,1.06456
2015-07-28T19:20:10.000000Z,1.06484,1.0646
2015-07-28T19:20:20.000000Z,1.06488,1.06465
2015-07-28T19:20:40.000000Z,1.06492,1.0647
2015-07-28T19:21:20.000000Z,1.06492,1.0647
2015-07-28T19:22:20.000000Z,1.06497,1.06475
2015-07-28T19:23:10.000000Z,1.06493,1.06469
2015-07-28T19:24:00.000000Z,1.06476,1.06455
2015-07-28T19:24:10.000000Z,1.06473,1.06454
2015-07-28T19:24:30.000000Z,1.06474,1.06449
2015-07-28T19:25:00.000000Z,1.06474,1.06453
2015-07-28T19:25:30.000000Z,1.06475,1.06452
2015-07-28T19:25:40.000000Z,1.06475,1.06452
2015-07-28T19:25:50.000000Z,1.06476,1.06455
2015-07-28T19:26:10.000000Z,1.06479,1.06458
2015-07-28T19:26:20.000000Z,1.06477,1.06455
2015-07-28T19:26:40.000000Z,1.06478,1.06458
2015-07-28T19:26:50.000000Z,1.06476,1.06456
2015-07-28T19:27:00.000000Z,1.06479,1.06458
2015-07-28T19:27:20.000000Z,1.0648,1.06457
2015-07-28T19:27:30.000000Z,1.06476,1.06455
2015-07-28T19:28:00.000000Z,1.06471,1.0645
2015-07-28T19:28:30.000000Z,1.06466,1.06445
2015-07-28T19:29:00.000000Z,1.06465,1.06445
2015-07-28T19:29:10.000000Z,1.06465,1.06445
2015-07-28T19:29:30.000000Z,1.0647,1.0645
2015-07-28T19:29:40.000000Z,1.06472,1.06452
2015-07-28T19:29:50.000000Z,1.06474,1.0645
2015-07-28T19:30:00.000000Z,1.06463,1.06443
2015-07-28T19:30:10.000000Z,1.06451,1.06429
2015-07-28T19:30:20.000000Z,1.06448,1.06428
2015-07-28T19:30:30.000000Z,1.0647,1.06446
2015-07-28T19:32:00.000000Z,1.0646,1.0644
2015-07-28T19:32:20.000000Z,1.06469,1.06446
2015-07-28T19:32:40.000000Z,1.06474,1.0645
2015-07-28T19:33:00.000000Z,1.06464,1.06444
2015-07-28T19:33:10.000000Z,1.06459,1.0644
2015-07-28T19:33:20.000000Z,1.06449,1.06427
2015-07-28T19:33:30.000000Z,1.06445,1.06426
2015-07-28T19:33:50.000000Z,1.06436,1.06415
2015-07-28T19:34:10.000000Z,1.06444,1.06421
2015-07-28T19:34:20.000000Z,1.06441,1.0642
2015-07-28T19:35:20.000000Z,1.06451,1.0643
2015-07-28T19:35:30.000000Z,1.06449,1.06428
2015-07-28T19:36:00.000000Z,1.06445,1.06422
2015-07-28T19:36:40.000000Z,1.06447,1.06425
2015-07-28T19:37:10.000000Z,1.06444,1.06423
2015-07-28T19:37:40.000000Z,1.06441,1.06421
2015-07-28T19:37:50.000000Z,1.06439,1.06418
2015-07-28T19:38:00.000000Z,1.06437,1.06415
2015-07-28T19:38:10.000000Z,1.06439,1.06417
2015-07-28T19:39:00.000000Z,1.06444,1.06422
2015-07-28T19:39:40.000000Z,1.06448,1.06427
2015-07-28T19:39:50.000000Z,1.06447,1.06428
2015-07-28T19:40:40.000000Z,1.06452,1.06428
2015-07-28T19:41:00.000000Z,1.06451,1.06429
2015-07-28T19:41:10.000000Z,1.06443,1.06423
2015-07-28T19:41:40.000000Z,1.06439,1.06418
2015-07-28T19:42:00.000000Z,1.06444,1.06417
2015-07-28T19:42:10.000000Z,1.06441,1.06415
2015-07-28T19:42:30.000000Z,1.06444,1.06417
2015-07-28T19:43:00.000000Z,1.0645,1.06425
2015-07-28T19:43:30.000000Z,1.06448,1.06423
2015-07-28T19:43:40.000000Z,1.0645,1.06426
2015-07-28T19:44:10.000000Z,1.06452,1.06428
2015-07-28T19:44:20.000000Z,1.06454,1.06431
2015-07-28T19:45:20.000000Z,1.06428,1.06406
2015-07-28T19:45:30.000000Z,1.06426,1.06403
2015-07-28T19:45:40.000000Z,1.06428,1.06405
2015-07-28T19:46:00.000000Z,1.06431,1.06407
2015-07-28T19:46:20.000000Z,1.06431,1.06412
2015-07-28T19:47:30.000000Z,1.06434,1.06413
2015-07-28T19:47:50.000000Z,1.06432,1.0641
2015-07-28T19:48:00.000000Z,1.06438,1.06415
2015-07-28T19:48:10.000000Z,1.0644,1.06418
2015-07-28T19:48:20.000000Z,1.06434,1.06408
2015-07-28T19:48:30.000000Z,1.06429,1.06408
2015-07-28T19:49:00.000000Z,1.0643,1.06408
2015-07-28T19:49:20.000000Z,1.06429,1.06408
2015-07-28T19:49:30.000000Z,1.06429,1.06407
2015-07-28T19:50:00.000000Z,1.06432,1.06409
2015-07-28T19:50:10.000000Z,1.0643,1.06406
2015-07-28T19:50:30.000000Z,1.06433,1.06408
2015-07-28T19:51:10.000000Z,1.06428,1.06403
2015-07-28T19:51:20.000000Z,1.06432,1.06408
2015-07-28T19:51:30.000000Z,1.06399,1.06376
2015-07-28T19:52:10.000000Z,1.064,1.06379
2015-07-28T19:52:20.000000Z,1.06397,1.06377
2015-07-28T19:52:30.000000Z,1.06401,1.06378
2015-07-28T19:52:40.000000Z,1.06394,1.06371
2015-07-28T19:53:00.000000Z,1.06392,1.06369
2015-07-28T19:53:20.000000Z,1.06395,1.06371
2015-07-28T19:54:00.000000Z,1.06396,1.06374
2015-07-28T19:54:30.000000Z,1.06407,1.06383
2015-07-28T19:54:50.000000Z,1.06409,1.06386
2015-07-28T19:55:10.000000Z,1.06405,1.06381
2015-07-28T19:55:20.000000Z,1.06403,1.06379
2015-07-28T19:55:40.000000Z,1.06401,1.06376
2015-07-28T19:56:10.000000Z,1.06402,1.06379
2015-07-28T19:56:40.000000Z,1.064,1.06376
2015-07-28T19:56:50.000000Z,1.06404,1.06382
2015-07-28T19:57:00.000000Z,1.06411,1.0639
2015-07-28T19:57:10.000000Z,1.06418,1.06396
2015-07-28T19:57:20.000000Z,1.06425,1.06401
2015-07-28T19:57:30.000000Z,1.06432,1.06409
2015-07-28T19:57:40.000000Z,1.06438,1.06412
2015-07-28T19:57:50.000000Z,1.0644,1.06415
2015-07-28T19:58:00.000000Z,1.06438,1.06412
2015-07-28T19:58:10.000000Z,1.06436,1.06414
2015-07-28T19:58:40.000000Z,1.06432,1.06409
2015-07-28T19:58:50.000000Z,1.06435,1.0641
2015-07-28T19:59:00.000000Z,1.06436,1.06409
2015-07-28T19:59:10.000000Z,1.0643,1.06405
2015-07-28T19:59:20.000000Z,1.06426,1.06405
2015-07-28T19:59:30.000000Z,1.06425,1.06402
2015-07-28T19:59:50.000000Z,1.06428,1.06404
2015-07-28T20:00:00.000000Z,1.06426,1.06401
2015-07-28T20:00:10.000000Z,1.0642,1.06396
2015-07-28T20:00:30.000000Z,1.0641,1.06388
2015-07-28T20:00:40.000000Z,1.06411,1.06387
2015-07-28T20:00:50.000000Z,1.06406,1.06383
2015-07-28T20:01:00.000000Z,1.06407,1.06386
2015-07-28T20:01:10.000000Z,1.06415,1.06392
2015-07-28T20:01:20.000000Z,1.06419,1.06397
2015-07-28T20:01:30.000000Z,1.06417,1.06395
2015-07-28T20:01:40.000000Z,1.06413,1.0639
2015-07-28T20:01:50.000000Z,1.06404,1.06385
2015-07-28T20:02:20.000000Z,1.06405,1.06384
2015-07-28T20:02:30.000000Z,1.06402,1.06382
2015-07-28T20:02:40.000000Z,1.06395,1.06375
2015-07-28T20:02:50.000000Z,1.06401,1.06378
2015-07-28T20:03:10.000000Z,1.06402,1.06382
2015-07-28T20:03:50.000000Z,1.06418,1.06397
2015-07-28T20:04:00.000000Z,1.0642,1.06399
2015-07-28T20:04:20.000000Z,1.06419,1.06396
2015-07-28T20:05:00.000000Z,1.06395,1.06373
2015-07-28T20:05:20.000000Z,1.06402,1.06375
2015-07-28T20:06:10.000000Z,1.06396,1.06371
2015-07-28T20:06:30.000000Z,1.064,1.06372
2015-07-28T20:07:00.000000Z,1.06396,1.06372
2015-07-28T20:07:10.000000Z,1.06398,1.06375
2015-07-28T20:07:30.000000Z,1.06402,1.0638
2015-07-28T20:07:40.000000Z,1.06403,1.06383
2015-07-28T20:07:50.000000Z,1.06416,1.06393
2015-07-28T20:08:30.000000Z,1.0641,1.06388
2015-07-28T20:09:00.000000Z,1.06404,1.06383
2015-07-28T20:09:20.000000Z,1.06402,1.06381
2015-07-28T20:09:30.000000Z,1.064,1.06378
2015-07-28T20:10:10.000000Z,1.06403,1.0638
2015-07-28T20:11:10.000000Z,1.06408,1.06386
2015-07-28T20:11:20.000000Z,1.06438,1.06413
2015-07-28T20:11:30.000000Z,1.06418,1.06391
2015-07-28T20:11:40.000000Z,1.0642,1.06393
2015-07-28T20:13:10.000000Z,1.06444,1.06419
2015-07-28T20:13:20.000000Z,1.06445,1.06419
2015-07-28T20:13:30.000000Z,1.06443,1.06415
2015-07-28T20:13:40.000000Z,1.06437,1.06416
2015-07-28T20:14:00.000000Z,1.06436,1.06411
2015-07-28T20:14:40.000000Z,1.06443,1.06413
2015-07-28T20:14:50.000000Z,1.06446,1.0642
2015-07-28T20:15:00.000000Z,1.06447,1.06419
2015-07-28T20:15:30.000000Z,1.06444,1.06417
2015-07-28T20:16:00.000000Z,1.06441,1.06416
2015-07-28T20:16:10.000000Z,1.06439,1.06412
2015-07-28T20:16:30.000000Z,1.06463,1.06433
2015-07-28T20:16:40.000000Z,1.06461,1.06431
2015-07-28T20:16:50.000000Z,1.06463,1.06433
2015-07-28T20:17:00.000000Z,1.06462,1.06434
2015-07-28T20:17:10.000000Z,1.06465,1.06436
2015-07-28T20:18:00.000000Z,1.06461,1.06436
2015-07-28T20:18:50.000000Z,1.06442,1.06417
2015-07-28T20:19:10.000000Z,1.0644,1.06415
2015-07-28T20:19:30.000000Z,1.06432,1.06409
2015-07-28T20:19:40.000000Z,1.06433,1.06412
2015-07-28T20:20:00.000000Z,1.06433,1.06408
2015-07-28T20:20:50.000000Z,1.06429,1.06406
2015-07-28T20:21:40.000000Z,1.06431,1.06409
2015-07-28T20:22:40.000000Z,1.06431,1.06409
2015-07-28T20:22:50.000000Z,1.06431,1.06409
2015-07-28T20:26:40.000000Z,1.06437,1.06415
2015-07-28T20:27:00.000000Z,1.06441,1.0642
2015-07-28T20:27:30.000000Z,1.06438,1.06419
2015-07-28T20:27:50.000000Z,1.06436,1.06415
2015-07-28T20:29:50.000000Z,1.06446,1.06425
2015-07-28T20:30:00.000000Z,1.0645,1.06425
2015-07-28T20:31:00.000000Z,1.06449,1.06422
2015-07-28T20:32:20.000000Z,1.06445,1.06415
2015-07-28T20:32:30.000000Z,1.06439,1.0641
2015-07-28T20:33:10.000000Z,1.06435,1.0641
2015-07-28T20:33:50.000000Z,1.06437,1.06413
2015-07-28T20:35:10.000000Z,1.06437,1.06408
2015-07-28T20:38:00.000000Z,1.06437,1.06408
2015-07-28T20:38:20.000000Z,1.06435,1.06406
2015-07-28T20:38:30.000000Z,1.06437,1.06408
2015-07-28T20:39:20.000000Z,1.06432,1.06404
2015-07-28T20:39:30.000000Z,1.06434,1.06407
2015-07-28T20:39:40.000000Z,1.06433,1.06402
2015-07-28T20:40:20.000000Z,1.06434,1.06406
2015-07-28T20:40:40.000000Z,1.06435,1.06405
2015-07-28T20:40:50.000000Z,1.06439,1.06406
2015-07-28T20:41:00.000000Z,1.06435,1.06406
2015-07-28T20:43:50.000000Z,1.06439,1.0641
2015-07-28T20:44:40.000000Z,1.06446,1.0642
2015-07-28T20:44:50.000000Z,1.06446,1.06416
2015-07-28T20:46:00.000000Z,1.06443,1.06414
2015-07-28T20:46:10.000000Z,1.06445,1.06416
2015-07-28T20:47:30.000000Z,1.06447,1.06419
2015-07-28T20:48:40.000000Z,1.06444,1.06418
2015-07-28T20:49:10.000000Z,1.06447,1.06421
2015-07-28T20:49:30.000000Z,1.06448,1.0642
2015-07-28T20:49:50.000000Z,1.06445,1.06419
2015-07-28T20:50:00.000000Z,1.06443,1.06416
2015-07-28T20:50:20.000000Z,1.06446,1.06419
2015-07-28T20:50:40.000000Z,1.06444,1.06416
2015-07-28T20:50:50.000000Z,1.0644,1.06414
2015-07-28T20:51:30.000000Z,1.06443,1.06416
2015-07-28T20:52:00.000000Z,1.06449,1.0642
2015-07-28T20:52:50.000000Z,1.0645,1.06423
2015-07-28T20:53:10.000000Z,1.0645,1.06428
2015-07-28T20:53:20.000000Z,1.06456,1.06431
2015-07-28T20:53:30.000000Z,1.0645,1.06428
2015-07-28T20:53:40.000000Z,1.06453,1.0643
2015-07-28T20:54:00.000000Z,1.06449,1.06426
2015-07-28T20:54:20.000000Z,1.06458,1.06422
2015-07-28T20:55:00.000000Z,1.06455,1.06421
2015-07-28T20:56:00.000000Z,1.06452,1.06429
2015-07-28T20:56:10.000000Z,1.06456,1.06435
2015-07-28T20:56:20.000000Z,1.06453,1.06433
2015-07-28T20:57:10.000000Z,1.06461,1.06434
2015-07-28T20:57:20.000000Z,1.06461,1.06439
2015-07-28T20:57:50.000000Z,1.06465,1.0644
2015-07-28T20:58:00.000000Z,1.06471,1.06449
2015-07-28T20:58:10.000000Z,1.06472,1.06448
2015-07-28T20:58:20.000000Z,1.06476,1.06449
2015-07-28T20:58:40.000000Z,1.06478,1.06447
2015-07-28T20:58:50.000000Z,1.06486,1.0645
2015-07-28T20:59:00.000000Z,1.06485,1.06453
2015-07-28T20:59:20.000000Z,1.06482,1.06451
2015-07-28T20:59:40.000000Z,1.06476,1.06449
2015-07-28T21:01:30.000000Z,1.06508,1.06381
2015-07-28T21:01:40.000000Z,1.06508,1.06371
2015-07-28T21:01:50.000000Z,1.0651,1.06369
2015-07-28T21:02:10.000000Z,1.06488,1.06391
2015-07-28T21:03:00.000000Z,1.06513,1.06377
2015-07-28T21:04:00.000000Z,1.06514,1.06347
2015-07-28T21:04:20.000000Z,1.06513,1.06317
2015-07-28T21:04:30.000000Z,1.06511,1.06314
2015-07-28T21:05:00.000000Z,1.06532,1.06362
2015-07-28T21:05:10.000000Z,1.06521,1.06388
2015-07-28T21:05:20.000000Z,1.06514,1.06376
2015-07-28T21:05:30.000000Z,1.06496,1.06389
2015-07-28T21:05:40.000000Z,1.06519,1.06386
2015-07-28T21:06:00.000000Z,1.06512,1.0639
2015-07-28T21:06:10.000000Z,1.06509,1.06401
2015-07-28T21:07:00.000000Z,1.06515,1.06387
2015-07-28T21:08:20.000000Z,1.06499,1.06372
2015-07-28T21:08:40.000000Z,1.06492,1.06388
2015-07-28T21:09:20.000000Z,1.06514,1.06376
2015-07-28T21:10:00.000000Z,1.06522,1.06356
2015-07-28T21:12:10.000000Z,1.06502,1.06377
2015-07-28T21:13:00.000000Z,1.06512,1.06378
2015-07-28T21:13:20.000000Z,1.0651,1.06388
2015-07-28T21:13:40.000000Z,1.06512,1.06395
2015-07-28T21:14:00.000000Z,1.06508,1.06397
2015-07-28T21:14:10.000000Z,1.06506,1.06397
2015-07-28T21:15:00.000000Z,1.06507,1.06394
2015-07-28T21:16:00.000000Z,1.0651,1.06381
2015-07-28T21:16:30.000000Z,1.06508,1.06391
2015-07-28T21:18:10.000000Z,1.06504,1.06403
2015-07-28T21:22:30.000000Z,1.06523,1.06403
2015-07-28T21:22:50.000000Z,1.06524,1.0641
2015-07-28T21:28:40.000000Z,1.06522,1.0642
2015-07-28T21:30:00.000000Z,1.06519,1.06413
2015-07-28T21:30:10.000000Z,1.06525,1.06426
2015-07-28T21:30:20.000000Z,1.06513,1.06418
2015-07-28T21:33:10.000000Z,1.0653,1.06421
2015-07-28T21:33:30.000000Z,1.06533,1.06426
2015-07-28T21:33:40.000000Z,1.06546,1.06423
2015-07-28T21:34:00.000000Z,1.0657,1.06398
2015-07-28T21:34:20.000000Z,1.06553,1.06423
2015-07-28T21:34:40.000000Z,1.06548,1.06409
2015-07-28T21:34:50.000000Z,1.06561,1.06414
2015-07-28T21:35:10.000000Z,1.06526,1.06456
2015-07-28T21:35:20.000000Z,1.06535,1.06434
2015-07-28T21:35:30.000000Z,1.06529,1.06432
2015-07-28T21:37:00.000000Z,1.06529,1.06424
2015-07-28T21:37:40.000000Z,1.06524,1.06418
2015-07-28T21:40:30.000000Z,1.06523,1.06407
2015-07-28T21:40:50.000000Z,1.06545,1.06393
2015-07-28T21:42:30.000000Z,1.06524,1.06406
2015-07-28T21:44:40.000000Z,1.06534,1.06404
2015-07-28T21:44:50.000000Z,1.06534,1.0639
2015-07-28T21:45:10.000000Z,1.06534,1.06401
2015-07-28T21:47:10.000000Z,1.06528,1.06416
2015-07-28T21:47:20.000000Z,1.06527,1.06418
2015-07-28T21:47:30.000000Z,1.06533,1.0641
2015-07-28T21:48:20.000000Z,1.06527,1.06404
2015-07-28T21:49:00.000000Z,1.06512,1.06411
2015-07-28T21:49:50.000000Z,1.06514,1.06407
2015-07-28T21:50:00.000000Z,1.06513,1.06416
2015-07-28T21:50:20.000000Z,1.06502,1.06411
2015-07-28T21:50:30.000000Z,1.06497,1.06407
2015-07-28T21:50:50.000000Z,1.0649,1.06413
2015-07-28T21:51:40.000000Z,1.0648,1.06413
2015-07-28T21:52:20.000000Z,1.0648,1.0642
2015-07-28T21:54:40.000000Z,1.06537,1.06416
2015-07-28T21:54:50.000000Z,1.06537,1.06362
2015-07-28T21:55:10.000000Z,1.06524,1.06408
2015-07-28T21:55:20.000000Z,1.06507,1.06402
2015-07-28T21:55:30.000000Z,1.06508,1.0639
2015-07-28T21:55:40.000000Z,1.06516,1.06414
2015-07-28T21:58:30.000000Z,1.0651,1.06429
2015-07-28T21:59:00.000000Z,1.06505,1.06423
2015-07-28T22:00:00.000000Z,1.06508,1.06418
2015-07-28T22:00:10.000000Z,1.06502,1.0642
2015-07-28T22:00:20.000000Z,1.06509,1.06421
2015-07-28T22:00:30.000000Z,1.06515,1.06418
2015-07-28T22:00:40.000000Z,1.06518,1.06424
2015-07-28T22:01:20.000000Z,1.06507,1.06422
2015-07-28T22:01:30.000000Z,1.06497,1.06413
2015-07-28T22:02:10.000000Z,1.06495,1.06424
2015-07-28T22:02:30.000000Z,1.06509,1.0642
2015-07-28T22:03:10.000000Z,1.06503,1.06433
2015-07-28T22:03:40.000000Z,1.065,1.06428
2015-07-28T22:03:50.000000Z,1.06492,1.06429
2015-07-28T22:05:40.000000Z,1.0649,1.06423
2015-07-28T22:06:20.000000Z,1.06493,1.06427
2015-07-28T22:07:10.000000Z,1.06504,1.06434
2015-07-28T22:07:20.000000Z,1.06498,1.06431
2015-07-28T22:07:30.000000Z,1.06488,1.06418
2015-07-28T22:08:30.000000Z,1.06478,1.06414
2015-07-28T22:08:50.000000Z,1.06471,1.06403
2015-07-28T22:09:00.000000Z,1.06472,1.06409
2015-07-28T22:10:00.000000Z,1.06473,1.06408
2015-07-28T22:10:30.000000Z,1.06474,1.06401
2015-07-28T22:10:40.000000Z,1.06476,1.06406
2015-07-28T22:10:50.000000Z,1.06474,1.06399
2015-07-28T22:11:20.000000Z,1.06467,1.06396
2015-07-28T22:11:40.000000Z,1.06462,1.06402
2015-07-28T22:12:10.000000Z,1.06464,1.06394
2015-07-28T22:12:20.000000Z,1.06451,1.06383
2015-07-28T22:12:30.000000Z,1.06447,1.06382
2015-07-28T22:12:40.000000Z,1.06449,1.06391
2015-07-28T22:12:50.000000Z,1.0645,1.06383
2015-07-28T22:13:00.000000Z,1.06446,1.0638
2015-07-28T22:13:10.000000Z,1.06432,1.06373
2015-07-28T22:13:30.000000Z,1.06442,1.06377
2015-07-28T22:15:50.000000Z,1.06435,1.06378
2015-07-28T22:16:10.000000Z,1.06434,1.06372
2015-07-28T22:17:00.000000Z,1.06432,1.06361
2015-07-28T22:18:00.000000Z,1.06431,1.06369
2015-07-28T22:19:00.000000Z,1.0644,1.06368
2015-07-28T22:19:40.000000Z,1.06435,1.06366
2015-07-28T22:20:10.000000Z,1.06439,1.06369
2015-07-28T22:20:20.000000Z,1.06434,1.06363
2015-07-28T22:21:00.000000Z,1.06434,1.06375
2015-07-28T22:22:40.000000Z,1.06443,1.06373
2015-07-28T22:23:00.000000Z,1.06438,1.06378
2015-07-28T22:23:30.000000Z,1.06444,1.06379
2015-07-28T22:24:00.000000Z,1.06456,1.06383
2015-07-28T22:24:10.000000Z,1.06451,1.06387
2015-07-28T22:25:30.000000Z,1.06465,1.06381
2015-07-28T22:32:20.000000Z,1.06475,1.06405
2015-07-28T22:37:30.000000Z,1.06479,1.06415
2015-07-28T22:39:30.000000Z,1.06483,1.06418
2015-07-28T22:40:50.000000Z,1.06489,1.0642
2015-07-28T22:41:50.000000Z,1.06492,1.06416
2015-07-28T22:42:00.000000Z,1.06472,1.06417
2015-07-28T22:43:10.000000Z,1.06458,1.06403
2015-07-28T22:44:50.000000Z,1.06454,1.06401
2015-07-28T22:45:50.000000Z,1.06455,1.06405
2015-07-28T22:47:00.000000Z,1.06463,1.06404
2015-07-28T22:47:10.000000Z,1.06466,1.06407
2015-07-28T22:50:20.000000Z,1.06475,1.06413
2015-07-28T22:50:30.000000Z,1.06472,1.06409
2015-07-28T22:52:10.000000Z,1.06462,1.06407
2015-07-28T22:52:30.000000Z,1.06467,1.06412
2015-07-28T22:52:50.000000Z,1.06466,1.06407
2015-07-28T22:53:00.000000Z,1.06456,1.06396
2015-07-28T22:54:00.000000Z,1.0647,1.06397
2015-07-28T22:55:00.000000Z,1.06472,1.06402
2015-07-28T22:55:10.000000Z,1.06461,1.06398
2015-07-28T22:55:40.000000Z,1.06468,1.06398
2015-07-28T22:55:50.000000Z,1.06471,1.06402
2015-07-28T22:56:00.000000Z,1.06475,1.06406
2015-07-28T22:56:10.000000Z,1.0647,1.06401
2015-07-28T22:56:40.000000Z,1.06473,1.06405
2015-07-28T22:56:50.000000Z,1.06469,1.06402
2015-07-28T22:57:10.000000Z,1.06463,1.06401
2015-07-28T22:58:10.000000Z,1.06461,1.06398
2015-07-28T22:58:20.000000Z,1.06457,1.06401
2015-07-28T22:58:40.000000Z,1.06461,1.06403
2015-07-28T23:00:00.000000Z,1.06454,1.06398
2015-07-28T23:00:10.000000Z,1.06445,1.06397
2015-07-28T23:00:50.000000Z,1.06442,1.06387
2015-07-28T23:02:00.000000Z,1.06452,1.06392
2015-07-28T23:02:10.000000Z,1.0646,1.0641
2015-07-28T23:02:40.000000Z,1.06455,1.0641
2015-07-28T23:04:00.000000Z,1.06464,1.06413
2015-07-28T23:04:10.000000Z,1.06465,1.06419
2015-07-28T23:05:20.000000Z,1.06458,1.06411
2015-07-28T23:06:20.000000Z,1.06457,1.06417
2015-07-28T23:07:00.000000Z,1.06455,1.06414
2015-07-28T23:08:20.000000Z,1.06454,1.0641
2015-07-28T23:08:50.000000Z,1.06458,1.06412
2015-07-28T23:09:00.000000Z,1.06459,1.06416
2015-07-28T23:12:00.000000Z,1.06463,1.06418
2015-07-28T23:12:20.000000Z,1.0646,1.06416
2015-07-28T23:13:10.000000Z,1.06453,1.06412
2015-07-28T23:13:30.000000Z,1.06453,1.06413
2015-07-28T23:13:40.000000Z,1.0645,1.06405
2015-07-28T23:13:50.000000Z,1.06451,1.0641
2015-07-28T23:14:00.000000Z,1.06448,1.06413
2015-07-28T23:14:10.000000Z,1.06442,1.06411
2015-07-28T23:14:20.000000Z,1.0644,1.06402
2015-07-28T23:14:30.000000Z,1.06444,1.06403
2015-07-28T23:14:50.000000Z,1.06446,1.06406
2015-07-28T23:15:00.000000Z,1.06444,1.06403
2015-07-28T23:15:10.000000Z,1.06454,1.0641
2015-07-28T23:15:20.000000Z,1.06443,1.06401
2015-07-28T23:15:40.000000Z,1.06445,1.06404
2015-07-28T23:18:10.000000Z,1.06443,1.06401
2015-07-28T23:18:20.000000Z,1.0644,1.06397
2015-07-28T23:19:30.000000Z,1.06436,1.06397
2015-07-28T23:19:40.000000Z,1.0643,1.06388
2015-07-28T23:21:40.000000Z,1.06435,1.06388
2015-07-28T23:22:20.000000Z,1.06443,1.06392
2015-07-28T23:24:30.000000Z,1.06448,1.06393
2015-07-28T23:25:20.000000Z,1.06457,1.06402
2015-07-28T23:27:00.000000Z,1.06458,1.06407
2015-07-28T23:27:10.000000Z,1.06431,1.06386
2015-07-28T23:27:20.000000Z,1.0643,1.06376
2015-07-28T23:27:30.000000Z,1.06418,1.0637
2015-07-28T23:27:40.000000Z,1.06408,1.06371
2015-07-28T23:28:00.000000Z,1.06417,1.06383
2015-07-28T23:28:20.000000Z,1.06424,1.06391
2015-07-28T23:28:30.000000Z,1.06419,1.06386
2015-07-28T23:28:40.000000Z,1.06417,1.06383
2015-07-28T23:29:00.000000Z,1.06427,1.06394
2015-07-28T23:29:10.000000Z,1.06428,1.06393
2015-07-28T23:29:30.000000Z,1.06427,1.06388
2015-07-28T23:30:10.000000Z,1.06422,1.06383
2015-07-28T23:30:50.000000Z,1.06417,1.06384
2015-07-28T23:31:00.000000Z,1.06425,1.06382
2015-07-28T23:31:30.000000Z,1.06422,1.0638
2015-07-28T23:31:40.000000Z,1.06419,1.06379
2015-07-28T23:32:20.000000Z,1.06414,1.06379
2015-07-28T23:33:50.000000Z,1.06408,1.06374
2015-07-28T23:34:00.000000Z,1.0641,1.06377
2015-07-28T23:35:00.000000Z,1.0642,1.06379
2015-07-28T23:35:10.000000Z,1.06416,1.06377
2015-07-28T23:35:20.000000Z,1.06414,1.06374
2015-07-28T23:35:30.000000Z,1.0641,1.06374
2015-07-28T23:35:40.000000Z,1.06415,1.06378
2015-07-28T23:36:00.000000Z,1.06417,1.0638
2015-07-28T23:36:30.000000Z,1.06423,1.06384
2015-07-28T23:37:30.000000Z,1.06421,1.0639
2015-07-28T23:37:50.000000Z,1.06416,1.06384
2015-07-28T23:38:30.000000Z,1.06416,1.0638
2015-07-28T23:38:40.000000Z,1.06416,1.06384
2015-07-28T23:40:10.000000Z,1.06419,1.06387
2015-07-28T23:40:50.000000Z,1.06415,1.06386
2015-07-28T23:41:10.000000Z,1.06424,1.06394
2015-07-28T23:41:30.000000Z,1.06426,1.06397
2015-07-28T23:42:00.000000Z,1.06413,1.06385
2015-07-28T23:42:30.000000Z,1.06416,1.06386
2015-07-28T23:43:00.000000Z,1.06414,1.06384
2015-07-28T23:44:00.000000Z,1.06418,1.06385
2015-07-28T23:44:50.000000Z,1.0642,1.06387
2015-07-28T23:45:00.000000Z,1.0642,1.06383
2015-07-28T23:46:30.000000Z,1.06415,1.06383
2015-07-28T23:46:50.000000Z,1.0641,1.06379
2015-07-28T23:49:50.000000Z,1.06411,1.06374
2015-07-28T23:50:10.000000Z,1.0641,1.06379
2015-07-28T23:50:30.000000Z,1.06417,1.06382
2015-07-28T23:51:00.000000Z,1.06413,1.06381
2015-07-28T23:51:10.000000Z,1.06411,1.06378
2015-07-28T23:52:10.000000Z,1.06413,1.0638
2015-07-28T23:54:10.000000Z,1.06415,1.06383
2015-07-28T23:55:00.000000Z,1.06421,1.06386
2015-07-28T23:55:20.000000Z,1.0643,1.06391
2015-07-28T23:55:40.000000Z,1.06431,1.06394
2015-07-28T23:56:10.000000Z,1.06425,1.06392
2015-07-28T23:56:20.000000Z,1.06422,1.06391
2015-07-28T23:57:40.000000Z,1.06431,1.06397
2015-07-28T23:58:20.000000Z,1.06433,1.064
2015-07-28T23:58:30.000000Z,1.06431,1.06397
2015-07-28T23:58:40.000000Z,1.06428,1.0639
2015-07-28T23:59:20.000000Z,1.06422,1.06391
2015-07-28T23:59:30.000000Z,1.06421,1.06387
2015-07-29T00:00:00.000000Z,1.06413,1.06381
2015-07-29T00:00:10.000000Z,1.06419,1.06385
2015-07-29T00:00:20.000000Z,1.06416,1.06386
2015-07-29T00:00:40.000000Z,1.06418,1.0639
2015-07-29T00:01:00.000000Z,1.06422,1.06392
2015-07-29T00:01:20.000000Z,1.06427,1.06398
2015-07-29T00:01:30.000000Z,1.06424,1.06395
2015-07-29T00:01:50.000000Z,1.06422,1.06392
2015-07-29T00:02:00.000000Z,1.06426,1.06393
2015-07-29T00:02:20.000000Z,1.0642,1.06389
2015-07-29T00:03:10.000000Z,1.0642,1.06383
2015-07-29T00:03:30.000000Z,1.06418,1.06381
2015-07-29T00:04:10.000000Z,1.06417,1.06377
2015-07-29T00:04:20.000000Z,1.06425,1.06389
2015-07-29T00:04:30.000000Z,1.06421,1.06389
2015-07-29T00:04:40.000000Z,1.06426,1.06393
2015-07-29T00:04:50.000000Z,1.06427,1.06392
2015-07-29T00:05:00.000000Z,1.06424,1.06391
2015-07-29T00:05:10.000000Z,1.06425,1.06387
2015-07-29T00:05:30.000000Z,1.06437,1.06403
2015-07-29T00:06:10.000000Z,1.06432,1.06404
2015-07-29T00:06:30.000000Z,1.06429,1.06402
2015-07-29T00:06:50.000000Z,1.06436,1.06404
2015-07-29T00:07:00.000000Z,1.06435,1.064
2015-07-29T00:07:30.000000Z,1.06438,1.06407
2015-07-29T00:07:40.000000Z,1.0644,1.0641
2015-07-29T00:07:50.000000Z,1.06438,1.06402
2015-07-29T00:09:00.000000Z,1.06437,1.06407
2015-07-29T00:09:30.000000Z,1.06436,1.06403
2015-07-29T00:09:50.000000Z,1.0643,1.06399
2015-07-29T00:10:20.000000Z,1.06434,1.06399
2015-07-29T00:10:30.000000Z,1.06437,1.06402
2015-07-29T00:10:50.000000Z,1.06433,1.06395
2015-07-29T00:11:10.000000Z,1.06425,1.06395
2015-07-29T00:11:20.000000Z,1.06428,1.06397
2015-07-29T00:11:50.000000Z,1.06427,1.06393
2015-07-29T00:12:00.000000Z,1.06421,1.06389
2015-07-29T00:12:10.000000Z,1.06419,1.06382
2015-07-29T00:12:20.000000Z,1.06423,1.06383
2015-07-29T00:12:30.000000Z,1.06421,1.0639
2015-07-29T00:12:40.000000Z,1.0643,1.06397
2015-07-29T00:12:50.000000Z,1.06426,1.06396
2015-07-29T00:13:10.000000Z,1.06424,1.06393
2015-07-29T00:13:20.000000Z,1.06421,1.06391
2015-07-29T00:13:30.000000Z,1.06419,1.06389
2015-07-29T00:13:40.000000Z,1.0642,1.06387
2015-07-29T00:13:50.000000Z,1.06423,1.06389
2015-07-29T00:14:00.000000Z,1.06422,1.06386
2015-07-29T00:14:10.000000Z,1.06421,1.06386
2015-07-29T00:14:30.000000Z,1.06418,1.06379
2015-07-29T00:14:40.000000Z,1.06411,1.06375
2015-07-29T00:14:50.000000Z,1.06427,1.06393
2015-07-29T00:15:00.000000Z,1.06427,1.06393
2015-07-29T00:15:30.000000Z,1.06425,1.06391
2015-07-29T00:15:50.000000Z,1.06438,1.06402
2015-07-29T00:16:00.000000Z,1.06441,1.06409
2015-07-29T00:16:10.000000Z,1.06438,1.06406
2015-07-29T00:16:20.000000Z,1.06438,1.06407
2015-07-29T00:16:30.000000Z,1.06445,1.06409
2015-07-29T00:16:40.000000Z,1.0645,1.0641
2015-07-29T00:16:50.000000Z,1.06454,1.06411
2015-07-29T00:17:00.000000Z,1.06448,1.06411
2015-07-29T00:17:10.000000Z,1.06447,1.06412
2015-07-29T00:17:20.000000Z,1.0645,1.06414
2015-07-29T00:17:40.000000Z,1.06446,1.06413
2015-07-29T00:17:50.000000Z,1.06446,1.06417
2015-07-29T00:18:00.000000Z,1.06455,1.06424
2015-07-29T00:18:10.000000Z,1.06453,1.0642
2015-07-29T00:18:20.000000Z,1.06453,1.0642
2015-07-29T00:18:40.000000Z,1.06451,1.06421
2015-07-29T00:18:50.000000Z,1.06456,1.06426
2015-07-29T00:19:00.000000Z,1.06472,1.06438
2015-07-29T00:19:10.000000Z,1.06464,1.06433
2015-07-29T00:19:20.000000Z,1.06459,1.06429
2015-07-29T00:19:30.000000Z,1.06449,1.0642
2015-07-29T00:19:40.000000Z,1.06448,1.06415
2015-07-29T00:19:50.000000Z,1.06451,1.06421
2015-07-29T00:20:10.000000Z,1.06449,1.06419
2015-07-29T00:20:20.000000Z,1.06446,1.06413
2015-07-29T00:20:30.000000Z,1.06451,1.06417
2015-07-29T00:20:40.000000Z,1.06447,1.06417
2015-07-29T00:21:00.000000Z,1.06455,1.06424
2015-07-29T00:21:10.000000Z,1.06455,1.06424
2015-07-29T00:21:30.000000Z,1.06458,1.06426
2015-07-29T00:22:30.000000Z,1.06467,1.06437
2015-07-29T00:22:40.000000Z,1.06476,1.06447
2015-07-29T00:23:00.000000Z,1.06484,1.06453
2015-07-29T00:23:10.000000Z,1.06479,1.06448
2015-07-29T00:23:40.000000Z,1.06483,1.06448
2015-07-29T00:24:00.000000Z,1.06478,1.06449
2015-07-29T00:24:20.000000Z,1.06476,1.06446
2015-07-29T00:25:10.000000Z,1.06473,1.0644
2015-07-29T00:25:20.000000Z,1.0647,1.06438
2015-07-29T00:25:30.000000Z,1.06468,1.06435
2015-07-29T00:25:40.000000Z,1.06464,1.06427
2015-07-29T00:25:50.000000Z,1.06467,1.06435
2015-07-29T00:26:10.000000Z,1.06468,1.06438
2015-07-29T00:26:30.000000Z,1.06465,1.06436
2015-07-29T00:26:40.000000Z,1.06468,1.06437
2015-07-29T00:27:40.000000Z,1.06458,1.06429
2015-07-29T00:28:00.000000Z,1.06458,1.06429
2015-07-29T00:28:10.000000Z,1.06459,1.06428
2015-07-29T00:29:10.000000Z,1.06457,1.06426
2015-07-29T00:29:20.000000Z,1.06459,1.06428
2015-07-29T00:29:30.000000Z,1.06461,1.06431
2015-07-29T00:29:50.000000Z,1.06459,1.06429
2015-07-29T00:30:00.000000Z,1.06461,1.06431
2015-07-29T00:31:00.000000Z,1.06452,1.06421
2015-07-29T00:31:10.000000Z,1.06448,1.06416
2015-07-29T00:31:40.000000Z,1.06441,1.06409
2015-07-29T00:32:10.000000Z,1.06438,1.06406
2015-07-29T00:32:20.000000Z,1.06443,1.06411
2015-07-29T00:32:40.000000Z,1.06446,1.06413
2015-07-29T00:35:10.000000Z,1.06445,1.06414
2015-07-29T00:36:10.000000Z,1.06447,1.06421
2015-07-29T00:36:20.000000Z,1.06455,1.06422
2015-07-29T00:37:10.000000Z,1.06446,1.06411
2015-07-29T00:37:20.000000Z,1.06452,1.06419
2015-07-29T00:37:50.000000Z,1.06454,1.06426
2015-07-29T00:38:00.000000Z,1.06453,1.06422
2015-07-29T00:39:10.000000Z,1.06461,1.0643
2015-07-29T00:39:20.000000Z,1.06473,1.06443
2015-07-29T00:39:50.000000Z,1.06474,1.06447
2015-07-29T00:40:00.000000Z,1.06475,1.06444
2015-07-29T00:40:20.000000Z,1.06474,1.06442
2015-07-29T00:41:00.000000Z,1.06482,1.06452
2015-07-29T00:41:10.000000Z,1.06479,1.06451
2015-07-29T00:41:30.000000Z,1.06477,1.06448
2015-07-29T00:41:40.000000Z,1.0648,1.06449
2015-07-29T00:41:50.000000Z,1.0647,1.06439
2015-07-29T00:42:00.000000Z,1.06468,1.06436
2015-07-29T00:42:10.000000Z,1.06468,1.06435
2015-07-29T00:42:30.000000Z,1.06472,1.06437
2015-07-29T00:42:50.000000Z,1.06469,1.06436
2015-07-29T00:43:00.000000Z,1.06465,1.06435
2015-07-29T00:43:10.000000Z,1.06469,1.06436
2015-07-29T00:43:30.000000Z,1.06463,1.06432
2015-07-29T00:43:40.000000Z,1.06463,1.06432
2015-07-29T00:44:20.000000Z,1.06456,1.06427
2015-07-29T00:44:30.000000Z,1.06453,1.06424
2015-07-29T00:45:00.000000Z,1.06452,1.0642
2015-07-29T00:45:10.000000Z,1.06444,1.06413
2015-07-29T00:45:20.000000Z,1.06451,1.06419
2015-07-29T00:45:40.000000Z,1.06455,1.06424
2015-07-29T00:46:00.000000Z,1.06457,1.06427
2015-07-29T00:46:40.000000Z,1.06453,1.06422
2015-07-29T00:47:10.000000Z,1.06452,1.06423
2015-07-29T00:48:10.000000Z,1.06451,1.0642
2015-07-29T00:48:30.000000Z,1.06452,1.06423
2015-07-29T00:48:40.000000Z,1.06455,1.06424
2015-07-29T00:49:00.000000Z,1.06458,1.06426
2015-07-29T00:49:10.000000Z,1.06453,1.06427
2015-07-29T00:49:30.000000Z,1.06458,1.06426
2015-07-29T00:49:50.000000Z,1.06454,1.06426
2015-07-29T00:50:00.000000Z,1.06451,1.0642
2015-07-29T00:50:20.000000Z,1.06451,1.06416
2015-07-29T00:50:30.000000Z,1.06452,1.0642
2015-07-29T00:50:40.000000Z,1.0645,1.0642
2015-07-29T00:51:20.000000Z,1.06453,1.06422
2015-07-29T00:51:30.000000Z,1.06456,1.06424
2015-07-29T00:52:20.000000Z,1.06449,1.06418
2015-07-29T00:52:30.000000Z,1.06444,1.06413
2015-07-29T00:52:50.000000Z,1.06447,1.06416
2015-07-29T00:53:20.000000Z,1.06449,1.06419
2015-07-29T00:53:30.000000Z,1.06455,1.06422
2015-07-29T00:53:40.000000Z,1.06452,1.06421
2015-07-29T00:53:50.000000Z,1.06449,1.0642
2015-07-29T00:54:10.000000Z,1.06455,1.06422
2015-07-29T00:54:40.000000Z,1.06466,1.0643
2015-07-29T00:54:50.000000Z,1.06463,1.06424
2015-07-29T00:55:00.000000Z,1.06447,1.06417
2015-07-29T00:55:10.000000Z,1.06449,1.06414
2015-07-29T00:55:20.000000Z,1.06456,1.06412
2015-07-29T00:55:30.000000Z,1.06436,1.06406
2015-07-29T00:55:50.000000Z,1.06441,1.0641
2015-07-29T00:56:10.000000Z,1.06442,1.06414
2015-07-29T00:56:20.000000Z,1.06452,1.0642
2015-07-29T00:56:30.000000Z,1.06442,1.06413
2015-07-29T00:56:40.000000Z,1.0645,1.06418
2015-07-29T00:57:10.000000Z,1.06456,1.06421
2015-07-29T00:57:20.000000Z,1.06455,1.06417
2015-07-29T00:57:30.000000Z,1.06445,1.06418
2015-07-29T00:57:50.000000Z,1.0645,1.06418
2015-07-29T00:58:40.000000Z,1.0645,1.06414
2015-07-29T00:58:50.000000Z,1.06434,1.06397
2015-07-29T00:59:00.000000Z,1.0644,1.06407
2015-07-29T00:59:50.000000Z,1.06444,1.06413
2015-07-29T01:00:00.000000Z,1.06451,1.06414
2015-07-29T01:00:10.000000Z,1.06446,1.06416
2015-07-29T01:00:20.000000Z,1.06443,1.06413
2015-07-29T01:00:40.000000Z,1.06447,1.06419
2015-07-29T01:00:50.000000Z,1.06449,1.0642
2015-07-29T01:01:00.000000Z,1.06437,1.06406
2015-07-29T01:01:50.000000Z,1.06441,1.0641
2015-07-29T01:02:00.000000Z,1.06427,1.06399
2015-07-29T01:02:10.000000Z,1.06418,1.06389
2015-07-29T01:02:20.000000Z,1.06409,1.0638
2015-07-29T01:02:30.000000Z,1.06406,1.06374
2015-07-29T01:02:40.000000Z,1.06399,1.06366
2015-07-29T01:02:50.000000Z,1.06408,1.06373
2015-07-29T01:03:00.000000Z,1.06412,1.06379
2015-07-29T01:03:10.000000Z,1.06417,1.06378
2015-07-29T01:03:20.000000Z,1.06423,1.06383
2015-07-29T01:03:30.000000Z,1.06411,1.06377
2015-07-29T01:04:00.000000Z,1.06426,1.06382
2015-07-29T01:04:10.000000Z,1.06424,1.06388
2015-07-29T01:04:20.000000Z,1.06431,1.06391
2015-07-29T01:04:30.000000Z,1.06433,1.06393
2015-07-29T01:04:40.000000Z,1.06436,1.06396
2015-07-29T01:04:50.000000Z,1.06437,1.064
2015-07-29T01:05:10.000000Z,1.06431,1.06396
2015-07-29T01:05:20.000000Z,1.06436,1.06397
2015-07-29T01:05:30.000000Z,1.06434,1.06395
2015-07-29T01:05:40.000000Z,1.06429,1.06395
2015-07-29T01:06:10.000000Z,1.06429,1.06399
2015-07-29T01:06:30.000000Z,1.06428,1.06395
2015-07-29T01:06:40.000000Z,1.06426,1.06389
2015-07-29T01:06:50.000000Z,1.06423,1.06387
2015-07-29T01:07:30.000000Z,1.06417,1.06384
2015-07-29T01:07:40.000000Z,1.06418,1.06387
2015-07-29T01:07:50.000000Z,1.06432,1.06402
2015-07-29T01:08:00.000000Z,1.0643,1.06399
2015-07-29T01:09:10.000000Z,1.06428,1.06396
2015-07-29T01:09:50.000000Z,1.06426,1.06393
2015-07-29T01:10:50.000000Z,1.06426,1.06397
2015-07-29T01:11:00.000000Z,1.06436,1.06402
2015-07-29T01:11:10.000000Z,1.06441,1.06407
2015-07-29T01:11:30.000000Z,1.06447,1.06413
2015-07-29T01:11:40.000000Z,1.0645,1.06416
2015-07-29T01:11:50.000000Z,1.06459,1.06421
2015-07-29T01:12:00.000000Z,1.0646,1.06424
2015-07-29T01:12:10.000000Z,1.06459,1.06425
2015-07-29T01:12:40.000000Z,1.06453,1.06426
2015-07-29T01:13:00.000000Z,1.06456,1.06428
2015-07-29T01:13:40.000000Z,1.06468,1.06437
2015-07-29T01:14:00.000000Z,1.06469,1.06437
2015-07-29T01:14:10.000000Z,1.06465,1.06437
2015-07-29T01:14:20.000000Z,1.06474,1.06438
2015-07-29T01:14:30.000000Z,1.06484,1.06447
2015-07-29T01:14:40.000000Z,1.06477,1.0645
2015-07-29T01:15:00.000000Z,1.06478,1.06449
2015-07-29T01:15:20.000000Z,1.0647,1.06443
2015-07-29T01:15:30.000000Z,1.06476,1.06446
2015-07-29T01:15:40.000000Z,1.06461,1.06428
2015-07-29T01:16:00.000000Z,1.06457,1.06422
2015-07-29T01:16:10.000000Z,1.06446,1.06418
2015-07-29T01:16:20.000000Z,1.06453,1.0642
2015-07-29T01:16:40.000000Z,1.06455,1.06423
2015-07-29T01:16:50.000000Z,1.06464,1.06429
2015-07-29T01:17:00.000000Z,1.06458,1.06427
2015-07-29T01:17:30.000000Z,1.06451,1.0642
2015-07-29T01:17:40.000000Z,1.06454,1.06421
2015-07-29T01:18:00.000000Z,1.06453,1.06418
2015-07-29T01:18:30.000000Z,1.06453,1.06418
2015-07-29T01:18:50.000000Z,1.06449,1.06417
2015-07-29T01:19:00.000000Z,1.06446,1.06415
2015-07-29T01:19:20.000000Z,1.06448,1.06418
2015-07-29T01:19:30.000000Z,1.06453,1.06422
2015-07-29T01:19:40.000000Z,1.06457,1.06423
2015-07-29T01:19:50.000000Z,1.06451,1.06424
2015-07-29T01:20:10.000000Z,1.06457,1.06423
2015-07-29T01:20:20.000000Z,1.06454,1.06422
2015-07-29T01:20:50.000000Z,1.06452,1.06419
2015-07-29T01:21:10.000000Z,1.06458,1.06425
2015-07-29T01:21:20.000000Z,1.06455,1.06423
2015-07-29T01:21:30.000000Z,1.06453,1.06416
2015-07-29T01:21:40.000000Z,1.06452,1.06416
2015-07-29T01:22:50.000000Z,1.06459,1.06418
2015-07-29T01:23:00.000000Z,1.0646,1.06416
2015-07-29T01:24:00.000000Z,1.0646,1.06416
2015-07-29T01:24:10.000000Z,1.06457,1.06413
2015-07-29T01:24:30.000000Z,1.0646,1.06415
2015-07-29T01:25:10.000000Z,1.06463,1.06418
2015-07-29T01:25:30.000000Z,1.06459,1.06417
2015-07-29T01:25:40.000000Z,1.06455,1.06416
2015-07-29T01:25:50.000000Z,1.06455,1.06411
2015-07-29T01:26:00.000000Z,1.06453,1.06417
2015-07-29T01:26:10.000000Z,1.06445,1.06408
2015-07-29T01:26:20.000000Z,1.06433,1.06406
2015-07-29T01:26:30.000000Z,1.0643,1.06404
2015-07-29T01:26:40.000000Z,1.06434,1.06405
2015-07-29T01:26:50.000000Z,1.06441,1.06407
2015-07-29T01:27:10.000000Z,1.06443,1.06411
2015-07-29T01:27:20.000000Z,1.06448,1.06415
2015-07-29T01:27:30.000000Z,1.06451,1.06421
2015-07-29T01:27:40.000000Z,1.06452,1.06421
2015-07-29T01:28:00.000000Z,1.06448,1.0642
2015-07-29T01:28:30.000000Z,1.06451,1.06422
2015-07-29T01:29:10.000000Z,1.06452,1.06421
2015-07-29T01:29:20.000000Z,1.06459,1.06428
2015-07-29T01:29:30.000000Z,1.06462,1.06428
2015-07-29T01:29:40.000000Z,1.06461,1.06434
2015-07-29T01:29:50.000000Z,1.06459,1.06431
2015-07-29T01:30:00.000000Z,1.0646,1.06425
2015-07-29T01:30:40.000000Z,1.06437,1.06403
2015-07-29T01:30:50.000000Z,1.06444,1.0641
2015-07-29T01:31:00.000000Z,1.0644,1.0641
2015-07-29T01:31:10.000000Z,1.06446,1.06417
2015-07-29T01:31:50.000000Z,1.06448,1.0642
2015-07-29T01:32:00.000000Z,1.06454,1.0642
2015-07-29T01:32:20.000000Z,1.06448,1.06415
2015-07-29T01:34:30.000000Z,1.0645,1.06418
2015-07-29T01:34:40.000000Z,1.06448,1.06416
2015-07-29T01:35:20.000000Z,1.0645,1.06418
2015-07-29T01:35:30.000000Z,1.06456,1.06426
2015-07-29T01:35:50.000000Z,1.06472,1.06436
2015-07-29T01:36:00.000000Z,1.06483,1.06444
2015-07-29T01:36:10.000000Z,1.06479,1.06448
2015-07-29T01:36:30.000000Z,1.06477,1.06445
2015-07-29T01:36:40.000000Z,1.06482,1.06451
2015-07-29T01:36:50.000000Z,1.06479,1.0645
2015-07-29T01:37:10.000000Z,1.06479,1.06454
2015-07-29T01:37:20.000000Z,1.06478,1.0645
2015-07-29T01:37:40.000000Z,1.06481,1.06452
2015-07-29T01:38:00.000000Z,1.06478,1.06449
2015-07-29T01:38:20.000000Z,1.06483,1.06453
2015-07-29T01:38:30.000000Z,1.06481,1.06451
2015-07-29T01:38:40.000000Z,1.06484,1.06452
2015-07-29T01:38:50.000000Z,1.06482,1.0645
2015-07-29T01:39:10.000000Z,1.06484,1.06452
2015-07-29T01:39:50.000000Z,1.06488,1.06457
2015-07-29T01:40:00.000000Z,1.06491,1.06455
2015-07-29T01:40:50.000000Z,1.0649,1.0646
2015-07-29T01:41:00.000000Z,1.06492,1.06463
2015-07-29T01:41:20.000000Z,1.06492,1.06459
2015-07-29T01:41:40.000000Z,1.06486,1.06456
2015-07-29T01:42:10.000000Z,1.06488,1.06458
2015-07-29T01:44:20.000000Z,1.06486,1.0646
2015-07-29T01:44:50.000000Z,1.06489,1.06461
2015-07-29T01:45:30.000000Z,1.06492,1.06463
2015-07-29T01:46:00.000000Z,1.0649,1.06461
2015-07-29T01:46:10.000000Z,1.065,1.06469
2015-07-29T01:46:30.000000Z,1.06496,1.06468
2015-07-29T01:47:10.000000Z,1.06494,1.06466
2015-07-29T01:47:20.000000Z,1.06496,1.06468
2015-07-29T01:48:30.000000Z,1.06494,1.06466
2015-07-29T01:49:00.000000Z,1.06492,1.06463
2015-07-29T01:50:10.000000Z,1.06491,1.0646
2015-07-29T01:52:10.000000Z,1.06495,1.06465
2015-07-29T01:52:20.000000Z,1.06494,1.06466
2015-07-29T01:52:50.000000Z,1.06493,1.06463
2015-07-29T01:54:20.000000Z,1.06494,1.06466
2015-07-29T01:54:30.000000Z,1.06492,1.06463
2015-07-29T01:55:20.000000Z,1.06492,1.06463
2015-07-29T01:55:30.000000Z,1.06494,1.06465
2015-07-29T01:57:10.000000Z,1.06491,1.06463
2015-07-29T01:57:30.000000Z,1.06489,1.06459
2015-07-29T01:58:00.000000Z,1.06491,1.06463
2015-07-29T01:58:10.000000Z,1.06493,1.06466
2015-07-29T01:58:20.000000Z,1.06497,1.06468
2015-07-29T01:58:30.000000Z,1.06493,1.06466
2015-07-29T01:59:20.000000Z,1.06493,1.0646
2015-07-29T01:59:50.000000Z,1.06489,1.06459
2015-07-29T02:00:10.000000Z,1.06486,1.06453
2015-07-29T02:00:40.000000Z,1.06483,1.06452
2015-07-29T02:01:10.000000Z,1.06486,1.06453
2015-07-29T02:02:20.000000Z,1.06459,1.06427
2015-07-29T02:02:30.000000Z,1.0645,1.06421
2015-07-29T02:02:50.000000Z,1.06446,1.06414
2015-07-29T02:03:00.000000Z,1.06455,1.06427
2015-07-29T02:03:10.000000Z,1.06462,1.06427
2015-07-29T02:03:20.000000Z,1.06472,1.06443
2015-07-29T02:03:30.000000Z,1.06471,1.0644
2015-07-29T02:04:10.000000Z,1.06476,1.06445
2015-07-29T02:04:40.000000Z,1.06474,1.06442
2015-07-29T02:04:50.000000Z,1.06476,1.06448
2015-07-29T02:05:00.000000Z,1.06474,1.0644
2015-07-29T02:05:20.000000Z,1.06472,1.0644
2015-07-29T02:05:40.000000Z,1.06467,1.06435
2015-07-29T02:05:50.000000Z,1.06458,1.06429
2015-07-29T02:06:00.000000Z,1.06468,1.06437
2015-07-29T02:06:10.000000Z,1.06475,1.06445
2015-07-29T02:06:20.000000Z,1.06477,1.06443
2015-07-29T02:06:40.000000Z,1.06473,1.06441
2015-07-29T02:07:00.000000Z,1.06468,1.0644
2015-07-29T02:07:10.000000Z,1.06475,1.06447
2015-07-29T02:07:20.000000Z,1.06474,1.06444
2015-07-29T02:07:30.000000Z,1.06478,1.06448
2015-07-29T02:07:40.000000Z,1.06478,1.06443
2015-07-29T02:08:20.000000Z,1.06459,1.06429
2015-07-29T02:08:30.000000Z,1.06472,1.06441
2015-07-29T02:08:40.000000Z,1.06474,1.06443
2015-07-29T02:08:50.000000Z,1.06472,1.06441
2015-07-29T02:09:00.000000Z,1.06475,1.06442
2015-07-29T02:09:20.000000Z,1.06449,1.06422
2015-07-29T02:09:30.000000Z,1.06438,1.06409
2015-07-29T02:10:10.000000Z,1.06432,1.06404
2015-07-29T02:10:30.000000Z,1.06433,1.06403
2015-07-29T02:11:40.000000Z,1.06428,1.06398
2015-07-29T02:12:10.000000Z,1.06432,1.06399
2015-07-29T02:12:20.000000Z,1.06436,1.06404
2015-07-29T02:14:10.000000Z,1.06439,1.06406
2015-07-29T02:14:50.000000Z,1.06436,1.06405
2015-07-29T02:15:00.000000Z,1.06436,1.064
2015-07-29T02:15:20.000000Z,1.06437,1.06403
2015-07-29T02:16:00.000000Z,1.06438,1.06407
2015-07-29T02:16:30.000000Z,1.06436,1.06403
2015-07-29T02:16:50.000000Z,1.06435,1.06405
2015-07-29T02:17:10.000000Z,1.06437,1.06408
2015-07-29T02:17:40.000000Z,1.06439,1.06412
2015-07-29T02:17:50.000000Z,1.06436,1.06409
2015-07-29T02:18:30.000000Z,1.06437,1.06412
2015-07-29T02:20:20.000000Z,1.06434,1.06404
2015-07-29T02:21:00.000000Z,1.06435,1.06408
2015-07-29T02:21:50.000000Z,1.06435,1.06408
2015-07-29T02:22:10.000000Z,1.06433,1.06405
2015-07-29T02:22:20.000000Z,1.06434,1.06404
2015-07-29T02:22:40.000000Z,1.06434,1.06404
2015-07-29T02:22:50.000000Z,1.06436,1.06406
2015-07-29T02:23:00.000000Z,1.06438,1.06409
2015-07-29T02:23:10.000000Z,1.06448,1.06419
2015-07-29T02:23:30.000000Z,1.06445,1.06416
2015-07-29T02:23:40.000000Z,1.06444,1.06407
2015-07-29T02:24:00.000000Z,1.06443,1.06413
2015-07-29T02:24:10.000000Z,1.06437,1.06406
2015-07-29T02:24:30.000000Z,1.06438,1.06409
2015-07-29T02:25:00.000000Z,1.06436,1.06407
2015-07-29T02:25:10.000000Z,1.06441,1.06411
2015-07-29T02:25:30.000000Z,1.06445,1.06416
2015-07-29T02:25:50.000000Z,1.06436,1.06405
2015-07-29T02:26:20.000000Z,1.06432,1.06404
2015-07-29T02:26:40.000000Z,1.06428,1.06398
2015-07-29T02:26:50.000000Z,1.06426,1.064
2015-07-29T02:27:10.000000Z,1.06423,1.06389
2015-07-29T02:27:20.000000Z,1.06428,1.06393
2015-07-29T02:27:40.000000Z,1.06422,1.06391
2015-07-29T02:27:50.000000Z,1.06425,1.06396
2015-07-29T02:28:00.000000Z,1.06428,1.06398
2015-07-29T02:28:10.000000Z,1.06422,1.06394
2015-07-29T02:28:30.000000Z,1.06432,1.06399
2015-07-29T02:28:50.000000Z,1.06426,1.064
2015-07-29T02:29:20.000000Z,1.06431,1.06404
2015-07-29T02:29:30.000000Z,1.06429,1.06406
2015-07-29T02:29:40.000000Z,1.06426,1.06405
2015-07-29T02:30:00.000000Z,1.06428,1.06407
2015-07-29T02:30:20.000000Z,1.06429,1.06402
2015-07-29T02:30:30.000000Z,1.06441,1.064
2015-07-29T02:30:40.000000Z,1.06433,1.06408
2015-07-29T02:30:50.000000Z,1.06447,1.06411
2015-07-29T02:31:10.000000Z,1.06443,1.06405
2015-07-29T02:31:20.000000Z,1.06443,1.06414
2015-07-29T02:31:30.000000Z,1.06436,1.06415
2015-07-29T02:31:40.000000Z,1.06437,1.06415
2015-07-29T02:31:50.000000Z,1.06437,1.06411
2015-07-29T02:32:00.000000Z,1.06435,1.06407
2015-07-29T02:32:10.000000Z,1.06433,1.06404
2015-07-29T02:32:30.000000Z,1.06449,1.06409
2015-07-29T02:32:40.000000Z,1.06447,1.06416
2015-07-29T02:32:50.000000Z,1.06463,1.06421
2015-07-29T02:33:10.000000Z,1.06464,1.06425
2015-07-29T02:33:20.000000Z,1.06462,1.06421
2015-07-29T02:33:30.000000Z,1.06466,1.06428
2015-07-29T02:33:40.000000Z,1.06461,1.06425
2015-07-29T02:34:10.000000Z,1.06465,1.06426
2015-07-29T02:35:10.000000Z,1.0647,1.06431
2015-07-29T02:35:20.000000Z,1.06468,1.06429
2015-07-29T02:36:30.000000Z,1.06456,1.06432
2015-07-29T02:36:40.000000Z,1.06454,1.06429
2015-07-29T02:36:50.000000Z,1.06452,1.06425
2015-07-29T02:37:00.000000Z,1.06454,1.06427
2015-07-29T02:37:20.000000Z,1.06459,1.06428
2015-07-29T02:37:50.000000Z,1.06459,1.06428
2015-07-29T02:38:20.000000Z,1.06463,1.06433
2015-07-29T02:38:40.000000Z,1.06472,1.06431
2015-07-29T02:38:50.000000Z,1.06465,1.06434
2015-07-29T02:39:00.000000Z,1.06467,1.06437
2015-07-29T02:39:20.000000Z,1.0647,1.06438
2015-07-29T02:39:30.000000Z,1.06473,1.0643
2015-07-29T02:39:40.000000Z,1.06476,1.06432
2015-07-29T02:40:00.000000Z,1.06472,1.06431
2015-07-29T02:40:10.000000Z,1.06472,1.06432
2015-07-29T02:40:40.000000Z,1.06465,1.06435
2015-07-29T02:41:20.000000Z,1.06464,1.06431
2015-07-29T02:41:30.000000Z,1.0646,1.0643
2015-07-29T02:41:50.000000Z,1.06464,1.06434
2015-07-29T02:42:00.000000Z,1.06466,1.06438
2015-07-29T02:42:20.000000Z,1.06463,1.06431
2015-07-29T02:42:30.000000Z,1.06476,1.06437
2015-07-29T02:42:50.000000Z,1.0648,1.06442
2015-07-29T02:43:00.000000Z,1.06483,1.06445
2015-07-29T02:43:20.000000Z,1.06478,1.06445
2015-07-29T02:43:30.000000Z,1.06486,1.06446
2015-07-29T02:43:40.000000Z,1.06483,1.06445
2015-07-29T02:44:00.000000Z,1.06486,1.06446
2015-07-29T02:44:10.000000Z,1.06483,1.06445
2015-07-29T02:44:30.000000Z,1.06491,1.06456
2015-07-29T02:44:40.000000Z,1.06484,1.06458
2015-07-29T02:46:10.000000Z,1.06484,1.06452
2015-07-29T02:46:20.000000Z,1.06483,1.06449
2015-07-29T02:46:30.000000Z,1.06484,1.06452
2015-07-29T02:46:50.000000Z,1.06484,1.06448
2015-07-29T02:47:20.000000Z,1.06477,1.0645
2015-07-29T02:48:30.000000Z,1.06476,1.06447
2015-07-29T02:51:40.000000Z,1.06479,1.06448
2015-07-29T02:52:00.000000Z,1.06474,1.06449
2015-07-29T02:52:10.000000Z,1.06482,1.06445
2015-07-29T02:53:20.000000Z,1.06486,1.06446
2015-07-29T02:53:50.000000Z,1.06479,1.06449
2015-07-29T02:54:00.000000Z,1.06475,1.06448
2015-07-29T02:55:20.000000Z,1.06479,1.06449
2015-07-29T02:57:40.000000Z,1.06477,1.06446
2015-07-29T02:59:20.000000Z,1.065,1.06447
2015-07-29T02:59:30.000000Z,1.06503,1.06455
2015-07-29T02:59:40.000000Z,1.06502,1.06471
2015-07-29T02:59:50.000000Z,1.06494,1.06466
2015-07-29T03:00:00.000000Z,1.06494,1.06466
2015-07-29T03:00:20.000000Z,1.06491,1.06464
2015-07-29T03:00:30.000000Z,1.06498,1.06461
2015-07-29T03:00:40.000000Z,1.06499,1.06465
2015-07-29T03:00:50.000000Z,1.06505,1.06469
2015-07-29T03:02:00.000000Z,1.06507,1.06466
2015-07-29T03:02:20.000000Z,1.06504,1.06474
2015-07-29T03:02:50.000000Z,1.06502,1.06465
2015-07-29T03:03:10.000000Z,1.06497,1.06465
2015-07-29T03:03:50.000000Z,1.06492,1.06465
2015-07-29T03:05:20.000000Z,1.06483,1.06452
2015-07-29T03:06:50.000000Z,1.06486,1.06449
2015-07-29T03:07:30.000000Z,1.06479,1.0645
2015-07-29T03:09:40.000000Z,1.06482,1.06452
2015-07-29T03:10:20.000000Z,1.0648,1.06444
2015-07-29T03:11:10.000000Z,1.06477,1.06437
2015-07-29T03:11:20.000000Z,1.06479,1.06441
2015-07-29T03:11:30.000000Z,1.06474,1.06437
2015-07-29T03:11:40.000000Z,1.06477,1.06443
2015-07-29T03:11:50.000000Z,1.06474,1.06441
2015-07-29T03:12:10.000000Z,1.06471,1.06439
2015-07-29T03:12:40.000000Z,1.06478,1.06441
2015-07-29T03:12:50.000000Z,1.06475,1.06442
2015-07-29T03:13:20.000000Z,1.0648,1.06451
2015-07-29T03:14:00.000000Z,1.0649,1.06455
2015-07-29T03:14:10.000000Z,1.06488,1.06458
2015-07-29T03:14:20.000000Z,1.06483,1.06459
2015-07-29T03:14:40.000000Z,1.06484,1.06457
2015-07-29T03:15:00.000000Z,1.06485,1.06455
2015-07-29T03:15:10.000000Z,1.06489,1.06456
2015-07-29T03:15:30.000000Z,1.06482,1.06454
2015-07-29T03:15:50.000000Z,1.06487,1.06458
2015-07-29T03:16:10.000000Z,1.06484,1.06457
2015-07-29T03:16:20.000000Z,1.06482,1.06453
2015-07-29T03:21:20.000000Z,1.0649,1.06465
2015-07-29T03:21:40.000000Z,1.06488,1.06463
2015-07-29T03:22:00.000000Z,1.06497,1.06459
2015-07-29T03:22:10.000000Z,1.06498,1.06466
2015-07-29T03:22:40.000000Z,1.065,1.06465
2015-07-29T03:22:50.000000Z,1.06499,1.06466
2015-07-29T03:23:30.000000Z,1.06501,1.06468
2015-07-29T03:24:10.000000Z,1.06495,1.0647
2015-07-29T03:25:50.000000Z,1.06494,1.06462
2015-07-29T03:26:10.000000Z,1.06498,1.06468
2015-07-29T03:27:50.000000Z,1.06496,1.06466
2015-07-29T03:28:50.000000Z,1.06498,1.06468
2015-07-29T03:29:20.000000Z,1.06498,1.06468
2015-07-29T03:31:00.000000Z,1.06503,1.06468
2015-07-29T03:31:10.000000Z,1.065,1.06467
2015-07-29T03:33:10.000000Z,1.06502,1.0647
2015-07-29T03:33:20.000000Z,1.06504,1.06472
2015-07-29T03:33:30.000000Z,1.06507,1.06474
2015-07-29T03:33:40.000000Z,1.06513,1.06478
2015-07-29T03:33:50.000000Z,1.06518,1.06486
2015-07-29T03:34:40.000000Z,1.06517,1.06483
2015-07-29T03:35:40.000000Z,1.06514,1.06481
2015-07-29T03:35:50.000000Z,1.06518,1.06481
2015-07-29T03:36:10.000000Z,1.06515,1.0648
2015-07-29T03:36:40.000000Z,1.06516,1.06483
2015-07-29T03:37:10.000000Z,1.06518,1.06487
2015-07-29T03:37:20.000000Z,1.06517,1.06483
2015-07-29T03:38:20.000000Z,1.06518,1.06481
2015-07-29T03:39:30.000000Z,1.0652,1.06485
2015-07-29T03:39:50.000000Z,1.06525,1.06491
2015-07-29T03:40:00.000000Z,1.06523,1.06489
2015-07-29T03:40:30.000000Z,1.06526,1.0649
2015-07-29T03:40:40.000000Z,1.06526,1.06494
2015-07-29T03:41:00.000000Z,1.06535,1.06499
2015-07-29T03:41:20.000000Z,1.06531,1.06498
2015-07-29T03:43:20.000000Z,1.06534,1.065
2015-07-29T03:43:50.000000Z,1.06534,1.06495
2015-07-29T03:45:40.000000Z,1.06532,1.06496
2015-07-29T03:46:20.000000Z,1.06531,1.06493
2015-07-29T03:46:40.000000Z,1.06527,1.06487
2015-07-29T03:47:30.000000Z,1.06531,1.06488
2015-07-29T03:47:40.000000Z,1.06526,1.06488
2015-07-29T03:48:00.000000Z,1.06528,1.06491
2015-07-29T03:48:20.000000Z,1.06521,1.06484
2015-07-29T03:48:40.000000Z,1.06519,1.06481
2015-07-29T03:50:50.000000Z,1.06521,1.06483
2015-07-29T03:51:50.000000Z,1.0652,1.0648
2015-07-29T03:52:10.000000Z,1.06521,1.06483
2015-07-29T03:53:10.000000Z,1.06526,1.06484
2015-07-29T03:53:20.000000Z,1.06532,1.06493
2015-07-29T03:53:40.000000Z,1.06536,1.06495
2015-07-29T03:54:00.000000Z,1.06532,1.06494
2015-07-29T03:54:10.000000Z,1.06529,1.06492
2015-07-29T03:54:30.000000Z,1.06531,1.06494
2015-07-29T03:55:40.000000Z,1.06529,1.06492
2015-07-29T03:55:50.000000Z,1.06528,1.06488
2015-07-29T03:56:00.000000Z,1.06524,1.06488
2015-07-29T03:56:20.000000Z,1.06526,1.0649
2015-07-29T03:56:40.000000Z,1.06529,1.06491
2015-07-29T03:57:30.000000Z,1.06528,1.06488
2015-07-29T03:57:50.000000Z,1.06525,1.06486
2015-07-29T03:58:00.000000Z,1.06514,1.06474
2015-07-29T03:58:50.000000Z,1.06517,1.06481
2015-07-29T03:59:10.000000Z,1.06518,1.06484
2015-07-29T04:01:00.000000Z,1.06512,1.0648
2015-07-29T04:01:10.000000Z,1.06509,1.06478
2015-07-29T04:02:30.000000Z,1.06498,1.06467
2015-07-29T04:03:30.000000Z,1.06496,1.06464
2015-07-29T04:04:40.000000Z,1.06495,1.06458
2015-07-29T04:05:00.000000Z,1.065,1.06462
2015-07-29T04:06:00.000000Z,1.06495,1.06458
2015-07-29T04:07:00.000000Z,1.06497,1.06461
2015-07-29T04:07:10.000000Z,1.065,1.06462
2015-07-29T04:07:40.000000Z,1.06496,1.06462
2015-07-29T04:08:40.000000Z,1.06506,1.06468
2015-07-29T04:09:20.000000Z,1.06501,1.06468
2015-07-29T04:09:30.000000Z,1.06499,1.06466
2015-07-29T04:09:40.000000Z,1.06496,1.06464
2015-07-29T04:09:50.000000Z,1.06502,1.06467
2015-07-29T04:10:00.000000Z,1.06503,1.06471
2015-07-29T04:10:10.000000Z,1.06502,1.06467
2015-07-29T04:10:30.000000Z,1.065,1.06465
2015-07-29T04:10:40.000000Z,1.06509,1.0647
2015-07-29T04:11:30.000000Z,1.06504,1.0647
2015-07-29T04:12:00.000000Z,1.06499,1.06466
2015-07-29T04:12:20.000000Z,1.06495,1.06465
2015-07-29T04:12:40.000000Z,1.0651,1.06474
2015-07-29T04:12:50.000000Z,1.06511,1.06473
2015-07-29T04:13:00.000000Z,1.06507,1.06471
2015-07-29T04:13:50.000000Z,1.06492,1.06463
2015-07-29T04:14:00.000000Z,1.06505,1.06469
2015-07-29T04:14:10.000000Z,1.06504,1.06466
2015-07-29T04:14:30.000000Z,1.06496,1.06463
2015-07-29T04:14:40.000000Z,1.06492,1.06462
2015-07-29T04:14:50.000000Z,1.06481,1.06453
2015-07-29T04:15:00.000000Z,1.06483,1.06452
2015-07-29T04:15:10.000000Z,1.0648,1.06444
2015-07-29T04:15:20.000000Z,1.06486,1.06449
2015-07-29T04:15:30.000000Z,1.06482,1.06448
2015-07-29T04:15:50.000000Z,1.06484,1.06447
2015-07-29T04:16:30.000000Z,1.06482,1.0645
2015-07-29T04:16:40.000000Z,1.0649,1.06455
2015-07-29T04:16:50.000000Z,1.06495,1.06461
2015-07-29T04:17:00.000000Z,1.06498,1.06463
2015-07-29T04:17:40.000000Z,1.06492,1.06453
2015-07-29T04:17:50.000000Z,1.06493,1.06458
2015-07-29T04:18:10.000000Z,1.0649,1.06456
2015-07-29T04:18:40.000000Z,1.06471,1.0644
2015-07-29T04:18:50.000000Z,1.06468,1.06438
2015-07-29T04:19:00.000000Z,1.06474,1.06436
2015-07-29T04:19:10.000000Z,1.0648,1.06445
2015-07-29T04:19:20.000000Z,1.06484,1.0645
2015-07-29T04:19:30.000000Z,1.06481,1.06444
2015-07-29T04:19:40.000000Z,1.06479,1.06441
2015-07-29T04:19:50.000000Z,1.0648,1.06444
2015-07-29T04:20:50.000000Z,1.06471,1.06443
2015-07-29T04:21:00.000000Z,1.06469,1.0644
2015-07-29T04:21:20.000000Z,1.06474,1.06445
2015-07-29T04:21:30.000000Z,1.06475,1.06448
2015-07-29T04:21:40.000000Z,1.06482,1.06452
2015-07-29T04:21:50.000000Z,1.06485,1.06454
2015-07-29T04:22:00.000000Z,1.06479,1.06446
2015-07-29T04:22:10.000000Z,1.06474,1.06446
2015-07-29T04:22:40.000000Z,1.06477,1.06447
2015-07-29T04:23:00.000000Z,1.06481,1.06448
2015-07-29T04:23:10.000000Z,1.06478,1.06447
2015-07-29T04:23:20.000000Z,1.06485,1.0645
2015-07-29T04:23:30.000000Z,1.06481,1.06448
2015-07-29T04:24:10.000000Z,1.0648,1.06445
2015-07-29T04:24:20.000000Z,1.0647,1.0644
2015-07-29T04:24:30.000000Z,1.06472,1.06444
2015-07-29T04:24:50.000000Z,1.06457,1.06428
2015-07-29T04:25:00.000000Z,1.06456,1.06425
2015-07-29T04:25:30.000000Z,1.06475,1.06444
2015-07-29T04:25:40.000000Z,1.06477,1.06444
2015-07-29T04:25:50.000000Z,1.06478,1.06448
2015-07-29T04:26:00.000000Z,1.06484,1.06447
2015-07-29T04:26:10.000000Z,1.06477,1.06446
2015-07-29T04:26:20.000000Z,1.06471,1.06447
2015-07-29T04:26:30.000000Z,1.06468,1.06445
2015-07-29T04:26:40.000000Z,1.06465,1.06439
2015-07-29T04:26:50.000000Z,1.0647,1.06443
2015-07-29T04:27:00.000000Z,1.06472,1.06446
2015-07-29T04:27:10.000000Z,1.06475,1.06447
2015-07-29T04:27:30.000000Z,1.06463,1.06434
2015-07-29T04:27:50.000000Z,1.06462,1.0643
2015-07-29T04:28:10.000000Z,1.06466,1.06435
2015-07-29T04:28:20.000000Z,1.06464,1.06433
2015-07-29T04:28:30.000000Z,1.0646,1.06431
2015-07-29T04:29:00.000000Z,1.06448,1.0642
2015-07-29T04:29:10.000000Z,1.06446,1.06418
2015-07-29T04:29:30.000000Z,1.06449,1.06419
2015-07-29T04:30:40.000000Z,1.06445,1.06419
2015-07-29T04:31:00.000000Z,1.06448,1.0642
2015-07-29T04:31:40.000000Z,1.06451,1.06421
2015-07-29T04:32:10.000000Z,1.06447,1.06422
2015-07-29T04:32:20.000000Z,1.06443,1.06416
2015-07-29T04:32:30.000000Z,1.06446,1.06417
2015-07-29T04:32:40.000000Z,1.06451,1.06417
2015-07-29T04:32:50.000000Z,1.06453,1.06421
2015-07-29T04:33:10.000000Z,1.06447,1.06422
2015-07-29T04:33:20.000000Z,1.06455,1.06423
2015-07-29T04:33:50.000000Z,1.06454,1.06428
2015-07-29T04:34:20.000000Z,1.06463,1.06434
2015-07-29T04:35:30.000000Z,1.06462,1.0643
2015-07-29T04:36:10.000000Z,1.06458,1.06426
2015-07-29T04:36:20.000000Z,1.0646,1.06434
2015-07-29T04:36:30.000000Z,1.0646,1.06435
2015-07-29T04:36:40.000000Z,1.06454,1.06431
2015-07-29T04:36:50.000000Z,1.06458,1.06431
2015-07-29T04:37:00.000000Z,1.06457,1.06427
2015-07-29T04:37:30.000000Z,1.06458,1.06432
2015-07-29T04:37:50.000000Z,1.06462,1.06432
2015-07-29T04:38:00.000000Z,1.06464,1.06434
2015-07-29T04:39:40.000000Z,1.06458,1.06432
2015-07-29T04:40:10.000000Z,1.06458,1.06427
2015-07-29T04:40:40.000000Z,1.06455,1.06425
2015-07-29T04:40:50.000000Z,1.06457,1.06428
2015-07-29T04:41:20.000000Z,1.06458,1.06427
2015-07-29T04:41:50.000000Z,1.06454,1.06426
2015-07-29T04:42:00.000000Z,1.06455,1.0643
2015-07-29T04:42:20.000000Z,1.06454,1.06426
2015-07-29T04:42:30.000000Z,1.06453,1.06423
2015-07-29T04:42:40.000000Z,1.06446,1.06416
2015-07-29T04:42:50.000000Z,1.06444,1.06412
2015-07-29T04:43:20.000000Z,1.06446,1.0642
2015-07-29T04:43:50.000000Z,1.0645,1.06421
2015-07-29T04:44:20.000000Z,1.06448,1.06418
2015-07-29T04:44:40.000000Z,1.06453,1.06422
2015-07-29T04:45:40.000000Z,1.06469,1.06441
2015-07-29T04:45:50.000000Z,1.0647,1.06441
2015-07-29T04:46:00.000000Z,1.06459,1.06428
2015-07-29T04:46:40.000000Z,1.06461,1.0643
2015-07-29T04:46:50.000000Z,1.06463,1.06433
2015-07-29T04:47:00.000000Z,1.0646,1.06432
2015-07-29T04:47:10.000000Z,1.06459,1.06428
2015-07-29T04:47:20.000000Z,1.0646,1.06431
2015-07-29T04:47:50.000000Z,1.06464,1.06437
2015-07-29T04:48:10.000000Z,1.06463,1.06434
2015-07-29T04:48:20.000000Z,1.06459,1.06433
2015-07-29T04:49:10.000000Z,1.06456,1.06429
2015-07-29T04:49:20.000000Z,1.06436,1.06409
2015-07-29T04:49:30.000000Z,1.06436,1.06409
2015-07-29T04:49:40.000000Z,1.06443,1.06408
2015-07-29T04:50:00.000000Z,1.06445,1.06416
2015-07-29T04:50:10.000000Z,1.06452,1.06423
2015-07-29T04:50:20.000000Z,1.0645,1.06421
2015-07-29T04:50:30.000000Z,1.06447,1.06415
2015-07-29T04:50:40.000000Z,1.06441,1.06411
2015-07-29T04:50:50.000000Z,1.06444,1.06412
2015-07-29T04:51:00.000000Z,1.06435,1.06406
2015-07-29T04:51:10.000000Z,1.06438,1.06407
2015-07-29T04:51:50.000000Z,1.0644,1.06414
2015-07-29T04:52:00.000000Z,1.06444,1.06414
2015-07-29T04:52:10.000000Z,1.06445,1.06414
2015-07-29T04:52:20.000000Z,1.06444,1.06411
2015-07-29T04:52:30.000000Z,1.06437,1.06408
2015-07-29T04:52:40.000000Z,1.06442,1.06412
2015-07-29T04:53:50.000000Z,1.06442,1.06413
2015-07-29T04:54:00.000000Z,1.06443,1.06411
2015-07-29T04:54:10.000000Z,1.06445,1.06411
2015-07-29T04:54:30.000000Z,1.06444,1.06412
2015-07-29T04:54:40.000000Z,1.06442,1.0641
2015-07-29T04:54:50.000000Z,1.06445,1.06412
2015-07-29T04:55:00.000000Z,1.06442,1.06411
2015-07-29T04:55:10.000000Z,1.06444,1.06413
2015-07-29T04:55:20.000000Z,1.06445,1.06412
2015-07-29T04:55:30.000000Z,1.06451,1.06415
2015-07-29T04:55:40.000000Z,1.06445,1.06411
2015-07-29T04:56:00.000000Z,1.06451,1.06414
2015-07-29T04:56:30.000000Z,1.06445,1.06412
2015-07-29T04:56:40.000000Z,1.06452,1.06414
2015-07-29T04:57:10.000000Z,1.06446,1.06415
2015-07-29T04:57:20.000000Z,1.06445,1.06411
2015-07-29T04:58:30.000000Z,1.06437,1.06407
2015-07-29T04:58:40.000000Z,1.06429,1.06399
2015-07-29T04:58:50.000000Z,1.0643,1.06398
2015-07-29T04:59:00.000000Z,1.06441,1.06412
2015-07-29T04:59:10.000000Z,1.06438,1.0641
2015-07-29T04:59:20.000000Z,1.06436,1.06406
2015-07-29T04:59:30.000000Z,1.06433,1.06405
2015-07-29T04:59:50.000000Z,1.06431,1.06402
2015-07-29T05:00:00.000000Z,1.06429,1.064
2015-07-29T05:00:30.000000Z,1.0643,1.06403
2015-07-29T05:00:40.000000Z,1.06444,1.06412
2015-07-29T05:01:00.000000Z,1.06445,1.06416
2015-07-29T05:01:20.000000Z,1.06442,1.06415
2015-07-29T05:01:40.000000Z,1.06432,1.06402
2015-07-29T05:02:00.000000Z,1.06434,1.06404
2015-07-29T05:02:10.000000Z,1.06433,1.06405
2015-07-29T05:02:20.000000Z,1.06435,1.06407
2015-07-29T05:02:30.000000Z,1.06433,1.06405
2015-07-29T05:02:50.000000Z,1.06433,1.06401
2015-07-29T05:03:10.000000Z,1.06437,1.06402
2015-07-29T05:03:30.000000Z,1.06427,1.0639
2015-07-29T05:04:10.000000Z,1.06422,1.06391
2015-07-29T05:04:20.000000Z,1.06416,1.06386
2015-07-29T05:04:30.000000Z,1.06416,1.06386
2015-07-29T05:04:40.000000Z,1.06415,1.06382
2015-07-29T05:04:50.000000Z,1.06418,1.06385
2015-07-29T05:05:00.000000Z,1.06415,1.06382
2015-07-29T05:05:10.000000Z,1.06418,1.06385
2015-07-29T05:05:40.000000Z,1.06415,1.06381
2015-07-29T05:05:50.000000Z,1.0641,1.06381
2015-07-29T05:06:00.000000Z,1.06414,1.06381
2015-07-29T05:06:20.000000Z,1.06414,1.06382
2015-07-29T05:06:30.000000Z,1.06416,1.06384
2015-07-29T05:07:00.000000Z,1.06418,1.06387
2015-07-29T05:07:20.000000Z,1.06417,1.06388
2015-07-29T05:07:30.000000Z,1.06421,1.06393
2015-07-29T05:07:50.000000Z,1.06424,1.06395
2015-07-29T05:08:10.000000Z,1.06422,1.06393
2015-07-29T05:08:20.000000Z,1.06424,1.06395
2015-07-29T05:08:40.000000Z,1.06418,1.06387
2015-07-29T05:08:50.000000Z,1.0642,1.06389
2015-07-29T05:09:00.000000Z,1.06425,1.06394
2015-07-29T05:09:30.000000Z,1.06426,1.06393
2015-07-29T05:10:50.000000Z,1.06426,1.06393
2015-07-29T05:11:00.000000Z,1.06429,1.06394
2015-07-29T05:11:50.000000Z,1.06426,1.06392
2015-07-29T05:13:00.000000Z,1.06428,1.06394
2015-07-29T05:13:10.000000Z,1.06424,1.06393
2015-07-29T05:14:00.000000Z,1.06425,1.06396
2015-07-29T05:14:10.000000Z,1.06423,1.06394
2015-07-29T05:14:20.000000Z,1.06426,1.06395
2015-07-29T05:14:30.000000Z,1.06423,1.06393
2015-07-29T05:14:40.000000Z,1.06426,1.06395
2015-07-29T05:15:10.000000Z,1.06424,1.06393
2015-07-29T05:15:30.000000Z,1.06426,1.06395
2015-07-29T05:15:50.000000Z,1.06426,1.06395
2015-07-29T05:16:00.000000Z,1.06425,1.06397
2015-07-29T05:16:30.000000Z,1.06424,1.06393
2015-07-29T05:16:40.000000Z,1.06418,1.06385
2015-07-29T05:16:50.000000Z,1.06419,1.06388
2015-07-29T05:17:00.000000Z,1.06421,1.06391
2015-07-29T05:17:40.000000Z,1.0642,1.06388
2015-07-29T05:18:00.000000Z,1.06421,1.06392
2015-07-29T05:18:40.000000Z,1.06428,1.064
2015-07-29T05:19:00.000000Z,1.0643,1.06403
2015-07-29T05:19:10.000000Z,1.06438,1.0641
2015-07-29T05:19:30.000000Z,1.06433,1.06404
2015-07-29T05:19:40.000000Z,1.06436,1.06406
2015-07-29T05:19:50.000000Z,1.06438,1.06409
2015-07-29T05:20:00.000000Z,1.06434,1.06404
2015-07-29T05:20:30.000000Z,1.06426,1.06396
2015-07-29T05:20:40.000000Z,1.06422,1.06395
2015-07-29T05:20:50.000000Z,1.0642,1.06388
2015-07-29T05:21:10.000000Z,1.06421,1.06392
2015-07-29T05:22:00.000000Z,1.06428,1.06395
2015-07-29T05:22:10.000000Z,1.0643,1.06397
2015-07-29T05:22:40.000000Z,1.06431,1.06401
2015-07-29T05:23:10.000000Z,1.06433,1.06403
2015-07-29T05:23:20.000000Z,1.06431,1.06399
2015-07-29T05:23:30.000000Z,1.06427,1.06398
2015-07-29T05:23:50.000000Z,1.0643,1.06401
2015-07-29T05:24:10.000000Z,1.06421,1.06391
2015-07-29T05:24:20.000000Z,1.06424,1.06392
2015-07-29T05:24:30.000000Z,1.06436,1.06404
2015-07-29T05:24:40.000000Z,1.06423,1.06397
2015-07-29T05:24:50.000000Z,1.06418,1.06387
2015-07-29T05:25:10.000000Z,1.06423,1.06392
2015-07-29T05:25:30.000000Z,1.06421,1.06389
2015-07-29T05:26:00.000000Z,1.06423,1.06392
2015-07-29T05:26:40.000000Z,1.0643,1.06401
2015-07-29T05:27:00.000000Z,1.06439,1.06406
2015-07-29T05:27:10.000000Z,1.06436,1.06408
2015-07-29T05:27:20.000000Z,1.06434,1.06406
2015-07-29T05:27:50.000000Z,1.0643,1.06401
2015-07-29T05:28:00.000000Z,1.06427,1.06399
2015-07-29T05:28:20.000000Z,1.06429,1.06402
2015-07-29T05:28:30.000000Z,1.06436,1.06409
2015-07-29T05:29:10.000000Z,1.06441,1.06413
2015-07-29T05:30:00.000000Z,1.06441,1.06417
2015-07-29T05:30:20.000000Z,1.06445,1.06418
2015-07-29T05:31:10.000000Z,1.06442,1.06416
2015-07-29T05:31:20.000000Z,1.06433,1.06409
2015-07-29T05:31:50.000000Z,1.06438,1.06414
2015-07-29T05:32:10.000000Z,1.06435,1.06413
2015-07-29T05:32:30.000000Z,1.06436,1.06407
2015-07-29T05:32:40.000000Z,1.06431,1.06407
2015-07-29T05:32:50.000000Z,1.0643,1.06403
2015-07-29T05:33:00.000000Z,1.06429,1.06404
2015-07-29T05:33:10.000000Z,1.06433,1.06409
2015-07-29T05:33:20.000000Z,1.06427,1.06402
2015-07-29T05:33:30.000000Z,1.06423,1.06396
2015-07-29T05:33:40.000000Z,1.06408,1.0638
2015-07-29T05:33:50.000000Z,1.06419,1.06393
2015-07-29T05:34:00.000000Z,1.06402,1.06377
2015-07-29T05:34:10.000000Z,1.06411,1.06382
2015-07-29T05:34:20.000000Z,1.06409,1.06384
2015-07-29T05:34:30.000000Z,1.06422,1.06392
2015-07-29T05:34:40.000000Z,1.06421,1.06397
2015-07-29T05:34:50.000000Z,1.06418,1.06392
2015-07-29T05:35:00.000000Z,1.06415,1.06391
2015-07-29T05:35:20.000000Z,1.06419,1.06392
2015-07-29T05:35:30.000000Z,1.06422,1.06394
2015-07-29T05:36:00.000000Z,1.06427,1.06403
2015-07-29T05:36:10.000000Z,1.0643,1.06405
2015-07-29T05:37:00.000000Z,1.06417,1.06388
2015-07-29T05:37:10.000000Z,1.06412,1.06389
2015-07-29T05:37:50.000000Z,1.06415,1.0639
2015-07-29T05:38:00.000000Z,1.06413,1.06388
2015-07-29T05:38:10.000000Z,1.06411,1.06385
2015-07-29T05:38:20.000000Z,1.06408,1.06383
2015-07-29T05:38:30.000000Z,1.06416,1.0639
2015-07-29T05:38:40.000000Z,1.06414,1.06391
2015-07-29T05:38:50.000000Z,1.06411,1.06389
2015-07-29T05:39:00.000000Z,1.06413,1.06392
2015-07-29T05:39:30.000000Z,1.06416,1.06389
2015-07-29T05:39:50.000000Z,1.06415,1.06391
2015-07-29T05:40:30.000000Z,1.06414,1.0639
2015-07-29T05:40:40.000000Z,1.06411,1.06384
2015-07-29T05:41:00.000000Z,1.06407,1.06383
2015-07-29T05:41:20.000000Z,1.06403,1.06378
2015-07-29T05:41:50.000000Z,1.06407,1.06379
2015-07-29T05:42:10.000000Z,1.06404,1.06378
2015-07-29T05:42:40.000000Z,1.06406,1.0638
2015-07-29T05:43:10.000000Z,1.06406,1.0638
2015-07-29T05:43:20.000000Z,1.06407,1.06383
2015-07-29T05:43:40.000000Z,1.06414,1.06386
2015-07-29T05:43:50.000000Z,1.06414,1.06391
2015-07-29T05:45:10.000000Z,1.06416,1.06393
2015-07-29T05:45:20.000000Z,1.06413,1.06388
2015-07-29T05:46:00.000000Z,1.06409,1.06387
2015-07-29T05:46:50.000000Z,1.06407,1.06384
2015-07-29T05:47:10.000000Z,1.06405,1.06382
2015-07-29T05:47:30.000000Z,1.06402,1.06379
2015-07-29T05:48:30.000000Z,1.06405,1.06381
2015-07-29T05:49:10.000000Z,1.06407,1.06383
2015-07-29T05:49:20.000000Z,1.06403,1.06383
2015-07-29T05:49:30.000000Z,1.06416,1.06389
2015-07-29T05:49:40.000000Z,1.06425,1.06401
2015-07-29T05:49:50.000000Z,1.0643,1.06405
2015-07-29T05:50:30.000000Z,1.06433,1.06407
2015-07-29T05:51:00.000000Z,1.0643,1.06406
2015-07-29T05:51:20.000000Z,1.06433,1.06407
2015-07-29T05:51:30.000000Z,1.06428,1.06403
2015-07-29T05:51:40.000000Z,1.06431,1.06404
2015-07-29T05:52:00.000000Z,1.06431,1.06404
2015-07-29T05:53:00.000000Z,1.06439,1.06411
2015-07-29T05:53:40.000000Z,1.06439,1.06415
2015-07-29T05:54:20.000000Z,1.06443,1.06416
2015-07-29T05:56:00.000000Z,1.0644,1.06414
2015-07-29T05:57:20.000000Z,1.06437,1.06412
2015-07-29T05:58:20.000000Z,1.06428,1.06401
2015-07-29T05:58:30.000000Z,1.06422,1.06395
2015-07-29T05:58:40.000000Z,1.06422,1.06394
2015-07-29T05:58:50.000000Z,1.06423,1.06394
2015-07-29T05:59:00.000000Z,1.06425,1.06397
2015-07-29T05:59:10.000000Z,1.0643,1.06397
2015-07-29T05:59:20.000000Z,1.0643,1.06402
2015-07-29T05:59:30.000000Z,1.06422,1.06391
2015-07-29T05:59:50.000000Z,1.06425,1.06396
2015-07-29T06:00:00.000000Z,1.06429,1.06398
2015-07-29T06:00:10.000000Z,1.06426,1.06396
2015-07-29T06:00:30.000000Z,1.06427,1.06399
2015-07-29T06:00:50.000000Z,1.06429,1.06402
2015-07-29T06:01:10.000000Z,1.0643,1.06405
2015-07-29T06:01:20.000000Z,1.06431,1.06404
2015-07-29T06:01:30.000000Z,1.06431,1.06404
2015-07-29T06:01:50.000000Z,1.06429,1.06402
2015-07-29T06:02:00.000000Z,1.06429,1.06402
2015-07-29T06:02:40.000000Z,1.06428,1.06399
2015-07-29T06:02:50.000000Z,1.06422,1.06395
2015-07-29T06:03:10.000000Z,1.06418,1.06394
2015-07-29T06:03:20.000000Z,1.06421,1.06395
2015-07-29T06:03:30.000000Z,1.06424,1.06397
2015-07-29T06:03:50.000000Z,1.06421,1.06395
2015-07-29T06:04:00.000000Z,1.06423,1.06398
2015-07-29T06:04:10.000000Z,1.0642,1.06397
2015-07-29T06:04:30.000000Z,1.06418,1.06393
2015-07-29T06:04:40.000000Z,1.06415,1.06391
2015-07-29T06:04:50.000000Z,1.06397,1.06368
2015-07-29T06:05:00.000000Z,1.06393,1.06368
2015-07-29T06:05:10.000000Z,1.06398,1.06376
2015-07-29T06:05:20.000000Z,1.06395,1.0637
2015-07-29T06:05:30.000000Z,1.06393,1.06367
2015-07-29T06:05:40.000000Z,1.06391,1.06365
2015-07-29T06:05:50.000000Z,1.06392,1.06368
2015-07-29T06:06:00.000000Z,1.0639,1.06365
2015-07-29T06:06:40.000000Z,1.06388,1.06363
2015-07-29T06:07:00.000000Z,1.06393,1.06363
2015-07-29T06:07:10.000000Z,1.06389,1.06362
2015-07-29T06:07:20.000000Z,1.06386,1.0636
2015-07-29T06:07:30.000000Z,1.06381,1.06354
2015-07-29T06:08:20.000000Z,1.06384,1.06355
2015-07-29T06:08:50.000000Z,1.06386,1.06358
2015-07-29T06:09:00.000000Z,1.06387,1.06361
2015-07-29T06:09:10.000000Z,1.06385,1.06358
2015-07-29T06:09:20.000000Z,1.0638,1.06353
2015-07-29T06:09:30.000000Z,1.06379,1.06351
2015-07-29T06:09:40.000000Z,1.06377,1.06352
2015-07-29T06:09:50.000000Z,1.06365,1.06339
2015-07-29T06:10:00.000000Z,1.06366,1.06342
2015-07-29T06:10:10.000000Z,1.06372,1.06346
2015-07-29T06:10:20.000000Z,1.0637,1.06343
2015-07-29T06:10:40.000000Z,1.06371,1.06347
2015-07-29T06:10:50.000000Z,1.06368,1.06341
2015-07-29T06:11:00.000000Z,1.0637,1.06343
2015-07-29T06:11:20.000000Z,1.06376,1.06354
2015-07-29T06:11:30.000000Z,1.0638,1.06355
2015-07-29T06:11:40.000000Z,1.06382,1.06357
2015-07-29T06:11:50.000000Z,1.06379,1.06356
2015-07-29T06:12:00.000000Z,1.0638,1.06354
2015-07-29T06:12:10.000000Z,1.06382,1.06357
2015-07-29T06:12:30.000000Z,1.06378,1.06351
2015-07-29T06:13:00.000000Z,1.06381,1.06353
2015-07-29T06:13:20.000000Z,1.06379,1.06351
2015-07-29T06:13:30.000000Z,1.06378,1.06348
2015-07-29T06:13:40.000000Z,1.06372,1.06335
2015-07-29T06:13:50.000000Z,1.0637,1.06342
2015-07-29T06:14:10.000000Z,1.0637,1.06342
2015-07-29T06:14:20.000000Z,1.0638,1.06352
2015-07-29T06:14:30.000000Z,1.06382,1.0636
2015-07-29T06:15:00.000000Z,1.06386,1.06361
2015-07-29T06:15:30.000000Z,1.06388,1.06363
2015-07-29T06:15:40.000000Z,1.06394,1.0637
2015-07-29T06:15:50.000000Z,1.06398,1.06371
2015-07-29T06:16:00.000000Z,1.06396,1.06368
2015-07-29T06:16:10.000000Z,1.06393,1.06365
2015-07-29T06:16:20.000000Z,1.06394,1.06368
2015-07-29T06:16:30.000000Z,1.06392,1.06366
2015-07-29T06:17:10.000000Z,1.06385,1.06358
2015-07-29T06:17:20.000000Z,1.06385,1.06363
2015-07-29T06:17:30.000000Z,1.06383,1.06361
2015-07-29T06:17:50.000000Z,1.06387,1.06362
2015-07-29T06:18:30.000000Z,1.06383,1.06361
2015-07-29T06:18:40.000000Z,1.06386,1.06362
2015-07-29T06:18:50.000000Z,1.06383,1.06357
2015-07-29T06:19:10.000000Z,1.06382,1.06357
2015-07-29T06:19:20.000000Z,1.06387,1.06356
2015-07-29T06:19:30.000000Z,1.06386,1.06353
2015-07-29T06:19:40.000000Z,1.0638,1.0635
2015-07-29T06:19:50.000000Z,1.06379,1.06355
2015-07-29T06:20:00.000000Z,1.06382,1.06357
2015-07-29T06:20:10.000000Z,1.06391,1.06363
2015-07-29T06:20:40.000000Z,1.06393,1.06365
2015-07-29T06:20:50.000000Z,1.06397,1.0637
2015-07-29T06:21:00.000000Z,1.0639,1.06368
2015-07-29T06:21:10.000000Z,1.06394,1.06369
2015-07-29T06:21:30.000000Z,1.06397,1.06371
2015-07-29T06:21:50.000000Z,1.06388,1.06357
2015-07-29T06:22:00.000000Z,1.06389,1.06364
2015-07-29T06:22:10.000000Z,1.06391,1.06368
2015-07-29T06:22:30.000000Z,1.06404,1.06377
2015-07-29T06:22:40.000000Z,1.06411,1.06385
2015-07-29T06:22:50.000000Z,1.06413,1.06387
2015-07-29T06:23:00.000000Z,1.06416,1.06384
2015-07-29T06:23:10.000000Z,1.06413,1.06387
2015-07-29T06:23:30.000000Z,1.06408,1.06383
2015-07-29T06:23:40.000000Z,1.06417,1.06387
2015-07-29T06:24:00.000000Z,1.06418,1.06391
2015-07-29T06:24:10.000000Z,1.0642,1.06393
2015-07-29T06:24:20.000000Z,1.0642,1.06395
2015-07-29T06:24:30.000000Z,1.0643,1.06403
2015-07-29T06:24:50.000000Z,1.06427,1.06406
2015-07-29T06:25:00.000000Z,1.06428,1.064
2015-07-29T06:25:10.000000Z,1.06422,1.06402
2015-07-29T06:25:20.000000Z,1.06436,1.06413
2015-07-29T06:25:30.000000Z,1.0645,1.06426
2015-07-29T06:25:40.000000Z,1.06458,1.06436
2015-07-29T06:25:50.000000Z,1.06453,1.06432
2015-07-29T06:26:00.000000Z,1.06452,1.06429
2015-07-29T06:26:10.000000Z,1.06452,1.06423
2015-07-29T06:26:20.000000Z,1.06447,1.06424
2015-07-29T06:26:40.000000Z,1.06444,1.06418
2015-07-29T06:26:50.000000Z,1.06445,1.06416
2015-07-29T06:27:00.000000Z,1.06442,1.06415
2015-07-29T06:27:20.000000Z,1.06445,1.06416
2015-07-29T06:27:30.000000Z,1.06433,1.06402
2015-07-29T06:28:00.000000Z,1.06429,1.06401
2015-07-29T06:28:20.000000Z,1.06428,1.06402
2015-07-29T06:28:30.000000Z,1.06434,1.06411
2015-07-29T06:28:50.000000Z,1.06426,1.06405
2015-07-29T06:30:00.000000Z,1.06419,1.06392
2015-07-29T06:30:10.000000Z,1.06415,1.06391
2015-07-29T06:30:20.000000Z,1.06418,1.06392
2015-07-29T06:30:30.000000Z,1.06412,1.06389
2015-07-29T06:30:40.000000Z,1.06414,1.06391
2015-07-29T06:30:50.000000Z,1.06412,1.06388
2015-07-29T06:31:20.000000Z,1.06405,1.06382
2015-07-29T06:32:00.000000Z,1.06407,1.06385
2015-07-29T06:32:10.000000Z,1.06407,1.06383
2015-07-29T06:32:20.000000Z,1.06403,1.06383
2015-07-29T06:33:00.000000Z,1.06403,1.06384
2015-07-29T06:33:10.000000Z,1.06404,1.06383
2015-07-29T06:33:20.000000Z,1.06404,1.06383
2015-07-29T06:33:30.000000Z,1.06401,1.06381
2015-07-29T06:33:50.000000Z,1.06403,1.06383
2015-07-29T06:34:10.000000Z,1.06404,1.06386
2015-07-29T06:34:20.000000Z,1.06404,1.06382
2015-07-29T06:34:30.000000Z,1.06405,1.06382
2015-07-29T06:35:00.000000Z,1.06414,1.06388
2015-07-29T06:35:10.000000Z,1.06413,1.0639
2015-07-29T06:35:20.000000Z,1.06408,1.06386
2015-07-29T06:35:50.000000Z,1.06407,1.06382
2015-07-29T06:36:10.000000Z,1.06414,1.06388
2015-07-29T06:36:30.000000Z,1.06409,1.06389
2015-07-29T06:37:00.000000Z,1.06406,1.06386
2015-07-29T06:37:40.000000Z,1.0641,1.06387
2015-07-29T06:37:50.000000Z,1.06413,1.06389
2015-07-29T06:38:10.000000Z,1.06415,1.06392
2015-07-29T06:38:20.000000Z,1.06427,1.06404
2015-07-29T06:39:10.000000Z,1.06422,1.06403
2015-07-29T06:40:10.000000Z,1.06415,1.06394
2015-07-29T06:40:20.000000Z,1.06444,1.06419
2015-07-29T06:40:30.000000Z,1.06443,1.06424
2015-07-29T06:41:00.000000Z,1.06452,1.06426
2015-07-29T06:41:10.000000Z,1.06457,1.06431
2015-07-29T06:41:30.000000Z,1.06457,1.06436
2015-07-29T06:42:20.000000Z,1.06462,1.06441
2015-07-29T06:42:40.000000Z,1.06466,1.06443
2015-07-29T06:42:50.000000Z,1.06468,1.06446
2015-07-29T06:43:10.000000Z,1.06467,1.06442
2015-07-29T06:43:20.000000Z,1.06475,1.06448
2015-07-29T06:43:40.000000Z,1.06474,1.06448
2015-07-29T06:44:10.000000Z,1.06473,1.06449
2015-07-29T06:44:20.000000Z,1.0647,1.06448
2015-07-29T06:44:30.000000Z,1.06476,1.06451
2015-07-29T06:45:00.000000Z,1.0647,1.06447
2015-07-29T06:45:20.000000Z,1.06472,1.06446
2015-07-29T06:45:40.000000Z,1.06457,1.06433
2015-07-29T06:46:00.000000Z,1.06454,1.0643
2015-07-29T06:46:10.000000Z,1.06456,1.06433
2015-07-29T06:46:30.000000Z,1.06453,1.06432
2015-07-29T06:46:40.000000Z,1.06457,1.06433
2015-07-29T06:47:10.000000Z,1.06454,1.06431
2015-07-29T06:47:20.000000Z,1.06451,1.06429
2015-07-29T06:47:40.000000Z,1.06448,1.06427
2015-07-29T06:47:50.000000Z,1.06445,1.06425
2015-07-29T06:48:30.000000Z,1.06436,1.06414
2015-07-29T06:48:50.000000Z,1.06435,1.06411
2015-07-29T06:49:20.000000Z,1.06437,1.06413
2015-07-29T06:49:40.000000Z,1.06422,1.06403
2015-07-29T06:50:20.000000Z,1.06419,1.064
2015-07-29T06:50:50.000000Z,1.06423,1.064
2015-07-29T06:51:00.000000Z,1.0642,1.06399
2015-07-29T06:51:30.000000Z,1.06415,1.06394
2015-07-29T06:51:40.000000Z,1.06419,1.06396
2015-07-29T06:51:50.000000Z,1.06421,1.06398
2015-07-29T06:52:00.000000Z,1.06428,1.06404
2015-07-29T06:52:20.000000Z,1.06432,1.06411
2015-07-29T06:52:40.000000Z,1.06428,1.0641
2015-07-29T06:53:00.000000Z,1.06422,1.06402
2015-07-29T06:53:10.000000Z,1.06415,1.06394
2015-07-29T06:53:30.000000Z,1.06427,1.06403
2015-07-29T06:53:40.000000Z,1.06427,1.06407
2015-07-29T06:53:50.000000Z,1.06431,1.06413
2015-07-29T06:54:00.000000Z,1.0644,1.06419
2015-07-29T06:54:10.000000Z,1.06437,1.06418
2015-07-29T06:54:20.000000Z,1.06454,1.06431
2015-07-29T06:54:30.000000Z,1.0646,1.0644
2015-07-29T06:54:40.000000Z,1.06465,1.06444
2015-07-29T06:54:50.000000Z,1.06473,1.06452
2015-07-29T06:55:00.000000Z,1.06474,1.06451
2015-07-29T06:55:10.000000Z,1.0647,1.0645
2015-07-29T06:55:20.000000Z,1.06473,1.06451
2015-07-29T06:55:30.000000Z,1.06471,1.0645
2015-07-29T06:55:40.000000Z,1.06465,1.06446
2015-07-29T06:56:00.000000Z,1.06465,1.06445
2015-07-29T06:56:10.000000Z,1.06471,1.06448
2015-07-29T06:56:20.000000Z,1.06464,1.06442
2015-07-29T06:56:30.000000Z,1.06467,1.06443
2015-07-29T06:56:40.000000Z,1.06472,1.06443
2015-07-29T06:56:50.000000Z,1.06473,1.06449
2015-07-29T06:57:00.000000Z,1.06471,1.06446
2015-07-29T06:57:20.000000Z,1.06468,1.06445
2015-07-29T06:57:50.000000Z,1.06464,1.06444
2015-07-29T06:58:00.000000Z,1.06463,1.06445
2015-07-29T06:58:20.000000Z,1.06464,1.06444
2015-07-29T06:58:30.000000Z,1.06463,1.06445
2015-07-29T06:58:40.000000Z,1.06461,1.06443
2015-07-29T06:58:50.000000Z,1.06465,1.06443
2015-07-29T06:59:00.000000Z,1.06467,1.06446
2015-07-29T06:59:10.000000Z,1.06468,1.06449
2015-07-29T06:59:30.000000Z,1.06481,1.06458
2015-07-29T06:59:40.000000Z,1.06484,1.06459
2015-07-29T06:59:50.000000Z,1.06482,1.06457
2015-07-29T07:00:00.000000Z,1.06484,1.06459
2015-07-29T07:00:20.000000Z,1.06474,1.06451
2015-07-29T07:00:30.000000Z,1.06472,1.06453
2015-07-29T07:00:40.000000Z,1.06472,1.06447
2015-07-29T07:00:50.000000Z,1.06464,1.06439
2015-07-29T07:01:00.000000Z,1.06462,1.06437
2015-07-29T07:01:10.000000Z,1.06457,1.06437
2015-07-29T07:01:20.000000Z,1.06462,1.06437
2015-07-29T07:01:30.000000Z,1.06461,1.06438
2015-07-29T07:01:40.000000Z,1.06461,1.06437
2015-07-29T07:01:50.000000Z,1.06464,1.0644
2015-07-29T07:02:00.000000Z,1.06456,1.06437
2015-07-29T07:02:10.000000Z,1.06451,1.06432
2015-07-29T07:02:30.000000Z,1.06452,1.06435
2015-07-29T07:02:50.000000Z,1.06455,1.06436
2015-07-29T07:03:00.000000Z,1.06461,1.0644
2015-07-29T07:03:10.000000Z,1.06465,1.06445
2015-07-29T07:03:20.000000Z,1.06472,1.06448
2015-07-29T07:04:00.000000Z,1.0647,1.0645
2015-07-29T07:04:20.000000Z,1.06475,1.06454
2015-07-29T07:04:30.000000Z,1.06489,1.06473
2015-07-29T07:04:40.000000Z,1.06486,1.06466
2015-07-29T07:04:50.000000Z,1.06488,1.06465
2015-07-29T07:05:00.000000Z,1.06482,1.06461
2015-07-29T07:05:10.000000Z,1.06473,1.06447
2015-07-29T07:05:20.000000Z,1.06475,1.06448
2015-07-29T07:05:30.000000Z,1.0648,1.06453
2015-07-29T07:05:40.000000Z,1.06479,1.06453
2015-07-29T07:05:50.000000Z,1.0649,1.06465
2015-07-29T07:06:00.000000Z,1.06494,1.06467
2015-07-29T07:06:10.000000Z,1.06497,1.06475
2015-07-29T07:06:20.000000Z,1.06494,1.06473
2015-07-29T07:06:30.000000Z,1.06496,1.06475
2015-07-29T07:06:40.000000Z,1.06524,1.06501
2015-07-29T07:06:50.000000Z,1.06523,1.06502
2015-07-29T07:07:00.000000Z,1.0652,1.06501
2015-07-29T07:07:10.000000Z,1.06513,1.06494
2015-07-29T07:07:30.000000Z,1.06515,1.06496
2015-07-29T07:07:40.000000Z,1.06507,1.06488
2015-07-29T07:07:50.000000Z,1.06509,1.06485
2015-07-29T07:08:00.000000Z,1.06515,1.06494
2015-07-29T07:08:10.000000Z,1.06514,1.06493
2015-07-29T07:08:30.000000Z,1.06513,1.06494
2015-07-29T07:08:40.000000Z,1.06516,1.06496
2015-07-29T07:09:20.000000Z,1.06519,1.06497
2015-07-29T07:09:50.000000Z,1.06523,1.06503
2015-07-29T07:10:00.000000Z,1.06517,1.06495
2015-07-29T07:10:10.000000Z,1.06505,1.06481
2015-07-29T07:10:20.000000Z,1.06503,1.06482
2015-07-29T07:10:30.000000Z,1.06506,1.06484
2015-07-29T07:10:40.000000Z,1.06506,1.06484
2015-07-29T07:10:50.000000Z,1.06505,1.06481
2015-07-29T07:11:00.000000Z,1.06499,1.06473
2015-07-29T07:11:10.000000Z,1.06494,1.06472
2015-07-29T07:11:20.000000Z,1.0649,1.06472
2015-07-29T07:11:30.000000Z,1.06476,1.06454
2015-07-29T07:11:40.000000Z,1.06467,1.06446
2015-07-29T07:11:50.000000Z,1.0646,1.0644
2015-07-29T07:12:00.000000Z,1.06465,1.06441
2015-07-29T07:12:10.000000Z,1.06476,1.06458
2015-07-29T07:12:20.000000Z,1.06503,1.06476
2015-07-29T07:12:30.000000Z,1.06496,1.06478
2015-07-29T07:12:40.000000Z,1.06502,1.06484
2015-07-29T07:12:50.000000Z,1.06532,1.06512
2015-07-29T07:13:00.000000Z,1.06518,1.06498
2015-07-29T07:13:10.000000Z,1.06507,1.06488
2015-07-29T07:13:20.000000Z,1.06507,1.06484
2015-07-29T07:13:30.000000Z,1.06486,1.06459
2015-07-29T07:13:40.000000Z,1.06481,1.06459
2015-07-29T07:13:50.000000Z,1.06459,1.06433
2015-07-29T07:14:00.000000Z,1.06489,1.06463
2015-07-29T07:14:10.000000Z,1.06493,1.06465
2015-07-29T07:14:20.000000Z,1.06503,1.06479
2015-07-29T07:14:30.000000Z,1.06494,1.06469
2015-07-29T07:14:40.000000Z,1.06483,1.0646
2015-07-29T07:14:50.000000Z,1.06475,1.06452
2015-07-29T07:15:10.000000Z,1.06458,1.06433
2015-07-29T07:15:20.000000Z,1.06457,1.0643
2015-07-29T07:15:30.000000Z,1.06458,1.06434
2015-07-29T07:15:40.000000Z,1.06461,1.06435
2015-07-29T07:15:50.000000Z,1.06461,1.06435
2015-07-29T07:16:00.000000Z,1.06458,1.06434
2015-07-29T07:16:10.000000Z,1.06447,1.06426
2015-07-29T07:16:20.000000Z,1.06442,1.06422
2015-07-29T07:16:30.000000Z,1.06441,1.06416
2015-07-29T07:16:40.000000Z,1.06437,1.06414
2015-07-29T07:16:50.000000Z,1.06444,1.06423
2015-07-29T07:17:00.000000Z,1.06461,1.06442
2015-07-29T07:17:10.000000Z,1.0648,1.06459
2015-07-29T07:17:20.000000Z,1.06469,1.06447
2015-07-29T07:17:30.000000Z,1.06471,1.0645
2015-07-29T07:17:50.000000Z,1.06479,1.06461
2015-07-29T07:18:00.000000Z,1.06477,1.06457
2015-07-29T07:18:10.000000Z,1.06475,1.06454
2015-07-29T07:18:20.000000Z,1.0647,1.0645
2015-07-29T07:18:30.000000Z,1.06452,1.06434
2015-07-29T07:18:40.000000Z,1.06461,1.0644
2015-07-29T07:18:50.000000Z,1.06471,1.06451
2015-07-29T07:19:00.000000Z,1.06466,1.06447
2015-07-29T07:19:10.000000Z,1.06465,1.06448
2015-07-29T07:19:20.000000Z,1.06462,1.06447
2015-07-29T07:19:40.000000Z,1.06465,1.06444
2015-07-29T07:19:50.000000Z,1.06466,1.06448
2015-07-29T07:20:00.000000Z,1.06456,1.06438
2015-07-29T07:20:10.000000Z,1.06457,1.06441
2015-07-29T07:20:30.000000Z,1.06463,1.06445
2015-07-29T07:20:40.000000Z,1.06467,1.06446
2015-07-29T07:20:50.000000Z,1.06468,1.06446
2015-07-29T07:21:00.000000Z,1.0648,1.06458
2015-07-29T07:21:10.000000Z,1.06474,1.06453
2015-07-29T07:21:20.000000Z,1.06465,1.06442
2015-07-29T07:21:30.000000Z,1.06465,1.06445
2015-07-29T07:21:40.000000Z,1.06466,1.06444
2015-07-29T07:21:50.000000Z,1.06457,1.06434
2015-07-29T07:22:00.000000Z,1.06457,1.06434
2015-07-29T07:22:10.000000Z,1.06443,1.06426
2015-07-29T07:22:20.000000Z,1.06441,1.06423
2015-07-29T07:22:40.000000Z,1.06421,1.06403
2015-07-29T07:22:50.000000Z,1.06425,1.06402
2015-07-29T07:23:00.000000Z,1.06421,1.06401
2015-07-29T07:23:10.000000Z,1.06422,1.06404
2015-07-29T07:23:20.000000Z,1.06427,1.06404
2015-07-29T07:23:30.000000Z,1.06427,1.06403
2015-07-29T07:23:40.000000Z,1.06444,1.06418
2015-07-29T07:23:50.000000Z,1.06457,1.06432
2015-07-29T07:24:00.000000Z,1.06452,1.06433
2015-07-29T07:24:20.000000Z,1.06445,1.06422
2015-07-29T07:24:30.000000Z,1.06429,1.06405
2015-07-29T07:24:40.000000Z,1.06425,1.06404
2015-07-29T07:25:00.000000Z,1.06425,1.06404
2015-07-29T07:25:10.000000Z,1.06428,1.06405
2015-07-29T07:25:40.000000Z,1.06432,1.0641
2015-07-29T07:25:50.000000Z,1.06433,1.06414
2015-07-29T07:26:00.000000Z,1.06431,1.06412
2015-07-29T07:26:10.000000Z,1.0642,1.06404
2015-07-29T07:26:20.000000Z,1.06428,1.06407
2015-07-29T07:26:30.000000Z,1.0643,1.06411
2015-07-29T07:26:50.000000Z,1.06434,1.06415
2015-07-29T07:27:00.000000Z,1.06433,1.06417
2015-07-29T07:27:10.000000Z,1.06451,1.06429
2015-07-29T07:27:20.000000Z,1.06453,1.06433
2015-07-29T07:27:40.000000Z,1.06446,1.06425
2015-07-29T07:27:50.000000Z,1.06447,1.06427
2015-07-29T07:28:00.000000Z,1.06443,1.06425
2015-07-29T07:28:10.000000Z,1.06441,1.06423
2015-07-29T07:28:20.000000Z,1.06452,1.0643
2015-07-29T07:28:30.000000Z,1.06453,1.06434
2015-07-29T07:28:40.000000Z,1.06455,1.06436
2015-07-29T07:28:50.000000Z,1.06453,1.06435
2015-07-29T07:29:00.000000Z,1.06455,1.06432
2015-07-29T07:29:10.000000Z,1.06457,1.06438
2015-07-29T07:29:20.000000Z,1.06456,1.06433
2015-07-29T07:29:30.000000Z,1.06452,1.06429
2015-07-29T07:29:40.000000Z,1.06454,1.06431
2015-07-29T07:29:50.000000Z,1.06448,1.06428
2015-07-29T07:30:00.000000Z,1.06434,1.06415
2015-07-29T07:30:10.000000Z,1.06441,1.06419
2015-07-29T07:30:20.000000Z,1.06424,1.064
2015-07-29T07:30:30.000000Z,1.06433,1.06409
2015-07-29T07:30:40.000000Z,1.06426,1.06404
2015-07-29T07:30:50.000000Z,1.06426,1.06406
2015-07-29T07:31:00.000000Z,1.06432,1.0641
2015-07-29T07:31:10.000000Z,1.06429,1.06409
2015-07-29T07:31:20.000000Z,1.06432,1.06411
2015-07-29T07:31:30.000000Z,1.06437,1.06415
2015-07-29T07:31:40.000000Z,1.0644,1.06417
2015-07-29T07:31:50.000000Z,1.06441,1.0642
2015-07-29T07:32:00.000000Z,1.06449,1.06426
2015-07-29T07:32:10.000000Z,1.06441,1.0642
2015-07-29T07:32:20.000000Z,1.06441,1.0642
2015-07-29T07:32:30.000000Z,1.06465,1.06441
2015-07-29T07:32:40.000000Z,1.06462,1.06435
2015-07-29T07:32:50.000000Z,1.06457,1.06435
2015-07-29T07:33:00.000000Z,1.06458,1.06433
2015-07-29T07:33:10.000000Z,1.06446,1.06422
2015-07-29T07:33:20.000000Z,1.06447,1.06421
2015-07-29T07:33:30.000000Z,1.06441,1.06418
2015-07-29T07:33:40.000000Z,1.06442,1.06421
2015-07-29T07:33:50.000000Z,1.06439,1.06417
2015-07-29T07:34:00.000000Z,1.06441,1.0642
2015-07-29T07:34:10.000000Z,1.06445,1.06426
2015-07-29T07:34:20.000000Z,1.06447,1.06428
2015-07-29T07:34:30.000000Z,1.0645,1.0643
2015-07-29T07:34:40.000000Z,1.06458,1.0644
2015-07-29T07:34:50.000000Z,1.06468,1.06449
2015-07-29T07:35:00.000000Z,1.06468,1.06448
2015-07-29T07:35:10.000000Z,1.0647,1.06451
2015-07-29T07:35:20.000000Z,1.0646,1.06435
2015-07-29T07:35:30.000000Z,1.06456,1.06438
2015-07-29T07:35:40.000000Z,1.0646,1.06438
2015-07-29T07:35:50.000000Z,1.06464,1.06444
2015-07-29T07:36:10.000000Z,1.06461,1.06443
2015-07-29T07:36:20.000000Z,1.06462,1.06441
2015-07-29T07:36:30.000000Z,1.06471,1.06451
2015-07-29T07:36:40.000000Z,1.06474,1.06458
2015-07-29T07:36:50.000000Z,1.06474,1.06457
2015-07-29T07:37:00.000000Z,1.06477,1.06455
2015-07-29T07:37:30.000000Z,1.06487,1.06469
2015-07-29T07:37:40.000000Z,1.06484,1.06467
2015-07-29T07:38:00.000000Z,1.06482,1.06464
2015-07-29T07:38:10.000000Z,1.06483,1.06467
2015-07-29T07:38:20.000000Z,1.0647,1.06451
2015-07-29T07:38:30.000000Z,1.06455,1.06436
2015-07-29T07:38:40.000000Z,1.06457,1.06439
2015-07-29T07:38:50.000000Z,1.06465,1.06441
2015-07-29T07:39:20.000000Z,1.0646,1.06441
2015-07-29T07:39:30.000000Z,1.0646,1.06441
2015-07-29T07:39:40.000000Z,1.06456,1.06435
2015-07-29T07:40:00.000000Z,1.0646,1.0644
2015-07-29T07:40:10.000000Z,1.06463,1.0644
2015-07-29T07:40:20.000000Z,1.06459,1.06439
2015-07-29T07:40:30.000000Z,1.06463,1.06441
2015-07-29T07:40:50.000000Z,1.06464,1.06444
2015-07-29T07:41:10.000000Z,1.06469,1.06449
2015-07-29T07:41:20.000000Z,1.06468,1.06449
2015-07-29T07:41:40.000000Z,1.06467,1.06445
2015-07-29T07:41:50.000000Z,1.06464,1.06443
2015-07-29T07:42:10.000000Z,1.06466,1.06446
2015-07-29T07:42:30.000000Z,1.06461,1.06441
2015-07-29T07:42:40.000000Z,1.06463,1.06443
2015-07-29T07:43:10.000000Z,1.06466,1.06444
2015-07-29T07:43:20.000000Z,1.06468,1.06448
2015-07-29T07:43:40.000000Z,1.06466,1.06446
2015-07-29T07:44:00.000000Z,1.06455,1.06435
2015-07-29T07:44:10.000000Z,1.06458,1.06437
2015-07-29T07:44:30.000000Z,1.0646,1.06441
2015-07-29T07:44:40.000000Z,1.06453,1.06434
2015-07-29T07:45:00.000000Z,1.06457,1.06439
2015-07-29T07:45:10.000000Z,1.06455,1.06437
2015-07-29T07:45:30.000000Z,1.06454,1.06433
2015-07-29T07:45:50.000000Z,1.06455,1.06436
2015-07-29T07:46:00.000000Z,1.06455,1.06431
2015-07-29T07:46:30.000000Z,1.06452,1.06434
2015-07-29T07:46:50.000000Z,1.06454,1.06432
2015-07-29T07:47:00.000000Z,1.06453,1.06433
2015-07-29T07:47:10.000000Z,1.06457,1.06437
2015-07-29T07:47:20.000000Z,1.0646,1.06439
2015-07-29T07:47:40.000000Z,1.06457,1.06437
2015-07-29T07:47:50.000000Z,1.0646,1.06439
2015-07-29T07:48:00.000000Z,1.06462,1.06441
2015-07-29T07:48:10.000000Z,1.06463,1.06441
2015-07-29T07:48:20.000000Z,1.06462,1.06441
2015-07-29T07:48:40.000000Z,1.06463,1.0644
2015-07-29T07:48:50.000000Z,1.06459,1.06435
2015-07-29T07:49:00.000000Z,1.06456,1.06434
2015-07-29T07:49:10.000000Z,1.06454,1.06435
2015-07-29T07:49:30.000000Z,1.06449,1.06431
2015-07-29T07:49:40.000000Z,1.06445,1.06422
2015-07-29T07:49:50.000000Z,1.06434,1.06418
2015-07-29T07:50:00.000000Z,1.06437,1.06414
2015-07-29T07:50:10.000000Z,1.06451,1.06433
2015-07-29T07:50:20.000000Z,1.06453,1.06433
2015-07-29T07:50:30.000000Z,1.06455,1.06436
2015-07-29T07:50:40.000000Z,1.0646,1.06441
2015-07-29T07:50:50.000000Z,1.0646,1.06441
2015-07-29T07:51:10.000000Z,1.0646,1.06442
2015-07-29T07:51:20.000000Z,1.06461,1.0644
2015-07-29T07:51:30.000000Z,1.0646,1.06441
2015-07-29T07:51:40.000000Z,1.06459,1.06438
2015-07-29T07:51:50.000000Z,1.06457,1.06435
2015-07-29T07:52:00.000000Z,1.06454,1.06432
2015-07-29T07:52:10.000000Z,1.06453,1.06434
2015-07-29T07:52:20.000000Z,1.06452,1.06435
2015-07-29T07:52:40.000000Z,1.06446,1.06428
2015-07-29T07:52:50.000000Z,1.06446,1.06427
2015-07-29T07:53:00.000000Z,1.06446,1.06431
2015-07-29T07:53:10.000000Z,1.06449,1.06433
2015-07-29T07:53:30.000000Z,1.06441,1.06417
2015-07-29T07:53:40.000000Z,1.06444,1.06424
2015-07-29T07:53:50.000000Z,1.0645,1.06427
2015-07-29T07:54:10.000000Z,1.06451,1.06427
2015-07-29T07:54:20.000000Z,1.0645,1.06427
2015-07-29T07:54:30.000000Z,1.06441,1.06423
2015-07-29T07:54:40.000000Z,1.06444,1.06424
2015-07-29T07:54:50.000000Z,1.0646,1.06438
2015-07-29T07:55:00.000000Z,1.06461,1.06442
2015-07-29T07:55:10.000000Z,1.06457,1.06437
2015-07-29T07:55:20.000000Z,1.06456,1.06438
2015-07-29T07:55:30.000000Z,1.06459,1.0644
2015-07-29T07:55:40.000000Z,1.06461,1.06442
2015-07-29T07:55:50.000000Z,1.0646,1.06443
2015-07-29T07:56:00.000000Z,1.06459,1.0644
2015-07-29T07:56:20.000000Z,1.06459,1.0644
2015-07-29T07:56:30.000000Z,1.06457,1.06437
2015-07-29T07:56:50.000000Z,1.0646,1.0644
2015-07-29T07:57:00.000000Z,1.0646,1.0644
2015-07-29T07:57:10.000000Z,1.06467,1.06444
2015-07-29T07:57:20.000000Z,1.06471,1.06448
2015-07-29T07:57:30.000000Z,1.06469,1.06446
2015-07-29T07:57:50.000000Z,1.06466,1.06445
2015-07-29T07:58:10.000000Z,1.06465,1.06441
2015-07-29T07:58:20.000000Z,1.06465,1.06445
2015-07-29T07:58:40.000000Z,1.06469,1.06447
2015-07-29T07:58:50.000000Z,1.06471,1.0645
2015-07-29T07:59:00.000000Z,1.06479,1.06457
2015-07-29T07:59:10.000000Z,1.06484,1.06462
2015-07-29T07:59:20.000000Z,1.06481,1.06459
2015-07-29T07:59:30.000000Z,1.0649,1.06466
2015-07-29T07:59:40.000000Z,1.06482,1.06463
2015-07-29T07:59:50.000000Z,1.06496,1.06482
2015-07-29T08:00:00.000000Z,1.06497,1.06485
2015-07-29T08:00:10.000000Z,1.06517,1.06493
2015-07-29T08:00:20.000000Z,1.06531,1.06508
2015-07-29T08:00:30.000000Z,1.06528,1.06503
2015-07-29T08:00:40.000000Z,1.06525,1.0651
2015-07-29T08:00:50.000000Z,1.06527,1.06504
2015-07-29T08:01:00.000000Z,1.06521,1.06505
2015-07-29T08:01:10.000000Z,1.06527,1.06504
2015-07-29T08:01:30.000000Z,1.06529,1.06507
2015-07-29T08:01:40.000000Z,1.06526,1.06509
2015-07-29T08:01:50.000000Z,1.06539,1.06519
2015-07-29T08:02:00.000000Z,1.0654,1.06514
2015-07-29T08:02:20.000000Z,1.06543,1.06519
2015-07-29T08:02:30.000000Z,1.06552,1.06526
2015-07-29T08:02:40.000000Z,1.06551,1.06526
2015-07-29T08:02:50.000000Z,1.06552,1.06525
2015-07-29T08:03:00.000000Z,1.06547,1.06521
2015-07-29T08:03:10.000000Z,1.06542,1.06517
2015-07-29T08:03:20.000000Z,1.06536,1.06512
2015-07-29T08:03:30.000000Z,1.06534,1.0651
2015-07-29T08:04:00.000000Z,1.06536,1.06512
2015-07-29T08:04:20.000000Z,1.06538,1.06515
2015-07-29T08:04:40.000000Z,1.06541,1.06513
2015-07-29T08:05:00.000000Z,1.06546,1.06521
2015-07-29T08:05:20.000000Z,1.06547,1.06525
2015-07-29T08:05:30.000000Z,1.06544,1.06524
2015-07-29T08:06:30.000000Z,1.06539,1.0652
2015-07-29T08:06:40.000000Z,1.06543,1.0652
2015-07-29T08:06:50.000000Z,1.06541,1.06518
2015-07-29T08:07:00.000000Z,1.06533,1.06516
2015-07-29T08:07:10.000000Z,1.06534,1.0651
2015-07-29T08:07:20.000000Z,1.06535,1.06514
2015-07-29T08:07:30.000000Z,1.06541,1.06522
2015-07-29T08:07:40.000000Z,1.06541,1.06518
2015-07-29T08:08:10.000000Z,1.06546,1.06521
2015-07-29T08:08:20.000000Z,1.06543,1.0652
2015-07-29T08:08:30.000000Z,1.06542,1.06517
2015-07-29T08:08:40.000000Z,1.06548,1.0652
2015-07-29T08:08:50.000000Z,1.06544,1.06519
2015-07-29T08:09:00.000000Z,1.06548,1.0652
2015-07-29T08:09:10.000000Z,1.06542,1.06516
2015-07-29T08:09:20.000000Z,1.06535,1.06514
2015-07-29T08:09:30.000000Z,1.06537,1.06516
2015-07-29T08:10:00.000000Z,1.06518,1.06503
2015-07-29T08:10:10.000000Z,1.06505,1.06479
2015-07-29T08:10:20.000000Z,1.06497,1.06466
2015-07-29T08:10:30.000000Z,1.06492,1.06466
2015-07-29T08:10:40.000000Z,1.06487,1.06462
2015-07-29T08:10:50.000000Z,1.06492,1.06467
2015-07-29T08:11:00.000000Z,1.06498,1.06473
2015-07-29T08:11:20.000000Z,1.06497,1.06474
2015-07-29T08:11:40.000000Z,1.06495,1.06471
2015-07-29T08:11:50.000000Z,1.06464,1.06445
2015-07-29T08:12:00.000000Z,1.06468,1.06446
2015-07-29T08:12:10.000000Z,1.06488,1.06465
2015-07-29T08:12:20.000000Z,1.06488,1.06465
2015-07-29T08:12:30.000000Z,1.06493,1.06469
2015-07-29T08:12:40.000000Z,1.06491,1.06467
2015-07-29T08:12:50.000000Z,1.06491,1.06467
2015-07-29T08:13:00.000000Z,1.06492,1.0647
2015-07-29T08:13:10.000000Z,1.06487,1.06466
2015-07-29T08:13:20.000000Z,1.06485,1.06463
2015-07-29T08:13:30.000000Z,1.06484,1.0646
2015-07-29T08:13:40.000000Z,1.06479,1.06458
2015-07-29T08:13:50.000000Z,1.06481,1.06461
2015-07-29T08:14:00.000000Z,1.0649,1.06467
2015-07-29T08:14:10.000000Z,1.06496,1.06475
2015-07-29T08:14:40.000000Z,1.06495,1.06477
2015-07-29T08:15:00.000000Z,1.06498,1.06479
2015-07-29T08:15:10.000000Z,1.06499,1.06477
2015-07-29T08:15:20.000000Z,1.06505,1.06482
2015-07-29T08:15:50.000000Z,1.06497,1.06477
2015-07-29T08:16:00.000000Z,1.06494,1.06475
2015-07-29T08:16:10.000000Z,1.06492,1.06473
2015-07-29T08:16:20.000000Z,1.06494,1.06475
2015-07-29T08:16:40.000000Z,1.06486,1.06464
2015-07-29T08:17:10.000000Z,1.06485,1.0647
2015-07-29T08:17:20.000000Z,1.06476,1.06455
2015-07-29T08:17:30.000000Z,1.06469,1.06454
2015-07-29T08:17:40.000000Z,1.06466,1.06446
2015-07-29T08:18:00.000000Z,1.06465,1.06445
2015-07-29T08:18:10.000000Z,1.06475,1.06456
2015-07-29T08:18:50.000000Z,1.0648,1.06457
2015-07-29T08:19:00.000000Z,1.06479,1.06458
2015-07-29T08:19:30.000000Z,1.06464,1.06439
2015-07-29T08:19:40.000000Z,1.06459,1.06436
2015-07-29T08:19:50.000000Z,1.06459,1.0644
2015-07-29T08:20:00.000000Z,1.06461,1.06443
2015-07-29T08:20:20.000000Z,1.06474,1.06453
2015-07-29T08:20:30.000000Z,1.0649,1.06469
2015-07-29T08:20:40.000000Z,1.06502,1.06481
2015-07-29T08:21:00.000000Z,1.06507,1.06486
2015-07-29T08:21:10.000000Z,1.06506,1.06483
2015-07-29T08:21:20.000000Z,1.06496,1.06474
2015-07-29T08:21:40.000000Z,1.06498,1.06476
2015-07-29T08:22:20.000000Z,1.06495,1.06474
2015-07-29T08:22:30.000000Z,1.06484,1.06465
2015-07-29T08:22:40.000000Z,1.06477,1.06458
2015-07-29T08:23:00.000000Z,1.06467,1.06447
2015-07-29T08:23:10.000000Z,1.06467,1.06447
2015-07-29T08:23:20.000000Z,1.06467,1.06446
2015-07-29T08:23:40.000000Z,1.06463,1.06446
2015-07-29T08:23:50.000000Z,1.06463,1.06446
2015-07-29T08:24:00.000000Z,1.06463,1.06445
2015-07-29T08:24:20.000000Z,1.06462,1.06442
2015-07-29T08:24:30.000000Z,1.06472,1.06451
2015-07-29T08:24:40.000000Z,1.06493,1.06473
2015-07-29T08:24:50.000000Z,1.06494,1.06473
2015-07-29T08:25:00.000000Z,1.06521,1.06497
2015-07-29T08:25:10.000000Z,1.0652,1.06499
2015-07-29T08:25:20.000000Z,1.06533,1.0651
2015-07-29T08:25:30.000000Z,1.06528,1.06504
2015-07-29T08:25:40.000000Z,1.06532,1.06511
2015-07-29T08:25:50.000000Z,1.06527,1.06506
2015-07-29T08:26:00.000000Z,1.06535,1.06511
2015-07-29T08:26:10.000000Z,1.0654,1.06521
2015-07-29T08:26:20.000000Z,1.06544,1.06526
2015-07-29T08:26:30.000000Z,1.06561,1.06536
2015-07-29T08:26:40.000000Z,1.06576,1.06552
2015-07-29T08:26:50.000000Z,1.06574,1.06555
2015-07-29T08:27:00.000000Z,1.06553,1.06532
2015-07-29T08:27:10.000000Z,1.06544,1.06524
2015-07-29T08:27:20.000000Z,1.06558,1.06534
2015-07-29T08:27:30.000000Z,1.06537,1.06513
2015-07-29T08:27:40.000000Z,1.06524,1.06502
2015-07-29T08:27:50.000000Z,1.06525,1.065
2015-07-29T08:28:00.000000Z,1.06501,1.06482
2015-07-29T08:28:10.000000Z,1.06501,1.06483
2015-07-29T08:28:20.000000Z,1.06503,1.06486
2015-07-29T08:28:30.000000Z,1.06459,1.06436
2015-07-29T08:28:40.000000Z,1.06475,1.06454
2015-07-29T08:28:50.000000Z,1.0647,1.06443
2015-07-29T08:29:00.000000Z,1.06477,1.06452
2015-07-29T08:29:10.000000Z,1.06488,1.06465
2015-07-29T08:29:20.000000Z,1.06492,1.0647
2015-07-29T08:29:30.000000Z,1.06503,1.06482
2015-07-29T08:29:40.000000Z,1.06503,1.06483
2015-07-29T08:29:50.000000Z,1.06501,1.06476
2015-07-29T08:30:00.000000Z,1.06498,1.06478
2015-07-29T08:30:10.000000Z,1.06494,1.06477
2015-07-29T08:30:20.000000Z,1.06497,1.06474
2015-07-29T08:30:30.000000Z,1.06497,1.06475
2015-07-29T08:30:40.000000Z,1.06482,1.06462
2015-07-29T08:30:50.000000Z,1.06487,1.06462
2015-07-29T08:31:00.000000Z,1.06493,1.0647
2015-07-29T08:31:10.000000Z,1.065,1.06482
2015-07-29T08:31:20.000000Z,1.06486,1.06462
2015-07-29T08:31:30.000000Z,1.06484,1.06464
2015-07-29T08:31:40.000000Z,1.06494,1.06472
2015-07-29T08:31:50.000000Z,1.06491,1.06471
2015-07-29T08:32:00.000000Z,1.06495,1.06474
2015-07-29T08:32:10.000000Z,1.06513,1.06491
2015-07-29T08:32:20.000000Z,1.06508,1.06487
2015-07-29T08:32:30.000000Z,1.06516,1.06493
2015-07-29T08:32:40.000000Z,1.06535,1.06514
2015-07-29T08:32:50.000000Z,1.0653,1.06508
2015-07-29T08:33:00.000000Z,1.06531,1.06506
2015-07-29T08:33:10.000000Z,1.06541,1.0652
2015-07-29T08:33:20.000000Z,1.06543,1.06522
2015-07-29T08:33:30.000000Z,1.06545,1.06523
2015-07-29T08:33:40.000000Z,1.06549,1.06527
2015-07-29T08:33:50.000000Z,1.06545,1.06521
2015-07-29T08:34:00.000000Z,1.06536,1.0651
2015-07-29T08:34:10.000000Z,1.06512,1.06493
2015-07-29T08:34:20.000000Z,1.0651,1.06494
2015-07-29T08:34:30.000000Z,1.06517,1.06497
2015-07-29T08:34:40.000000Z,1.06516,1.06498
2015-07-29T08:34:50.000000Z,1.06514,1.06495
2015-07-29T08:35:00.000000Z,1.06514,1.06495
2015-07-29T08:35:10.000000Z,1.06496,1.06476
2015-07-29T08:35:20.000000Z,1.06489,1.06468
2015-07-29T08:35:30.000000Z,1.06489,1.06473
2015-07-29T08:35:40.000000Z,1.06488,1.06468
2015-07-29T08:35:50.000000Z,1.06495,1.06476
2015-07-29T08:36:00.000000Z,1.06492,1.06475
2015-07-29T08:36:10.000000Z,1.06486,1.06471
2015-07-29T08:36:20.000000Z,1.06487,1.06468
2015-07-29T08:36:30.000000Z,1.06487,1.06468
2015-07-29T08:36:40.000000Z,1.06488,1.06467
2015-07-29T08:36:50.000000Z,1.06484,1.06466
2015-07-29T08:37:00.000000Z,1.06478,1.06458
2015-07-29T08:37:10.000000Z,1.06487,1.06467
2015-07-29T08:37:20.000000Z,1.06486,1.06463
2015-07-29T08:37:30.000000Z,1.06486,1.06467
2015-07-29T08:37:40.000000Z,1.06485,1.06468
2015-07-29T08:38:00.000000Z,1.06492,1.06474
2015-07-29T08:38:10.000000Z,1.06485,1.06467
2015-07-29T08:38:20.000000Z,1.06484,1.06468
2015-07-29T08:38:30.000000Z,1.06484,1.0646
2015-07-29T08:39:00.000000Z,1.06479,1.0646
2015-07-29T08:39:20.000000Z,1.06491,1.06475
2015-07-29T08:39:30.000000Z,1.06488,1.06474
2015-07-29T08:39:50.000000Z,1.06483,1.06466
2015-07-29T08:40:00.000000Z,1.06483,1.06466
2015-07-29T08:40:10.000000Z,1.06478,1.06463
2015-07-29T08:40:20.000000Z,1.06495,1.06481
2015-07-29T08:40:30.000000Z,1.06493,1.06479
2015-07-29T08:40:40.000000Z,1.06485,1.0647
2015-07-29T08:40:50.000000Z,1.06479,1.06462
2015-07-29T08:41:00.000000Z,1.06471,1.06454
2015-07-29T08:41:10.000000Z,1.06465,1.0645
2015-07-29T08:41:20.000000Z,1.06463,1.06442
2015-07-29T08:41:30.000000Z,1.0647,1.06449
2015-07-29T08:41:40.000000Z,1.06474,1.06454
2015-07-29T08:41:50.000000Z,1.06466,1.06443
2015-07-29T08:42:00.000000Z,1.0647,1.06447
2015-07-29T08:42:30.000000Z,1.06469,1.06448
2015-07-29T08:42:40.000000Z,1.06472,1.06454
2015-07-29T08:42:50.000000Z,1.06472,1.0645
2015-07-29T08:43:20.000000Z,1.06472,1.06454
